1832 3152
303 153 408 208 322
882 165 1154 208 AGATHIAE

106 268 146 303 A·
169 267 563 324 (ἶ-558ἆμυντηριάς.
615 265 885 318 ἐτεθνήκεσαν
924 267 970 306 δὲ
1010 262 1147 307 αὐτῶν
1181 268 1258 319 μὲν
1295 263 1409 324 ἀμφὶ
1439 267 1535 316 τοὺς
1562 281 1707 323 τετρα-

161 315 477 383 1‘1'322061'0219,
513 331 730 382 Ῥωμαίων
769 329 815 370 δὲ
854 324 967 377 ὅστις
1007 330 1158 378 οὐδείς·
1209 331 1337 382 μόνον
1380 333 1426 372 δὲ
1453 330 1708 386 τραυματίαι

297 393 424 448 ὄλίγοι
451 395 694 447 ἐγεγένηντο.
758 390 875 444 μόλις
902 390 951 446 δὴ
980 389 1052 434 οὖν
1080 393 1300 448 Ζαβεργοὶν
1325 410 1370 436 τε
1398 394 1420 436 ὅ
1449 393 1611 449 ἡγεμών
1638 394 1710 435 καὶ

255 460 333 500 Coi
370 457 611 514 ἐκφυγόντες
641 452 810 509 ἄσμενοι
854 458 895 504 ἐς
936 453 981 497 τό
1021 457 1295 511 στρατόπεδον
1336 460 1482 501 ἵκοντο·
1546 458 1584 500 οἱ
1621 459 1699 514 γὰρ

297 522 348 578 δι’]
376 525 459 564 τῶν
482 521 694 574 Ῥωμαίων
736 523 851 561 ἵπποι
887 520 988 575 πρὸς
1024 519 1100 574 τὴν
1139 523 1276 571 δίωξιν
1311 519 1587 578 ἀπειρηκότες,
1640 524 1729 564 αι’-5

298 588 486 629 τιώτατοι
518 583 652 634 αὐτοῖς
686 587 758 626 τοῦ
779 591 979 640 περιεῖναι
1016 586 1268 638 γεγένηνται,
1303 585 1393 627 ἐπεὶ
1429 584 1480 627 ἂν
1515 584 1706 640 αὖτοβοεί

298 649 483 700 ἅπαντας
511 650 840 704 κατειργάσαντο.
877 650 952 690 νῦν
980 650 1025 689 δὲ
1049 648 1086 689 οἱ
1112 650 1189 701 μὲν
1222 655 1304 698 τοῖς
1327 649 1601 705 χαρακώμασι
1627 650 1704 692 σὺν

289 715 463 772 πλείστῳ
506 714 672 773 θορύβῳ
712 710 979 766 ἐμβαλόντες,
1024 711 1301 767 συνεκύκησαν
1337 711 1447 755 ἅπαν
1481 713 1529 756 τὸ
1564 713 1704 757 λοιπὸν

291 779 551 835 στράτευμα,
579 775 918 831 ὑποτοπήσαντας
947 773 1094 818 αὖτίκα
1121 776 1236 829 μα’λα
1265 779 1600 833 διαφθερεϊσθαι.
1643 779 1704 820 οἰ-

284 841 400 898 μωγή
428 859 470 884 τε
511 839 675 896 ἠκούετο
712 840 851 896 μακρὰ
887 840 1131 896 βαρβαρική·
1186 847 1270 889 τοῖς
1305 840 1381 897 γιὶρ
1411 844 1605 898 ξιφιδίοις
1627 841 1754 891 τὰςιο

286 906 462 961 παρειὰς
491 905 812 957 καταξαίνοντες,
841 904 1106 960 ὠλοφύροντο
1134 903 1237 946 κατὰ
1266 904 1339 946 τὸν
1359 904 1532 961 πάτριον
1559 905 1700 959 νόμον.

281 973 487 1023 “Ρωμαι”οι
516 971 562 1011 δὲ
588 968 664 1010 σ’ὑν
690 970 923 1026 Βελισαρίῳ
952 965 1191 1024 ἀπεχώρουν
1218 971 1260 1019 ἐς
1287 969 1337 1010 τὰ
1369 969 1522 1022 ὀπίσω,
1564 970 1699 1025 κρείτ-

282 1051 382 1076 τονα
409 1037 486 1086 μὲν
513 1035 674 1081 ἐλπίδος
701 1031 756 1082 ὥς
783 1034 828 1074 ἐκ
855 1032 938 1075 τῶν
965 1031 1180 1088 παρόντων
1208 1033 1530 1090 διαπραξάμενοι
1543 1067 1556 1087 ,
1599 1029 1698 1084 ἄξια

243 1102 333 1141 nd&
362 1095 473 1151 ὅμως
499 1101 572 1153 τῆς
601 1099 676 1139 τοῦ
703 1098 930 1152 στρατηγοῦ
954 1097 1220 1151 προμηθείας.
1259 1096 1404 1139 τούτου
1434 1099 1480 1138 δὲ
1518 1099 1591 1139 τοῦ
1617 1095 1698 1139 πιέ-

285 1167 389 1212 θους
416 1169 502 1212 τοῖς
528 1161 756 1217 βαρβάροις
782 1164 1106 1214 ξυνενεχθέντος,
1160 1161 1311 1202 αὐτίκα
1340 1163 1424 1215 οἵγε
1452 1156 1623 1216 ἄραντες
1647 1162 1746 1203 ἔκιό

284 1225 586 1278 Μελαντιάδος,
615 1223 769 1283 ᾤχοντο
797 1227 840 1273 ἐς
865 1223 915 1266 τὰ
945 1224 1072 1266 ὀπίσω
1099 1226 1392 1280 πεφοβημένοι.
1453 1223 1696 1280 Βελισάριος

283 1293 330 1332 δὲ
370 1291 500 1331 καίτοι
541 1289 643 1330 κατὰ
673 1283 719 1329 τό
749 1287 857 1336 εἰκὸς
893 1285 978 1337 οἷός
1016 1304 1061 1329 τε
1102 1284 1162 1330 α’)’ν
1203 1285 1355 1336 αὐτοὺς
1394 1289 1696 1343 πορευομένους

280 1354 437 1407 μᾶλλόν
464 1369 505 1394 τι
532 1351 870 1407 διαχειρίσασθαι
898 1351 970 1392 καί
994 1353 1200 1406 πημῆναι,
1240 1351 1507 1404 ἐπισπόμενος
1532 1348 1697 1407 ἀνθρώ-

280 1433 371 1466 ποις
399 1412 477 1471 ἦδη
505 1414 790 1470 κατεπτηχόσι,
835 1417 906 1457 καί
933 1412 1020 1458 οἷον
1050 1414 1185 1470 φυγήν
1211 1414 1286 1469 τὴν
1314 1412 1577 1470 ἀναχώρησιν
1602 1431 1695 1456 ποι-

280 1483 478 1534 ουμένοις·
506 1477 526 1520 ὃ
554 1481 599 1521 δὲ
626 1477 756 1528 εὐθὺς
783 1475 892 1532 ὅμως
918 1477 1000 1520 ἀνὰ
1029 1477 1104 1533 τὴν
1132 1479 1250 1520 πόλιν
1285 1479 1453 1535 ἐπανῄει
1491 1479 1540 1519 οὔ
1578 1477 1745 1532 μάλααο

279 1541 407 1596 ἑκών,
445 1540 536 1584 ἀλλ’
573 1545 618 1585 ἐκ
642 1545 844 1596 βασιλέως
872 1539 985 1599 αὐτῷ
1023 1544 1380 1597 προστεταγμένον.
1434 1540 1575 1598 ἐπειδὴ
1612 1541 1690 1598 γὰρ

278 1607 384 1658 ἅπας
412 1608 435 1650 ὅ
460 1609 600 1663 δῆμος,
627 1609 702 1648 τοῦ
717 1606 834 1662 ἔργου
859 1607 1002 1663 σφίσιν
1029 1604 1343 1661 ἆπηγγελμένου,
1369 1601 1472 1663 ᾖδον
1497 1622 1540 1649 τε
1567 1604 1693 1649 αὗτόν

279 1677 348 1715 καί
371 1670 575 1724 ἆνύμνουν
604 1671 705 1713 κατὰ
735 1670 966 1725 ξυλλόγους,
994 1671 1051 1720 ὥς
1078 1669 1151 1711 ὑπ’
1177 1670 1333 1712 ἐκείνου
1360 1673 1690 1726 περιφανέστατα

365 1773 395 1794 2.
414 1760 596 1806 *Ρωμαῖοι
621 1760 659 1795 R.
763 1758 795 1801 4.
822 1757 953 1799 ἥκοντα
981 1758 1019 1794 R.
1139 1759 1174 1795 6.
1198 1758 1261 1791 Pro
1287 1755 1335 1792 ἂν
1356 1759 1394 1792 R.
1419 1756 1468 1792 δὲ.
1498 1758 1501 1762 ’
1535 1783 1538 1786 ⁴
1605 1758 1685 1791 αὐτ.

365 1805 496 1839 «tuan.
522 1807 573 1844 R.‚
599 1802 729 1836 ἅπαντ.
754 1805 834 1840 αὐτ.
860 1804 952 1848 vulg.
1037 1814 1067 1847 7.
1090 1803 1162 1848 μὲν
1182 1803 1224 1837 ἐν
1247 1807 1326 1840 τοῖς
1347 1803 1438 1848 vulg.
1541 1815 1575 1848 9.
1601 1802 1687 1836 δια-

365 1853 600 1896 φθαρεῖσθαι
632 1850 668 1881 Β.
818 1861 867 1881 ιι.
910 1849 1190 1887 καταξαίνοντες
1219 1849 1276 1889 Β.,
1302 1847 1570 1888 καταξάνοντες
1591 1850 1683 1894 vulg.

370 1900 419 1932 18.
440 1894 691 1940 ἐπισπόμενος
702 1894 738 1926 R.
761 1893 856 1940 (CL),
880 1894 1140 1939 ἐπισπώμενος
1161 1893 1254 1938 vulg.

274 1994 345 2026 bat.
386 1993 486 2026 Caesi
510 1993 629 2036 itaque
654 1994 736 2024 sunt
759 2001 802 2023 ex
829 1989 874 2023 iis
900 1989 1040 2024 circiter
1063 1989 1323 2036 quadringenti,
1347 2000 1366 2022 e
1391 1989 1555 2023 Romanis
1578 2001 1683 2024 nemo

275 2039 514 2079 desideratus3
549 2037 651 2081 pauci
678 2040 814 2069 tantum
836 2036 1031 2069 vulnerati:
1067 2046 1169 2080 aegre
1192 2046 1273 2068 vcro
1301 2041 1338 2068 et
1369 2036 1543 2080 Zabergan
1579 2036 1682 2068 Hun-

273 2096 399 2117 norum
427 2083 635 2127 praefectus,
661 2087 698 2115 et
721 2082 782 2127 qui
807 2093 884 2114 cum
904 2093 946 2114 eo
972 2083 1174 2125 effugerant,
1199 2081 1284 2114 laeti
1311 2083 1348 2112 in
1372 2086 1484 2114 castra
1509 2091 1681 2125 pervene-

275 2136 366 2163 runt.
423 2131 657 2161 Romanorum
691 2129 785 2160 enim
820 2128 903 2172 equi
943 2127 1150 2159 insectando
1186 2126 1391 2170 defatigati,
1444 2127 1594 2159 maxima
1629 2127 1680 2160 eis

275 2186 378 2208 causa
411 2175 533 2207 salutis
563 2175 683 2206 fuere:
723 2173 883 2219 alioquin
917 2172 961 2205 ad
993 2183 1101 2204 unum
1125 2183 1245 2204 omnes
1281 2183 1322 2204 eo
1348 2171 1408 2204 die
1432 2171 1678 2205 trucidassent.

276 2221 378 2254 Nunc
410 2230 491 2252 vero
527 2230 606 2251 cum
642 2218 682 2251 hi
718 2219 756 2251 in
787 2219 919 2250 vanum
949 2218 1237 2261 munitionesque
1271 2228 1348 2250 suas
1372 2227 1496 2261 magno
1521 2227 1599 2250 cum
1622 2222 1681 2250 tu·-

276 2266 388 2298 multu
412 2265 653 2309 proruissent,
693 2264 869 2309 reliquum
893 2264 1095 2295 universum
1120 2263 1313 2295 exercitum
1335 2263 1564 2296 vehementer
1594 2274 1680 2296 con-

278 2311 484 2350 turbarunt,
519 2309 630 2342 veluti
658 2310 850 2343 certissimo
877 2310 986 2341 exitio
1024 2308 1166 2341 iamiam
1198 2309 1413 2342 imminente.
1462 2308 1587 2352 Ingens
1611 2309 1680 2341 ita-

277 2368 347 2402 quc
378 2355 606 2388 barbarorum
641 2355 795 2387 eiulatus
830 2353 1102 2387 exaudiebatur:
1150 2354 1273 2386 cultris
1311 2355 1407 2386 enim
1443 2364 1548 2397 genas
1582 2353 1678 2386 lace-

279 2408 416 2441 rantes,
440 2401 555 2445 patrio
580 2410 678 2432 more
704 2400 878 2444 lugebant.
939 2399 1083 2432 Rom'ani
1109 2404 1226 2431 autem
1251 2410 1330 2432 cum
1353 2399 1521 2432 Belisario
1545 2398 1588 2430 ad
1614 2409 1677 2431 sua

277 2447 478 2486 redierunt,
507 2456 543 2478 re
567 2445 694 2477 melius
725 2457 830 2489 quam
863 2450 1044 2487 sperarant
1069 2450 1182 2489 gesta,
1213 2444 1319 2489 digno
1346 2442 1466 2477 tamen
1488 2443 1678 2488 prudentia

279 2493 378 2526 ducis
406 2497 544 2526 eventu.
590 2490 733 2523 Barbari
761 2500 846 2523 vero
879 2489 944 2522 hac
966 2489 1064 2523 clade
1089 2494 1251 2534 accepta,
1284 2491 1388 2523 motis
1414 2489 1530 2522 statim
1557 2499 1577 2520 e
1599 2488 1678 2521 Me-

276 2538 434 2571 lantiade
460 2535 594 2575 castris,
619 2540 807 2569 retrorsum
830 2535 962 2579 trepidi
986 2546 1129 2568 cessere.
1176 2536 1364 2568 Belisarius
1389 2539 1516 2574 autem,
1538 2534 1677 2566 tametsi

275 2583 515 2625 verisimiliter
540 2592 600 2614 eos
625 2581 793 2614 abeuntes
821 2582 953 2614 maiore
983 2586 1094 2625 strage
1117 2591 1155 2613 ac
1178 2580 1304 2614 damno
1331 2580 1466 2613 afficere
1487 2579 1676 2623 potuisset,
1721 2595 1732 2606 ·

278 2634 403 2673 utpote
434 2628 594 2661 homines
627 2628 695 2659 iam
721 2631 816 2660 metu
840 2627 1018 2670 perculsos
1041 2628 1242 2667 insectans,
1283 2637 1361 2659 cum
1395 2625 1497 2702 suffiae
1522 2624 1683 2657 similem·

279 2674 529 2707 discessionem
562 2673 740 2713 facerent,
773 2671 1005 2705 nihilominus
1037 2677 1153 2704 tamen
1191 2672 1307 2705 statim
1330 2673 1368 2704 iu
1399 2681 1442 2703 ur
1470 2680 1523 2703 em
1556 2669 1675 2711 rediit3

278 2719 388 2765 idque
408 2731 481 2754 nou
503 2724 575 2752 tam
600 2729 643 2751 ex
663 2718 773 2752 animi
796 2718 850 2752 sui
867 2718 1056 2759 sententia,
1080 2729 1184 2763 quam
1202 2716 1426 2763 Imperatoris
1449 2717 1557 2752 iussu.
1586 2713 1674 2748 Curn
