1832 3152
581 138 964 198 fflsTO'mARUM
994 159 1063 200 1v.
1090 160 1159 204 30.
1303 153 1306 155 ’
1432 205 1435 212 k
1471 138 1581 215 273

236 252 297 303 λ’.
347 255 477 302 ’Λλλιὶ
505 256 586 314 γὰρ
623 259 699 300 οὖκ
732 253 826 301 οἶδα
859 254 1086 312 ὅντινάμε
1119 257 1271 315 τρόπον
1301 258 1328 313 ἦ
1358 259 1432 301 τοῦ
1460 257 1762 313 λόγουΑ-(ἷ-ὅόθ

138 325 251 384 φορὰ
287 326 614 381 παραλαβοῦσα,
643 323 716 366 καί
741 326 799 382 τῷ
834 322 1079 383 ἄξιαγάστῳ,
1108 319 1237 378 οἶμαι,
1272 326 1356 366 τῶν
1394 307 1716 380 πρηῖξζεωνιᾶ·3ο

135 393 333 448 ἦδομένη,
362 393 406 439 ἐς
428 390 522 431 τόδε
545 385 672 445 ἤγαγε
698 393 958 446 προπετείας,
988 391 1046 441 ὥς
1062 389 1113 432 τὰ
1138 393 1183 432 ἐν
1201 392 1315 448 μέσῳ
1341 390 1578 446 ὑπερβάντα

135 460 219 500 τῶν
249 446 509 513 ποᾷῥωτάτῶ
542 458 866 511 ἐπιμνησθῆναι.
915 457 1060 498 οὖκοῧν
1093 453 1237 511 ἐπειδὴ
1263 457 1336 497 νῦν
1360 457 1461 510 γοῦν
1487 457 1584 497 ἐπέ·-

109 523 243 579 5γνων
269 519 366 564 ὅποι
393 518 598 578 ἀφῖγμαι,
628 524 701 564 καί
722 519 820 565 ὅθεν
850 524 1015 578 ἐξέβην,
1045 524 1180 564 ἐκεῖνα
1204 523 1283 574 μὲν
1305 522 1448 563 ἐατέον
1482 519 1584 577 πρὸς

131 586 348 645 ’τὸ-παρὸν,
371 588 417 630 ἐν
439 593 524 638 τοῖς
546 587 710 638 οἰκείοις
728 585 1106 645 ἆναγραφησόμενα
1125 586 1311 642 χωρίοις·
1331 586 1520 641 ἐπανήξω
1535 587 1584 627 δὲ

131 649 260 703 αὖθις
278 655 322 704 ἐς
344 652 392 695 τὸ
412 656 579 708 ξυνεχὲς
598 653 672 695 καί
693 654 926 696 ἀκόλουθον
942 655 1026 695 τῶν
1039 653 1267 710 προτέρων.
1291 648 1375 707 ἥτε
1397 649 1477 707 γάρ
1499 653 1583 693 τῶν

131 721 356 776 Περσικῶν
395 721 604 774 βασιλέων
641 718 815 776 διαδοχὴ
856 718 928 762 καί
958 718 980 760 ὅ
1003 721 1086 760 τῶν
1114 720 1318 760 ἐνιαυτῶν
1348 716 1582 770 κατάλογος,

133 787 216 839 καί,
236 780 476 840 συλλήβδην
497 784 650 842 φάναι,
679 781 787 828 ἅπαν
809 801 882 839 μοι
902 783 949 826 τὸ
974 785 1272 839 ἐπηγγελμένον
1290 784 1572 837 ξυνετελέσθης
1584 789 1620 824 Ρ.
1636 786 1704 826 illl.

83 848 254 904 Ιοοῗμαι
278 853 324 893 δὲ
359 845 464 906 ὂῖγαν
487 851 629 906 ἀληθῆ
649 853 783 893 ταῦτα
807 850 1060 892 καθεστάναι
1088 852 1159 892 καί
1174 852 1217 898 ἐς
1240 847 1285 890 τὸ
1308 845 1476 903 ἆκριβὲς
1501 850 1618 890 e'u-V.
1632 864 1678 897 99

135 917 426 971 πεπονημένα,
451 914 508 965 ὥς
539 915 589 971 δη
617 919 662 958 ἐκ
690 916 772 958 τῶν
793 918 1018 971 Περσικῶν
1051 915 1208 969 βιβλων
1242 905 1582 969 μεταληφθέντα.

133 981 306 1038 Σεργίου
344 980 424 1036 γάρ
461 982 536 1023 τοῦ
570 978 778 1037 ἑρμηνέως
810 983 942 1023 ἐκεῖσε
975 982 1222 1035 γενομένου,
1265 981 1336 1021 καί
1363 978 1463 1028 τοὺς
1497 981 1581 1020 τῶν

114 1049 355 1102 βασιλικῶν
388 1047 831 1102 ἀπομνημονευμάτων
859 1047 1076 1103 φρουρούς
1098 1062 1142 1086 τε
1165 1048 1240 1087 καί
1263 1045 1484 1093 ἐπιστάτας
1502 1061 1580 1097 με-

127 1111 336 1155 ταδοῦναί
369 1111 407 1154 οἱ
433 1115 508 1167 τῆς
539 1111 638 1167 περὶ
659 1114 792 1154 ταῦτα
815 1114 980 1168 γραφῆς
1012 1110 1374 1167 ἐκλιπαρήσαντος,
1407 1108 1579 1166 (πολλά-

79 1183 194 1228 ιόκις
217 1176 297 1234 γὰρ
324 1175 451 1220 αὕτὸν
474 1179 517 1226 ἐς
540 1180 658 1220 τοῦτο
691 1179 934 1234 προτρέψας
963 1177 1224 1232 ἐτύγχανον,)
1251 1177 1503 1232 προσθέντος
1527 1176 1574 1216 δὲ

127 1245 200 1285 καί
219 1242 292 1298 τὴν
313 1243 477 1296 αἰτίαν,
506 1242 563 1293 ὥς
592 1239 665 1285 οὐκ
687 1238 812 1284 ἄλλου
838 1257 911 1284 του
935 1241 1065 1297 χάριν
1097 1243 1236 1297 ζητοίη
1261 1243 1390 1283 τῶνδε
1418 1245 1576 1294 τυχεῖν,

125 1304 279 1365 ἢῶστε
306 1310 378 1350 καί
395 1311 495 1365 παρ’
512 1309 614 1364 ἡμῖν
636 1309 885 1364 ἅνάγραπτα
917 1307 1092 1350 ἔσεσθαι
1113 1305 1164 1350 τά
1200 1306 1347 1362 σφίσιν
1368 1306 1576 1360 ἐγνωσμέ-

125 1388 180 1416 να
213 1376 288 1416 καί
320 1373 437 1427 τᾴιια
457 1407 470 1426 ,
498 1376 710 1430 παρέσχον
748 1372 879 1423 εὐθὺς
901 1368 949 1414 εὖ
978 1389 1023 1427 γε
1053 1374 1263 1421 ποιοῦντες
1299 1373 1470 1423 ἐκεῖνοι,
1501 1369 1575 1411 οὐκ

129 1433 260 1496 ἄχαρι
279 1438 326 1482 τὸ
350 1440 496 1495 χρῆμα
517 1437 740 1495 ἡγούμενοι
766 1436 872 1481 εἶναι
888 1473 901 1492 ,
924 1437 1029 1480 ἀλλὰ
1057 1437 1129 1480 καί
1144 1439 1250 1492 πρὸς
1270 1434 1458 1486 εὖκλείας
1490 1441 1575 1485 τοῖς

74 1507 249 1564 αοσφῶν
282 1508 525 1560 βασιλεῦσιν
555 1505 775 1558 ἐσόμενον,
816 1507 856 1547 εἰ
875 1507 1067 1559 μέλλοιεν
1098 1505 1175 1546 καί,
1202 1501 1315 1558 παρὰ
1344 1502 1609 1555 “ΡωμαιόιςΒ

221 1597 274 1632 3.’
295 1593 459 1642 εἰδομένη
493 1596 531 1628 R.
564 1607 629 1639 pro
665 1594 839 1640 ἤδομένη.
958 1595 990 1638 4.
1026 1593 1260 1640 πορῥωτάτω
1308 1594 1370 1634 R.‚
1417 1590 1572 1636 ποῤῥω-

218 1642 314 1687 τέρω
352 1642 447 1686 vulg.
557 1644 598 1676 6.
632 1639 986 1688 α’ναγραφησόμενα
1021 1641 1058 1674 R.
1095 1641 1205 1686 Lugd.
1241 1652 1271 1675 α.
1302 1651 1348 1672 m.
1389 1644 1426 1672 et
1458 1638 1573 1683 Intpr.

218 1697 259 1722 ut
280 1707 320 1716 -
339 1687 597 1724 describendis.
645 1689 747 1734 Vulg.
775 1700 818 1722 ex
834 1701 885 1733 pr.
910 1700 958 1724 m.
978 1687 1088 1732 Lugd.
1110 1686 1133 1719 iz*
1153 1688 1196 1721 ἐν
1216 1692 1295 1723 τοῖς
1313 1688 1382 1718 οἰκ.
1399 1683 1570 1732 α’ναγρα-

218 1735 434 1781 φησόμεθα.
517 1737 675 1781 χωρίοις
698 1736 736 1768 Β.
766 1741 802 1768 et
819 1736 928 1779 lntpr.
944 1736 1021 1768 suis
1041 1735 1144 1774 locis,
1170 1733 1328 1778 χρόνοις
1345 1732 1439 1776 vulg.
1521 1744 1571 1768 ιο.

219 1781 341 1824 ἀληθῆ
378 1781 477 1827 ἄγαν
516 1783 553 1814 R.
674 1781 911 1815 καθεστάναι
949 1782 990 1814 R.
1092 1793 1142 1814 ιι.
1174 1781 1309 1824 βίβλων
1335 1781 1393 1819 R.‚
1419 1778 1571 1822 βιβλίων

216 1829 312 1874 vulg.
412 1830 462 1863 15.
492 1839 521 1862 π
549 1829 729 1865 οσθέντος
755 1830 808 1870 R.‚
843 1827 1155 1874 προθέντοςνιιΙς.
1282 1839 1330 1871 ι9.
1361 1825 1571 1871 ἡγούμενοι

217 1874 317 1911 εἶναι
347 1876 400 1917 Β.,
425 1873 491 1910 εἶν.
518 1874 669 1922 ηγούμζ.
695 1874 787 1920 vulg.

218 1967 272 2000 30.
323 1964 395 1999 Sed
418 1967 541 2000 nescio
578 1977 648 2012 quo
675 1971 779 2010 pacto
806 1976 863 2000 me
891 1965 1063 1999 orationis
1096 1963 1265 1997 decursus
1284 1963 1484 2007 abreptum,
1510 1973 1568 1995 re·

127 2021 287 2058 rumque
316 2019 518 2047 memoratu
550 2013 739 2059 dignarum
763 2014 950 2057 voluptate
988 2011 1207 2051 delinitum,
1243 2022 1285 2043 eo
1320 2010 1569 2053 praecipitan—

126 2059 198 2092 tiae
223 2058 435 2100 adduxerit,
463 2065 504 2093 ut
528 2062 658 2093 omissa
683 2071 803 2094 rerum
827 2060 1073 2104 praesentium
1100 2058 1337 2096 tractatione,
1374 2056 1570 2088 remotiora

125 2107 194 2138 sim
219 2111 438 2150 persecutus.
486 2106 664 2151 Quocirca
691 2118 772 2142 cum
796 2118 893 2139 nunc
921 2106 1030 2138 sciam
1058 2116 1128 2149 quo
1155 2103 1382 2148 pervenerim
1407 2108 1443 2135 et
1470 2101 1568 2135 unde

125 2152 258 2199 fuerim
285 2151 486 2198 digressus,
510 2154 575 2186 illa
601 2154 748 2199 quidem
772 2154 844 2185 iam
872 2158 956 2185 sunt
989 2150 1211 2191 omittenda,
1249 2161 1340 2195 quae
1374 2149 1447 2182 suis
1474 2154 1569 2181 tem-

123 2198 276 2243 poribus
302 2198 567 2233 conscribemus
590 2214 597 2234 ε
624 2201 670 2234 ad
694 2199 989 2245 praecedentium
1020 2203 1140 2230 autem
1172 2209 1291 2230 rerum
1323 2196 1569 2229 continuatam

126 2249 453 2292 con'gruentemque
483 2248 724 2280 narrationem
760 2252 928 2280 revertar.
977 2244 1197 2284 Persicorum
1223 2244 1320 2277 enim
1338 2254 1460 2287 regum
1483 2254 1569 2275 suc-

125 2293 325 2324 cessionem
353 2297 390 2324 et
419 2303 593 2326 annorum
628 2300 834 2334 numerum,
860 2298 916 2332 et,
942 2297 983 2324 ut
1016 2303 1088 2325 uno
1122 2290 1232 2324 verbo
1267 2290 1394 2330 dicam,
1421 2289 1569 2321 univer-

124 2350 204 2371 sum
239 2337 298 2378 id,
333 2337 431 2383 quod
464 2340 724 2384 promiseram,
776 2341 847 2372 iam
885 2338 1032 2372 absolvi.
1094 2337 1139 2370 Et
1182 2336 1330 2383 quidem
1369 2346 1453 2369 vera
1489 2346 1567 2368 csse

126 2395 220 2464 guae
249 2383 338 2425 dixi,
368 2388 468 2428 puto,
512 2392 748 2429 accurateque
789 2386 990 2426 elaborata,
1037 2389 1164 2429 utpote
1211 2395 1229 2416 e
1266 2383 1418 2417 Persicis
1461 2382 1566 2414 libris

154 2436 299 2464 esumta.
362 2430 450 2463 Cum
485 2435 580 2466 enim
607 2434 749 2478 Ser-gius
782 2433 844 2465 ille
883 2435 1059 2476 interpres
1094 2431 1174 2464 illic
1201 2437 1345 2476 ageret,
1384 2435 1420 2462 ct
1451 2429 1569 2471 regio-

124 2489 204 2511 rum
245 2477 428 2510 annalium
466 2478 630 2513 custodes
670 2492 710 2513 ac
746 2479 948 2524 praefectos
983 2477 1119 2511 obnixe
1157 2482 1340 2522 rogasset,
1376 2481 1418 2508 ut
1447 2486 1567 2507 secum

124 2524 191 2558 illa
218 2525 350 2568 scripta
379 2526 693 2567 communicarent,
720 2525 945 2572 (frequenter
975 2525 1073 2557 cuim
1093 2535 1156 2570 ego
1187 2525 1288 2556 illum
1312 2522 1357 2555 ad
1384 2521 1453 2554 hoc
1471 2532 1566 2554 eram

123 2569 322 2612 hortatus,)
351 2581 493 2603 causam
516 2583 600 2606 vero
628 2573 736 2606 etiam
761 2573 952 2606 adiecisset
970 2597 979 2612 ,
1016 2582 1121 2616 quam
1155 2582 1229 2603 non
1254 2570 1363 2602 aliam
1387 2578 1463 2600 esse
1499 2566 1565 2600 dc-

126 2617 298 2660 clarabat,
323 2628 428 2662 quam
454 2622 495 2650 ut
518 2619 627 2651 etiam
659 2618 756 2664 apud
783 2631 849 2652 nos
879 2620 1081 2652 litterarum
1103 2617 1351 2651 monumentis
1384 2624 1566 2646 commen-

127 2661 297 2698 darentur
318 2664 479 2708 ipsorum
511 2663 700 2706 instituta,
728 2676 893 2710 quaeque
919 2665 959 2698 in
987 2665 1104 2709 pretio
1123 2663 1323 2703 haberent3
1354 2660 1474 2693 statim
1508 2660 1566 2692 illi

124 2714 224 2743 recte
253 2710 428 2744 facientes
449 2735 458 2750 ,
495 2711 572 2744 eius
604 2711 777 2756 petitioni
808 2715 1035 2750 annuerunt,
1071 2721 1146 2743 rem
1175 2720 1249 2741 non
1282 2708 1457 2751 ingratam
1488 2706 1565 2738 soro

126 2755 214 2796 rati,
244 2756 355 2795 immo
382 2767 467 2790 vero
497 2756 542 2790 ad
574 2768 696 2802 regum
728 2768 871 2791 suorum
906 2756 1055 2802 gloriam
1089 2756 1362 2800 pertinentem,
1395 2755 1426 2785 si
1458 2752 1565 2785 ctiam

213 2818 402 2865 Agathias.
1265 2829 1276 2850 ι
1285 2818 1304 2849 ὃ
