1794 3112
211 158 284 214 86
771 173 1041 220 AGATmAE

12 284 52 319 A.
78 285 191 318 0553
203 275 259 331 τῷ
283 273 386 331 ἔργῳ
406 268 649 329 ἆνῄρηνται,
677 268 782 314 ὥστε
810 271 951 327 ἀμέλει
980 276 1058 332 πρὸ
1097 279 1168 332 τῆς
1195 277 1330 334 μάχης
1365 279 1461 330 τοὺς
1477 276 1607 338 Ἀθη-

68 330 189 374 ῙᾸῙ·27
205 337 343 385 ναίους
394 338 581 392 (λέγεται
608 336 688 392 γὰρ
721 334 858 394 οὕτω)
886 337 1092 395 χιμάρους
1122 342 1366 398 ἰσαρίθμους
1398 346 1480 387 τῶν
1501 345 1605 387 ἄπο-

154 405 186 437 D
205 401 408 451 λουμένων
437 401 646 451 δυσμενῶν
679 401 732 456 τῇ
755 396 971 454 Ἀρτέμιδι
1007 403 1153 446 θύσειν
1206 402 1525 462 άπειλήσαντας,
1562 411 1605 458 ἐς

205 464 398 504 τοσοῦτον
417 464 509 519 ἵλεῳ
532 464 715 522 ἐντυχεῖν
739 464 790 518 τῇ
814 461 1061 523 Ἀγροτέρᾳ,
1098 467 1169 509 καί
1186 465 1414 511 ἀπόνασθαι
1440 475 1513 526 τῆς
1535 469 1607 513 εὖ-

204 526 377 580 θηρίας,
420 527 461 574 ἐς
484 522 578 567 ὅσον
600 525 657 580 μη
685 528 797 575 οἵους
816 543 861 568 τε
891 531 1082 581 γενέσθαι
1109 529 1156 571 τὸ
1177 531 1441 588 χαριστήριον
1464 535 1630 580 (ἱππί-5

99 599 140 634 V.
153 601 286 643 34σαι,
315 586 404 630 ἀλλ’
427 591 625 631 ἐπιλιπεῖν
645 593 853 643 θυομένας
882 590 944 633 ἔτι
971 591 1047 642 τὰς
1081 590 1218 648 αἶγας,
1255 597 1326 637 καὶ
1351 595 1453 652 πρὸς
1486 594 1604 640 οἷντί-

201 654 315 693 δοσιν
338 652 396 706 μη
423 654 648 709 διαρκέσαι.
715 653 869 710 Ξέρξης
891 657 936 696 δὲ
961 657 1110 705 ἐκεῖνος
1137 655 1157 697 ὅ
1181 657 1311 711 πάνυ,
1350 662 1420 701 καί
1449 660 1501 702 τὰ
1530 663 1607 702 τοῦ

200 714 353 771 Ξέρξου
372 717 582 770 θαύματα,
610 719 667 773 τῷ
693 712 773 772 ἄρα
797 734 842 772 γε
863 717 998 777 τρόπῳ
1021 718 1101 761 ὑπὸ
1123 723 1204 763 τῶν
1234 719 1429 777 Ἑλλήνων
1451 723 1604 779 νενίκη-

198 796 293 832 ται,
319 777 346 834 ἢ
375 778 439 822 ὅτι
461 781 483 821 ὅ
503 784 581 834 μὲν
600 779 764 832 ἀλαζών
787 795 831 823 τε
857 779 909 837 ἦν
931 786 1001 826 καί
1024 781 1261 834 ἀτάσθαλος
1270 819 1282 839 ,
1310 789 1382 828 καί
1403 789 1607 829 καταδου-

198 842 423 898 λωσόμενος
444 840 506 901 ᾔει
527 844 625 894 τούς
653 843 772 887 οὖδὲν
794 845 1059 903 ἠδικηκότας,
1086 847 1194 907 μόνῳ
1217 866 1261 891 τε
1285 851 1341 907 τῷ
1366 851 1514 906 πλήθει
1535 851 1656 896 πί-ιο

198 922 317 956 συνος
354 910 426 949 καί
468 911 516 964 τῇ
532 910 612 951 τῶν
628 907 760 952 ὅπλων
778 914 1028 967 παρασκευῇ,
1064 910 1256 971 εὐβουλίᾳ
1283 911 1331 954 οὗ
1349 913 1462 967 μάλα
1484 916 1608 970 ἐχρῆ-

198 986 259 1012 το·
287 971 324 1012 οἱ
353 973 397 1012 δὲ
419 968 510 1013 ὅσιά
528 989 572 1026 γε
595 975 783 1028 δρῶντες,
802 974 906 1030 ὑπὲρ
932 978 1004 1029 τῆς
1025 978 1223 1032 σφετέρας
1239 978 1475 1033 ἐλευθεριῖις
1498 975 1608 1032 ἧμύ-

113 1039 200 1081 Ρ.[ι7
210 1050 343 1088 νοντο,
383 1032 503 1077 οὐδὲν
529 1032 669 1084 αὐτοῖς
693 1038 776 1078 τῶν
807 1039 850 1086 ἐς
877 1038 1050 1091 δύναμιν
1076 1043 1346 1095 παρειμένον,
1385 1038 1486 1083 ἄλλά
1509 1045 1609 1094 βου-

193 1096 408 1151 λευόμενοί
432 1114 477 1140 τε
508 1098 560 1140 τὰ
603 1102 746 1142 δέοντα
785 1100 857 1142 καί
889 1104 1188 1155 ἑπιτελοῦντεςς
1229 1102 1281 1146 τὰ
1317 1107 1363 1146 δὲ
1393 1107 1606 1147 Γυλίππου

196 1160 373 1217 τρόπαια
397 1164 472 1203 τοῦ
493 1163 764 1218 Σπαρτιάτου,
793 1163 868 1219 τήν
894 1182 936 1206 τε
959 1167 1106 1209 Νικίου
1130 1166 1201 1209 καί
1217 1170 1506 1223 Δημοσθένους
1533 1171 1659 1211 ›ea-15

196 1223 390 1279 τάλυσιν,
428 1225 498 1267 καὶ
526 1223 686 1268 ἅπαντα
703 1227 755 1269 τά
777 1229 821 1269 ἐν
855 1229 1137 1284 Συρακούσαις
1154 1230 1256 1272 κακὰ
1269 1266 1282 1285 ,
1321 1231 1410 1284 μῶν
1435 1228 1608 1275 ἄλλοθεν

194 1287 313 1344 εὕροι
341 1306 402 1338 τις
426 1286 478 1331 ἂν
508 1291 751 1344 γεγενημένα
785 1287 812 1346 ἢ
838 1294 881 1343 ἐξ
903 1293 1043 1342 οἷνοίας
1063 1310 1106 1335 τε
1144 1294 1215 1336 καὶ
1234 1292 1419 1348 ἇδικίαςς
1459 1295 1507 1338 τί
1523 1295 1602 1352 γάρ

196 1350 416 1407 ἦβούλοντο
451 1354 489 1394 οἱ
515 1350 730 1407 Ἀθηναῖοι
738 1388 755 1406 ,
790 1354 890 1405 τούς
923 1358 993 1398 έπί
1013 1355 1166 1412 θύραις
1187 1358 1403 1411 πολεμίους
1423 1355 1607 1415 ἀφέντες,

195 1414 235 1456 οἱ
258 1417 302 1457 δὲ
337 1413 392 1464 ὥς
424 1413 676 1472 πορρωτάτω
700 1418 1005 1472 ἐπιστρατεύειν
1030 1419 1101 1460 καί
1127 1421 1398 1473 λυμαίνεσθαι
1422 1439 1454 1478 τι
1489 1426 1608 1480 Σικε-

195 1480 288 1537 λίας
333 1478 461 1520 πολλοὶ
492 1482 568 1532 μὲν
594 1475 667 1522 οὖν
700 1481 772 1522 καί
807 1482 927 1535 ἕτερα
966 1479 1054 1535 ἔχοι
1082 1499 1144 1532 τις
1181 1479 1232 1524 ἂν
1274 1481 1659 1538 ἆπαριθμεῐσθαιαο

196 1541 433 1598 ἀφροσύνης
455 1558 499 1583 τε
523 1544 594 1584 καί
615 1543 777 1593 ἀδικίας
800 1542 939 1585 τοιάδε
961 1542 1174 1599 κυήματα,
1202 1545 1274 1587 καί
1295 1542 1402 1594 ὅπως
1427 1547 1608 1589 σίνονται

193 1604 291 1655 τοὺς
319 1607 581 1661 χρωμένους,
619 1605 724 1662 πλὴν
755 1604 860 1649 ἀλλὰ
883 1610 954 1650 καί
977 1610 1108 1650 ταῦτα
1136 1610 1314 1664 ἡγοῦμαι
1335 1607 1607 1666 άποχρώντως

282 1684 314 1707 2.
338 1675 518 1718 χιμαίρας
541 1673 576 1705 R.
624 1675 659 1708 3.
681 1675 725 1719 τῇ
748 1673 936 1719 Ἀρτέμιδι
961 1676 1010 1715 Β.,
1023 1676 1114 1720 vulg.
1139 1677 1306 1709 articulus
1331 1676 1397 1709 dee
1418 1682 1466 1710 st.
1512 1678 1542 1723 4.
1559 1677 1605 1710 οἷ-

277 1716 473 1751 πόνασθαι
496 1720 532 1750 R.
565 1718 666 1764 (CL),
691 1718 914 1753 ιίπιύνασθαι
950 1721 1041 1765 vulg.
1112 1720 1302 1766 εὕκτηρίας
1325 1721 1433 1765 Lugd.
1456 1723 1496 1756 in
1539 1734 1604 1768 mg.

280 1765 312 1798 6.
337 1762 411 1795 ἀλλ’
437 1774 501 1795 om.
527 1765 565 1795 R.
750 1777 800 1798 ιο.
831 1767 886 1806 εἴη
919 1767 957 1798 Β.
982 1777 1012 1799 2.
1037 1776 1082 1798 m.
1223 1769 1272 1801 13.
1304 1769 1530 1812 παρειμένον
1552 1770 1606 1809 Β.,

278 1809 515 1853 παρειμένων
541 1809 629 1854 vulg.
697 1808 746 1852 14.
770 1810 947 1843 Γυλλίπου
970 1811 1074 1856 vulg..
1174 1813 1222 1845 15.
1247 1811 1312 1853 τήν
1341 1821 1378 1845 τε
1405 1814 1442 1846 R.
1480 1813 1604 1858 Lugd.,

281 1852 350 1894 τήν
371 1863 413 1897 γε
438 1854 516 1886 edd.
615 1865 664 1898 17·
689 1852 737 1886 ἂν
760 1857 825 1888 ins.
851 1867 894 1888 ex
919 1856 958 1890 R.
1056 1856 1105 1892 18.
1130 1855 1167 1889 οἱ
1189 1869 1253 1889 om.
1281 1859 1317 1890 R.
1423 1870 1472 1902 ¹9·
1500 1859 1537 1890 οἱ
1559 1856 1599 1892 δὲ

281 1899 334 1939 R.,
363 1896 450 1932 οὐδὲ
472 1900 562 1944 vulg.
609 1899 718 1944 Lugd.
737 1901 775 1934 in
797 1912 900 1946 marg.
923 1899 1136 1945 adscriptum
1158 1899 1286 1936 habet:
1323 1902 1492 1936 ἐλλείπει.
1515 1905 1601 1937 Bon.

279 1944 379 1978 Vulc.
415 1949 477 1977 aut
509 1943 596 1978 οὐδὲ
642 1945 855 1986 delendum,
897 1952 959 1979 aut
995 1946 1110 1983 ἀδεῶς
1153 1947 1377 1981 scribendum
1425 1948 1601 1983 censebat.

281 2000 338 2025 αι.
361 1989 527 2035 κυήματα
549 1992 586 2023 Β.
600 2015 610 2031 ,
632 1991 740 2036 Intpr.
764 1991 947 2038 origines,
972 1991 1137 2037 νοήματα
1160 1993 1253 2038 vulg.

1450 1425 1470 1434 ιυ

193 2060 281 2101 quot
297 2054 415 2089 hostes
440 2058 710 2099 interfecissent,
735 2059 823 2093 adeo
842 2059 1033 2103 propitiam
1049 2058 1240 2093 habuerint
1261 2062 1472 2094 venatricem
1491 2060 1606 2102 deam,

191 2102 352 2146 adeoque
380 2111 546 2146 prospere
567 2109 795 2146 venarentur,
820 2111 861 2137 ut
889 2110 1048 2147 suscepta
1073 2109 1155 2137 vota
1181 2106 1379 2149 persolvere
1403 2107 1604 2151 nequirent,

191 2146 254 2179 sed
275 2148 475 2180 sacrificatis
501 2149 608 2181 etiam
628 2150 772 2193 capellis
802 2160 990 2183 numerum
1011 2160 1188 2182 caesorum
1210 2162 1403 2195 exaequare
1427 2162 1499 2184 non
1518 2159 1604 2195 pos'·b

191 2196 280 2224 sent.
337 2193 465 2225 Xerxes
495 2204 577 2227 vero
606 2194 668 2227 ille
697 2205 841 2238 magnus
876 2200 912 2227 et
934 2195 1056 2227 Xerxis
1072 2196 1257 2236 miracula,
1282 2208 1435 2241 quonam
1457 2197 1602 2230 obsecro

192 2236 297 2269 modo
319 2248 337 2270 a
357 2237 499 2270 Graecis
518 2239 610 2271 victa
628 2245 710 2272 sunt
724 2264 733 2280 ‚
755 2251 860 2284 quam
881 2239 976 2284 quod
991 2240 1054 2273 ille
1076 2241 1218 2284 quidem
1239 2247 1275 2274 et
1289 2253 1450 2286 arrogans
1478 2248 1514 2275 et
1530 2243 1604 2275 ini-

193 2293 282 2327 quus
298 2287 388 2323 erat,
413 2288 448 2315 et
469 2293 527 2316 eos
546 2284 789 2328 sublugaturus
806 2290 960 2324 venerat,
976 2296 995 2317 a
1013 2285 1140 2330 quibus
1153 2287 1286 2319 nullam
1314 2288 1480 2320 iniuriam
1500 2298 1600 2320 acce-

191 2328 320 2371 perat?
347 2328 390 2360 Et
415 2329 488 2360 sola
520 2330 748 2362 multitudine
772 2341 1014 2374 armorumque
1042 2337 1212 2375 apparatu
1230 2333 1362 2372 fretus,
1391 2338 1487 2366 recto
1511 2343 1598 2366 con-

194 2373 274 2405 silio
301 2384 373 2406 non
396 2373 581 2406 admodum
605 2375 781 2409 utebatur.
838 2375 961 2408 Graeci
982 2387 1063 2409 vero
1092 2387 1203 2421 aequa
1240 2378 1408 2410 facientes
1445 2388 1508 2421 pro
1539 2387 1603 2409 sua

190 2417 356 2451 libertate
381 2420 602 2463 pugnabant,
631 2420 724 2453 nihil
747 2421 862 2465 quoad
888 2422 962 2453 eius
992 2422 1067 2454 fieri
1094 2427 1234 2465 poterat
1268 2424 1604 2467 praetermittentes,

191 2463 253 2495 sed
273 2463 368 2508 quod
389 2465 427 2498 in
450 2476 521 2498 rem
537 2467 692 2509 ipsorum
709 2471 799 2498 esset
816 2472 851 2499 et
865 2467 1099 2500 consultantes
1123 2473 1158 2500 et
1178 2474 1417 2513 exsequentes·-
1455 2467 1600 2511 Gylippi

190 2520 273 2543 vero
298 2509 566 2543 Lacedaemonii
590 2510 772 2555 trophaea,
801 2517 836 2544 et
858 2511 980 2544 Niciae
1008 2513 1254 2545 Demosthenis
1282 2525 1325 2546 ue
1350 2513 1506 2552 cladem,
1524 2516 1601 2544 om'-

193 2555 324 2597 niaque
356 2554 399 2586 ad
425 2555 605 2598 Syracusas
636 2557 747 2597 mala,
771 2565 855 2590 num
887 2557 1032 2591 aliunde
1058 2559 1231 2602 quispiam
1276 2559 1390 2591 uxisse
1410 2558 1602 2601 comperiet

195 2610 298 2642 quam
317 2610 359 2632 ex
383 2602 535 2634 amentia
557 2603 689 2645 pariter
709 2607 744 2635 et
758 2601 976 2646 iniquitate?
1000 2603 1096 2647 Quid
1116 2605 1210 2636 enim
1227 2604 1297 2636 sibi
1315 2601 1601 2636 volebantAthe-

192 2644 355 2684 menses,
399 2657 495 2686 cum,
523 2645 623 2680 h'oste
649 2648 710 2691 qui
728 2659 791 2691 pro
817 2648 953 2681 foribus
968 2652 1043 2681 erat
1059 2650 1238 2693 neglecto,
1265 2659 1366 2694 quam
1400 2648 1602 2691 longissime

194 2699 214 2723 a
255 2687 357 2724 domo
401 2692 594 2727 exercitum
626 2691 814 2735 ducerent,
847 2693 1076 2740 Siciliamque
1099 2693 1334 2730 infestarent?
1365 2694 1484 2729 Ponet
1517 2700 1600 2728 vero
