1794 3112
582 136 973 182 111sTomAqu.
997 140 1049 180 11.
1078 143 1142 184 ici.
1331 171 1333 173 >
1509 119 1582 190 93

148 243 231 286 τῶν
269 241 485 298 κτημάτων
517 239 571 282 τὰ
612 242 927 296 τιμαλφέστατα
963 241 1008 282 ἐν
1043 240 1146 296 τῷδε
1179 238 1236 296 τῷ
1270 236 1478 295 φρουρίῳ,
1524 237 1676 286 ὧςΑ.(Ξ.
1703 248 1771 283 553

149 307 314 350 ἁλῶναί
337 323 383 361 γε
419 303 518 348 αὖτὸ
548 301 623 347 mix
657 303 771 357 ἐνὸν,
809 306 1055 360 ἐσενὴνεκτο.
1095 303 1370 358 ἅσχὰλλοντες
1400 305 1446 346 δὲ
1469 295 1606 357 ὅμωςῘ*
1619 293 1644 326 Ῑ’
1663 305 1705 339 27

149 371 220 415 ἐπὶ
244 374 292 428 τῇ
319 373 402 414 τῶν
425 371 650 424 (Ρωμαίων
678 370 1012 428 προσκαθεδρίᾳ,
1053 368 1127 412 καὶ
1147 366 1320 424 αἰσχρὸν
1342 367 1622 424 ἦγούμενοι,Β

147 425 188 479 εἷ
204 437 392 490 μέλλοιεν
420 434 527 479 οὕτω
554 435 603 492 δὴ
628 434 800 479 ἐπιπολὺ
828 437 872 478 ἐν
900 435 1102 493 περιβόλῳ
1127 434 1279 491 μετρίῳ
1310 437 1585 490 ξυνειλῆφθαι

117 501 216 548 5καί
235 501 594 559 ἐγκατειργεσθαι,
636 501 843 558 ἐκδρομὰς
865 504 943 556 μὲν
967 500 1073 543 κατὰ
1094 502 1177 548 τῶν
1202 496 1440 541 ἀντιπάλων
1458 497 1580 552 θαμὰ

145 563 383 621 ἐποιοῦντο,
428 566 472 609 εἴ
495 584 582 617 πως
610 564 660 610 ἂν
690 565 844 616 αὐτούς
867 569 1034 610 ἐνθένδε
1060 565 1316 608 α’πιόσασθαι
1350 566 1582 620 δυνηθεῖεν,

146 629 268 676 οὖδὲν
291 634 339 674 δὲ
362 629 396 685 ὅ,
419 649 461 674 τι
491 633 563 676 καί
583 633 746 689 μνήμης
777 628 892 684 ἄξιον
911 631 1134 689 ἔπρασσον.

253 697 321 740 ιδ’.
370 698 436 740 Ἐν
469 697 629 748 τούτοις
663 700 708 740 δὲ
748 700 823 740 τοῦ
857 699 1061 752 χειμῶνος
1093 696 1327 752 τριβέντος,
1380 691 1471 749 ἅμα
1506 692 1619 751 ἧριΑ.
1646 706 1682 739 C.
1711 708 1776 751 53'}

145 758 387 823 ἀρχομένῳ,
416 766 460 815 ἐς
488 765 634 819 λόγους
657 766 797 806 ἐλθεῖν
826 765 884 822 τῷ
917 764 1069 818 Ναρσῇ
1091 761 1113 803 ὅ
1138 760 1367 818 ζΡοίγναρις
1398 763 1481 804 τῶν
1502 755 1609 803 noc-I·
1627 755 1704 787 ¹⁸2⁵

93 828 308 884 ιορόντων
331 830 427 885 πέρι
449 830 604 885 χρῆναι
635 828 753 886 ᾠήθη
769 862 781 881 ,
810 829 883 870 καί
902 823 978 869 οὖν
1000 829 1349 883 ἐπιτετραμμένον
1370 827 1482 884 αὐτῷ
1501 844 1582 869 ποι-

107 923 110 926 *
145 894 222 949 ρῆν
236 890 324 947 ἅμα
345 891 494 949 ὀλίγοις
516 896 561 936 ἐν
585 891 835 951 μεταιχμίῳ,
865 894 1119 948 ’ξυνηλθέτην
1141 909 1186 933 τε
1210 888 1340 949 ἄμφω
1367 895 1410 941 ἐς
1434 889 1580 946 ταῦτὸ,

144 957 366 1001 καὶπολλὰ
394 954 501 1001 ἄττα
530 960 804 1013 διελεγέσθην.
841 957 943 1000 ἰδών
967 959 1013 1000 δὲ
1039 955 1061 998 ὅ
1092 960 1266 1014 Ναρσῆς
1298 957 1370 1000 τὸν
1396 957 1581 1012 ζΡοίγνοι--

143 1039 212 1080 ριν
235 1025 279 1074 ἐς
306 1023 550 1076 ἀλαζονείαν
578 1020 779 1080 ἦρμένον,
821 1023 894 1065 καί
918 1024 1088 1080 πλείστῃ
1113 1023 1328 1080 χρώμενον
1352 1027 1581 1078 μεγαληγο-

143 1091 239 1147 ρίᾳ,
267 1089 325 1139 ὥς
353 1088 556 1143 μειζόνων
576 1105 620 1132 τε
649 1086 674 1145 ἢ
704 1091 792 1131 κατ’
815 1085 941 1131 αὐτὸν
961 1089 1181 1146 ἐφίεσθαι,
1209 1086 1288 1131 κᾶκ
1310 1091 1385 1131 τοῦ
1407 1089 1580 1144 timor&-

96 1169 222 1212 159⁰v
249 1156 563 1209 έπικομπάζειν,
605 1157 793 1198 διέλυσεν
816 1151 968 1197 αὐτίκα
996 1152 1072 1209 τὴν
1101 1154 1346 1208 ξυνουσίαν,
1383 1156 1455 1196 καί
1478 1151 1613 1210 cinq-C

144 1221 335 1277 γόρευσεν
356 1224 407 1278 τῇ
426 1220 639 1276 ξυμβάσει,
668 1221 740 1263 καί
755 1222 972 1275 ἀπέπεμπέ
988 1236 1033 1276 γε
1055 1218 1183 1262 αὐτὸν
1197 1215 1323 1269 αὖθις
1338 1221 1381 1269 ἐς
1398 1218 1583 1262 τούπίσω

145 1282 354 1343 ἄπρακτον
371 1287 442 1330 ἐπὶ
459 1293 541 1337 τοῖς
559 1289 773 1343 προτέροις
793 1288 1013 1340 μενοῦντα.
1051 1283 1072 1326 ὅ
1099 1287 1145 1327 δὲ
1172 1284 1313 1340 ἐπειδὴ
1328 1287 1373 1328 ἑν
1393 1288 1450 1343 τῷ
1465 1283 1582 1343 λόφῳ

132 1353 346 1407 ἐγεγόνει,
375 1355 448 1394 καί
469 1348 546 1408 ἤδη
570 1350 620 1394 οὗ
651 1351 793 1409 πόῤῥω
820 1354 896 1394 τοῦ
923 1351 1089 1406 τείχους
1117 1351 1292 1407 ἀφῖκτο,
1318 1352 1584 1406 χαλεπαίνων

147 1414 214 1459 ὅτι
250 1417 298 1472 δὴ
333 1419 447 1474 αὐτῷ
471 1418 592 1460 οὐδὲν
626 1417 767 1459 ὁτιοῦν
800 1419 883 1459 τῶν
911 1418 1188 1458 ἐλπισθέντων
1212 1412 1370 1472 ἀπέβη,
1415 1416 1584 1459 ἐντείνει

92 1478 282 1537 2οῆρέμα
310 1482 525 1538 λαθραίως
553 1479 598 1523 τὸ
625 1481 765 1535 τόξον,
793 1480 866 1523 καί
886 1478 972 1522 εἶτα
996 1478 1154 1537 ἀθρόον
1174 1484 1503 1538 μεταστραφείς,
1532 1478 1584 1523 οἷ·-

146 1546 266 1603 φίησι
306 1549 426 1601 βέλος
450 1545 524 1589 ἰθὺ
553 1549 630 1610 τοῦ
658 1549 856 1603 Ναρσοῦ,
887 1546 1091 1602 διήμαρτε
1121 1548 1168 1588 δὲ
1188 1549 1265 1588 τοῦ
1289 1549 1455 1590 σκοποῦ.
1493 1545 1584 1589 ἑτέ-

235 1627 267 1659 8.
297 1625 338 1659 ἰν
364 1625 514 1663 τούτοις
538 1627 590 1667 R„
618 1625 659 1660 ἐν
681 1626 799 1670 τούτῳ
822 1626 914 1671 vulg.
1000 1637 1049 1659 ιι.
1074 1634 1114 1658 τε
1141 1626 1199 1667 R„
1226 1624 1266 1660 δὲ
1291 1627 1384 1672 vulg.
1456 1628 1506 1663 13·
1535 1625 1580 1660 οἲ-

236 1673 412 1712 λαζονίαν
446 1674 483 1706 R.
581 1674 630 1707 15.
656 1671 917 1718 ἀπηγόρευσεν
941 1673 1004 1713 R.,
1029 1671 1244 1718 ἀπηγόρευε
1269 1673 1361 1718 vulg.

145 1751 240 1785 enim
258 1761 375 1785 rerum
388 1750 668 1785 necessariarum
694 1752 797 1795 copia
813 1750 1048 1785 abundabant
1064 1762 1165 1792 ‚cum
1185 1757 1221 1785 et
1240 1757 1479 1786 commeatum
1505 1764 1583 1785 om-

144 1809 228 1830 nem
253 1804 388 1844 quanto
409 1810 499 1842 opus
529 1803 604 1830 erut
622 1803 659 1830 et
677 1809 721 1830 ex
742 1798 977 1831 facultatibus
993 1798 1065 1830 suis
1086 1799 1339 1842 pretiosissima
1354 1810 1522 1844 quaeque
1542 1800 1583 1832 in

145 1844 237 1878 illud
253 1845 442 1878 castellum
458 1850 628 1890 tanquam
646 1843 926 1889 inexpugnabile
947 1845 1206 1878 convexissent.
1255 1846 1408 1879 Moleste
1423 1857 1506 1878 vero
1522 1846 1583 1879 ni—

145 1889 341 1924 hilominus
365 1889 531 1933 ferebant
547 1892 787 1925 Romanorum
805 1890 1054 1932 obsidionem,
1080 1896 1117 1924 et
1138 1896 1243 1936 turpe
1264 1892 1331 1925 rati
1357 1893 1387 1925 si
1410 1892 1472 1926 diu
1491 1892 1582 1926 adeo

146 1937 271 1982 exiguo
296 1937 432 1970 ambitu
452 1937 675 1982 circumsepti
704 1936 1024 1978 concluderentur,
1063 1938 1271 1983 frequentes
1296 1939 1333 1970 in
1353 1938 1493 1973 hostem
1518 1951 1583 1972 ex-
1636 1980 1639 1983 Ι

145 1984 324 2017 cursiones
348 1982 551 2024 faciebant,
589 1984 617 2016 si
641 1995 713 2029 quo
742 1983 849 2017 modo
880 1994 940 2018 eos
965 1982 1052 2018 inde
1075 1984 1263 2030 profligare
1285 1990 1454 2030 possent5
1491 1985 1583 2020 nihil

145 2039 228 2063 vero
247 2029 360 2062 relatu
381 2029 528 2073 dignum
547 2032 706 2063 effecere.

241 2075 291 2120 ¹4·
339 2076 465 2109 Hieme
482 2082 603 2110 autem
620 2077 659 2109 iu
687 2076 757 2110 hoc
777 2081 979 2117 transacta,
1013 2076 1133 2110 statim
1156 2076 1307 2112 ineunte
1332 2089 1414 2112 vere
1442 2079 1582 2124 Regna-

147 2121 196 2154 ris
219 2121 469 2166 paciscendum
493 2122 564 2156 sibi
588 2124 627 2156 in
645 2134 720 2156 rem
739 2129 966 2167 praesentem
990 2135 1070 2156 cum
1087 2124 1236 2158 Narsete
1262 2126 1412 2170 putavit.
1449 2126 1582 2160 Libero

146 2169 270 2212 itaque
294 2174 493 2203 commeatu
518 2175 684 2214 accepto,
720 2170 766 2203 ad
792 2170 979 2203 Narsetem
1017 2171 1141 2214 paucis
1175 2173 1363 2204 comitatus
1402 2172 1439 2205 in
1463 2173 1584 2207 locum

146 2215 242 2247 inter
265 2216 460 2249 exercitum
480 2221 517 2249 et
545 2217 731 2248 castellum
766 2215 1022 2249 intermedium
1047 2218 1170 2260 venit;
1206 2219 1458 2264 congressique
1487 2221 1583 2254 inter

146 2271 184 2293 se
208 2261 322 2294 varios
352 2272 530 2305 sermones
558 2263 780 2295 miscuerunt
805 2267 843 2296 et
878 2262 1134 2307 disceptarunt.
1182 2264 1319 2297 Videns
1345 2271 1466 2298 autem
1490 2266 1583 2300 Nar-

146 2317 201 2339 ses
226 2307 410 2352 Regnat-im
436 2308 604 2353 superbia
639 2310 793 2349 elatum,
831 2310 1017 2353 multaque
1043 2308 1234 2344 verborum
1275 2312 1447 2345 iactantia
1473 2319 1582 2347 uten-

146 2357 237 2393 tem,
261 2358 299 2386 et
322 2353 455 2387 maiora
480 2366 585 2399 quam
611 2356 728 2399 ipsum
755 2355 898 2388 deceret
924 2354 1188 2399 postulantem,
1213 2358 1415 2402 mirumque
1441 2359 1478 2392 in
1501 2372 1580 2393 mo*

145 2399 231 2432 dum
257 2409 300 2432 ea
334 2410 562 2445 exaggerare,
605 2402 794 2434 confestim
820 2402 1042 2446 colloquium
1079 2402 1210 2443 solvit,
1248 2409 1285 2436 et
1318 2407 1581 2449 compositione

145 2446 386 2491 pactioneque
410 2452 558 2491 negata,
586 2447 721 2481 infecta
748 2459 785 2480 re
813 2448 859 2481 ad
884 2459 966 2481 suos
993 2449 1142 2481 remisit.
1186 2449 1260 2493 Qui
1286 2461 1363 2482 cum
1386 2452 1423 2483 in
1451 2454 1580 2485 collem

144 2492 336 2533 evasisset,
375 2493 516 2538 iamque
542 2504 617 2526 non
641 2494 767 2538 procul
791 2505 811 2526 a
834 2505 935 2527 muro
962 2493 1128 2535 abesset,
1162 2495 1310 2540 indigne
1338 2497 1456 2530 ferens
1485 2498 1579 2531 nihil

144 2539 251 2582 plane
285 2548 322 2570 se
358 2548 481 2571 eorum
517 2550 608 2584 quae
641 2545 801 2583 sperarat
833 2546 1083 2581 consecutum,
1119 2543 1253 2575 sensim
1291 2547 1328 2575 et
1361 2543 1450 2575 clam
1474 2550 1578 2578 tenso

145 2595 251 2626 arcu,
283 2583 478 2630 subitoque
502 2595 701 2626 conversus,
726 2587 887 2630 sagittam
914 2592 1010 2620 recta
1034 2588 1072 2620 in
1087 2586 1272 2620 Narsetem
1298 2594 1464 2634 torquet;
1485 2603 1578 2636 quae

145 2640 167 2662 a
188 2641 300 2674 scopo
325 2630 492 2664 aberrans
517 2630 686 2664 aliorsum
711 2632 831 2666 delata
855 2632 1010 2674 cecidit,
1042 2634 1187 2666 nemine
1220 2635 1327 2668 laeso.
1379 2635 1580 2671 Consecuta

144 2685 228 2710 vero
253 2677 372 2710 statim
411 2682 466 2710 est
488 2688 606 2721 poena
644 2676 788 2711 barbari
820 2678 977 2712 hominis
1014 2680 1228 2725 nequitiam.
1292 2679 1451 2715 Narsetis
1484 2686 1581 2718 enim

146 2722 304 2758 satellite
329 2723 415 2760 facti
438 2723 677 2770 praefidentia
702 2725 975 2772 temeritateque
999 2726 1133 2760 irritati
1161 2726 1298 2772 sagittis
1331 2737 1412 2762 eum
1434 2735 1580 2776 petunt,
