1832 3152
590 143 965 187 fflsTomARUM
1015 147 1082 186 lv.
1113 151 1180 195 29.
1482 147 1548 201 27
1566 147 1584 181 1

161 247 325 303 ὅμοιἀις
346 245 376 303 ἢ
390 246 462 291 καὶ
477 245 666 301 μείζοσιν
687 246 871 302 αἲμιλησε
894 250 1144 303 συμφοραῖς.
1171 246 1255 289 ὑπὸ
1274 248 1354 302 γὰρ
1369 279 1371 283 -
1387 242 1591 302 Ὀρέστου
1606 250 1645 284 Α.
1661 251 1782 302 C.'556

160 315 451 372 φενακισθείς,
479 315 683 370 πέφευγεν
709 314 754 352 ἐκ
775 313 847 367 τῆς
879 312 1072 365 Ἰταλίας,
1101 309 1393 368 ἀποβεβληκώς
1413 314 1495 366 μὲν
1521 312 1595 368 τὴν
1605 300 1721 334 1.1.30

159 378 385 435 ἅλουργιῖῖα
397 412 409 431 ,
439 374 577 420 οὐκέτι
597 378 642 419 δὲ
667 376 800 433 αὐτὴν
826 377 1082 420 (ἐπανείλετο
1094 412 1107 431 ,
1138 373 1230 420 ἄλλ’
1253 379 1298 420 ἐν
1323 378 1512 429 ἰδιώταις
1529 395 1597 421 τε·-

159 447 243 488 mv
265 443 486 500 διεφθάρη.
529 439 661 492 οὕτως
685 437 768 499 ἄρα
801 444 846 485 ἐν
866 445 922 500 τῷ
947 442 1038 484 τότε
1068 442 1304 497 μεταβολὰς
1338 443 1598 501 παραλόγους

132 509 264 560 finani
291 510 374 552 τῶν
395 510 626 565 κρατίστων
661 508 880 561 δυνάμεων
902 511 1120 550 συνελθεῖν
1141 510 1387 565 ξυνηνέχθη.
1429 509 1598 565 ζητούν-

155 592 239 618 των
261 577 340 629 μὲν
360 570 434 616 οὖν
459 573 534 630 τὴν
552 572 708 616 τούτων
732 575 874 616 αἰτίαν
895 571 934 615 οἱ
963 573 1039 623 τάς
1069 575 1153 615 τῶν
1171 570 1335 628 ἀδήλων
1366 571 1597 630 ἀνιχνεύειν

155 639 296 699 ἀρχάς
329 641 570 694 εἰθισμένοι,
601 642 674 681 καί
710 641 942 694 λεγέτωσαν
967 636 1108 689 ὁποίας
1140 638 1214 680 καὶ
1235 638 1476 694 βούλοιντο,
1504 640 1600 694 ἐμοὶ

154 709 203 750 δὲ
222 709 296 763 τῆς
318 708 516 762 προτέρας
542 706 747 761 ἐκδρομῆς
771 703 844 746 καί
873 700 1000 754 αὖθις
1028 705 1324 759 μεταληπτέον.
1353 705 1597 760 τεθνηκότος

154 771 235 830 γὰρ
273 774 350 815 τοῦ
380 770 586 825 Καβάδου
627 768 732 812 κατὰ
764 769 811 812 τὸ
855 772 1039 823 πέμπτον
1074 768 1165 819 ἔτος
1196 771 1268 826 τῆς
1302 771 1597 814 Ἰουστινιανοῢ

107 837 274 896 mnae&
309 837 533 891 Ῥωμαίοις
554 836 782 891 βασιλείας,
808 837 1002 892 Χοσρόης
1025 835 1047 877 ὁ
1073 837 1180 878 πάνυ
1205 835 1227 877 ὗ
1249 839 1349 879 καθ’
1367 836 1478 893 ἡμᾶς
1505 837 1635 879 δια-Ρ.
1653 836 1719 876 140

156 906 323 959 δέχεται
346 901 420 959 τὴν
452 900 644 959 πατρῴαν
675 900 840 957 ἀρχὴν,
891 901 962 943 καί
994 904 1183 958 πέπραχε
1210 907 1380 945 πλεῖστα
1410 900 1488 946 ὅσα
1524 905 1598 945 καί

154 971 351 1025 μέγιστα,
379 963 439 1011 ὧν
467 967 559 1011 ἔνια
586 969 665 1021 μὲν
687 969 914 1025 Προκοπίῳ
941 970 997 1025 τῷ
1020 966 1164 1024 ῥήτορι
1191 972 1595 1028 προαναγέγραπται,

154 1038 239 1078 τῶν
265 1037 312 1078 δὲ
343 1035 499 1076 λοιπῶν
527 1033 626 1087 ἐμοί
637 1048 682 1087 γε
707 1032 758 1074 τὰ
785 1034 863 1085 μὲν
887 1032 1049 1088 εἴρηται
1067 1029 1146 1088 ἤδη
1160 1067 1172 1086 ,
1201 1033 1254 1075 τά
1283 1037 1329 1077 δὲ
1353 1032 1595 1086 ἀκολούθως

153 1100 374 1158 εἰρήσεται.
412 1097 469 1150 ὦς
494 1094 545 1142 ἂν
582 1100 627 1140 δὲ
657 1096 703 1140 τὸ
729 1100 899 1152 συνεχὲς
925 1100 1008 1140 τῶν
1035 1099 1202 1155 χρόνων
1234 1099 1466 1147 τελεώτατα
1501 1104 1595 1144 δια-

104 1193 120 1220 1
130 1165 420 1223 ςφυλαχθείη,
448 1166 644 1207 τοσοῦτον
662 1166 746 1219 έριό
772 1161 878 1219 πρὸς
907 1162 952 1205 τὸ
980 1163 1136 1219 παρὸν,
1175 1165 1235 1214 οἷς
1264 1166 1306 1214 ἒς
1333 1164 1433 1208 ὃκτιό
1458 1183 1503 1208 τε
1525 1167 1598 1209 καὶ

153 1233 460 1288 τεσσαράκοντα
482 1228 702 1279 ἐνιαυτούς
726 1232 798 1272 τοῦ
825 1229 1003 1286 κράτους
1029 1228 1237 1284 ἐχόμενος,
1266 1232 1421 1281 πολλὰς
1443 1232 1593 1287 ἀνεδή-

154 1313 258 1340 σατο
286 1297 412 1348 νίκας·
439 1300 511 1340 καί
530 1303 692 1352 γέγονεν
713 1296 852 1345 ὁποῖος
878 1291 992 1337 οὔπω
1011 1294 1209 1352 πρότερον
1229 1293 1352 1347 ἄλλος
1373 1300 1458 1340 τῶν
1477 1297 1594 1355 παρά

153 1365 348 1421 Πέρσαις
375 1361 732 1418 βεβασιλευκότων
769 1359 1074 1415 ἆναδέδεικται,
1104 1361 1186 1417 εἴγε
1212 1365 1269 1420 τῷ
1288 1366 1412 1406 παντί
1434 1362 1594 1421 ἑκάστῳ

152 1429 409 1486 συγκρίνοιτο
420 1463 434 1481 ‚
466 1429 563 1471 οὐδὲ
587 1430 627 1470 εἰ
645 1430 791 1483 Κῦρον
815 1426 924 1469 εἴποι
949 1444 1011 1477 τις
1034 1423 1086 1469 ἂν
1109 1427 1180 1470 τὸν
1203 1427 1443 1483 Καμβύσου
1457 1463 1469 1482 ,
1498 1425 1596 1471 οὐδὲ

99 1496 333 1550 2οΔαρεῖον
362 1494 620 1547 εΥστάσπεω,
661 1494 759 1545 οὐδὲ
778 1490 862 1548 μην
893 1491 1051 1548 Ξέρξην
1073 1494 1238 1548 ἐκεῖνον,
1271 1494 1343 1536 τὸν
1365 1493 1631 1550 ἱππήλατονΒ

150 1561 230 1612 μὲν
257 1558 471 1602 δεικνύντα
498 1559 573 1614 τὴν
591 1557 830 1611 θάλατταν,
870 1560 915 1600 ἐν
942 1560 988 1600 δὲ
1007 1564 1092 1608 τοῖς
1119 1553 1235 1615 ὄρεσι
1261 1561 1594 1614 ναυτιλλόμενον.

150 1625 260 1681 πλὴν
287 1623 392 1668 ἀλλὰ
410 1624 599 1675 τοιοῦτός
616 1642 661 1680 γε
683 1621 768 1678 (ὃν,
809 1623 958 1679 ἀκλεής
981 1640 1026 1679 γε
1053 1625 1169 1682 αύτῷ
1197 1623 1222 1680 ἦ
1245 1627 1318 1667 τοῦ
1344 1625 1440 1680 βιόυ
1463 1643 1592 1667 κατα-

151 1691 315 1749 στροφὴ
335 1693 520 1746 γέγονεν,
558 1690 630 1733 καί
652 1687 794 1747 οἰκτρά
849 1689 922 1731 καί
950 1691 1032 1732 τῶν
1068 1690 1323 1748 φθασάντων
1363 1689 1593 1748 ἆλλοτριω-

245 1782 280 1826 ¹¹.
300 1771 364 1804 καὶ
383 1771 450 1804 ins.
475 1780 519 1802 ex
539 1769 582 1849 Il}-
700 1769 731 1803 5.
760 1768 972 1813 συνηνέχθη
996 1770 1036 1806 R.
1151 1771 1199 1807 ιδ.
1215 1770 1289 1803 εἴτε
1313 1770 1365 1812 R„
1391 1771 1501 1816 Intpr.
1529 1771 1592 1807 vel

244 1830 288 1852 ει.
365 1817 514 1864 ι9.εἴπῃ
569 1841 576 1848 .

149 1907 328 1946 similibus
357 1913 420 1942 aut
441 1906 639 1941 maioribus
672 1905 940 1940 calamitatibus
965 1907 1037 1940 fuit
1060 1907 1261 1945 immersus.
1310 1909 1402 1942 Nam
1430 1910 1475 1943 ab
1500 1911 1591 1945 Orc-

149 1963 203 1992 ste
229 1959 510 1996 circumventus,
543 1955 637 1999 fugit
662 1965 706 1987 ex
731 1954 859 1994 Italia,
893 1964 1052 1998 purpura
1080 1961 1231 1996 exutus,
1271 1967 1378 2001 quam
1405 1968 1592 2002 nunquam
1639 1958 1643 1962 ”

149 2000 391 2049 recuperavit,
417 2001 480 2035 sed
502 2003 599 2035 inter
626 2001 785 2046 privatos
806 2000 937 2044 degens
959 2001 1109 2034 interiit.
1158 2002 1259 2037 Adeo
1277 2005 1487 2049 inopinatae
1508 2015 1590 2036 mu—

147 2051 302 2084 tationes
327 2055 405 2083 tum
427 2049 600 2094 temporis
625 2048 887 2092 potentissimis
917 2047 1060 2091 regibus
1087 2048 1306 2082 acciderunt.
1355 2051 1484 2084 Causas
1505 2061 1589 2084 vcro

147 2097 275 2131 harum
307 2098 548 2131 mutationum
578 2101 764 2141 quaerant,
799 2093 863 2139 qui
892 2093 1095 2127 abditarum
1125 2106 1243 2128 rerum
1282 2098 1421 2130 occulta
1450 2098 1589 2141 princi-

147 2143 211 2188 pia
245 2143 458 2189 investigare
492 2147 775 2182 consueverunt,
814 2144 852 2172 et
891 2151 1128 2219 quascungue
1159 2143 1342 2176 voluerint
1373 2145 1558 2189 proferant
1578 2170 1588 2184 ‚

146 2189 240 2224 mihi
262 2200 358 2232 vero,
383 2190 480 2224 unde
510 2189 688 2234 digressus
715 2199 803 2227 sum,
832 2190 887 2219 est
917 2186 1055 2220 redeun
1084 2199 1154 2221 um.
1209 2189 1354 2224 Mortuo
1383 2192 1481 2224 enim
1518 2191 1588 2224 Ca·-

146 2237 239 2271 vade
272 2238 400 2283 quinto
428 2248 547 2277 anno,
577 2247 620 2269 ex
645 2247 716 2282 quo
735 2233 954 2268 Iustinianus
981 2235 1149 2267 Romanis
1173 2235 1383 2280 imperarat,
1409 2237 1588 2272 Chosroes

147 2284 224 2325 ille,
240 2284 387 2316 maximi
410 2283 506 2328 apud
532 2294 596 2316 nos
620 2283 792 2323 nominis,
814 2285 1005 2324 paternum
1035 2283 1194 2326 suscepit
1210 2284 1401 2327 imperium
1415 2310 1424 2325 ‚
1450 2290 1487 2317 et
1503 2286 1587 2329 plu—

146 2330 254 2364 rimas
283 2331 526 2376 maximasque
562 2341 617 2363 res
645 2330 775 2375 gessit3
802 2338 952 2372 quarum
971 2328 1168 2361 nonnullae
1194 2341 1214 2362 a
1238 2331 1409 2374 Procopio
1442 2331 1587 2364 rhetore

146 2381 234 2410 sunt
257 2378 502 2422 conscriptae3
526 2377 691 2423 reliquae
712 2386 796 2409 vero
821 2375 953 2418 partim
973 2375 1046 2407 iam
1077 2385 1098 2406 a
1127 2386 1185 2409 me
1219 2375 1335 2411 dictae
1363 2383 1468 2418 sunt,
1492 2379 1586 2411 aliae

147 2428 411 2468 consequenter
440 2422 615 2457 dicentur.
667 2425 713 2456 Ut
741 2427 861 2456 autem
885 2422 1096 2454 continuata
1129 2428 1332 2468 temporum
1365 2425 1474 2457 series
1501 2435 1587 2456 exa-

146 2470 304 2504 ctissime
338 2469 569 2510 observetur,
594 2471 633 2503 in
665 2467 870 2514 praesentia
903 2466 1077 2501 duntaxat
1107 2468 1247 2511 dicam,
1283 2470 1381 2515 quod
1413 2482 1477 2514 per
1503 2476 1586 2503 octo

145 2521 184 2550 et
214 2515 452 2562 quadraginta
475 2526 597 2557 annos,
626 2516 756 2562 quibus
781 2513 935 2558 imperio
961 2515 1098 2559 potitus
1132 2521 1210 2557 est,
1246 2518 1369 2550 multis
1398 2517 1584 2549 decoratus

147 2562 260 2596 fuerit
281 2563 466 2602 victoriis,
500 2562 655 2609 talisque
682 2562 844 2600 evaserit,
867 2561 983 2606 qualis
1019 2566 1102 2594 ante
1134 2573 1214 2595 eum
1245 2575 1288 2596 ex
1319 2564 1503 2596 Persarum
1528 2575 1586 2596 re·—

171 2609 251 2642 ibus
281 2621 410 2650 nemo,
436 2609 466 2641 si
494 2619 574 2641 cum
601 2609 750 2653 singulis
775 2617 898 2642 eorum
933 2614 1179 2652 comparatum
1201 2621 1247 2642 ne
1281 2610 1311 2642 si
1337 2611 1466 2652 Cyrum
1500 2610 1584 2655 qui-

147 2621 230 2688 {em
265 2655 463 2699 Cambysae
492 2655 606 2688 filium
636 2656 769 2700 aliquis
797 2649 1062 2696 nominaverit,
1100 2661 1163 2688 aut
1191 2656 1341 2688 Darium
1375 2656 1584 2699 Hystaspis,

147 2701 211 2735 sed
234 2712 354 2748 neque
386 2703 539 2736 Xerxem
568 2701 686 2742 illum,
711 2702 775 2747 qui
799 2710 896 2733 mare
924 2700 1044 2745 equis,
1077 2706 1217 2734 montes
1245 2701 1398 2735 navibus
1425 2702 1584 2735 reddidit

145 2748 299 2793 pervios.
349 2748 518 2783 Ceterum
533 2748 618 2782 talis
651 2758 693 2782 ae
715 2751 836 2782 tantus
867 2756 948 2780 cum
978 2747 1106 2788 fuerit,
1132 2748 1325 2792 inglorium
1348 2754 1384 2782 et
1411 2750 1583 2783 miseran-
