1832 3152
266 147 376 202 290
830 140 1103 182 AGATl-nAE

76 245 160 279 A·C-
184 247 247 292 557
260 251 378 289 λιστα
401 246 471 286 καί
489 242 547 291 εἷς
574 237 698 298 ἄκρον
721 236 831 294 ἥκων
853 243 923 294 τῆς
944 240 1236 295 μαθηματικῆς
1257 239 1500 294 ἐπιστήμης,
1538 237 1674 281 καθά-

123 293 152 329 I·
168 293 245 328 1⁸3¹
264 326 342 353 που
370 307 442 349 καί
475 308 519 348 ἐν
543 311 625 354 τοῖς
653 305 919 356 καλουμένοις
945 310 1242 359 γραμματικοῖς
1278 304 1302 345 ὁ
1328 301 1510 359 ἁδελφὸς
1540 303 1686 345 τούτου

268 372 577 428 Μητρόδωρος..
617 371 688 411 καί
713 367 995 421 μακαρίσαιμι
1022 366 1072 410 ἂν
1097 369 1222 422 ἔγωγε
1248 371 1389 410 αὐτῶν
1416 367 1491 422 τὴν
1509 370 1683 423 μητέρα,

267 435 376 478 οὕτω
403 437 586 488 ποικίλης
613 432 803 480 παιδείας
827 429 1039 473 ἀνάπλεων
1065 432 1186 486 γονὴν
1217 429 1520 486 ἆποκυήσασαν.
1547 432 1683 474 τούτω

262 517 305 543 τε
329 499 405 555 γὰρ
436 497 493 540 τιὸ
522 494 646 552 ἄνδρε
678 499 838 548 τέτοκε,
887 496 958 536 καί
990 493 1246 549 Ὀλύμπιον,
1293 495 1426 548 νόμων
1450 513 1494 537 τε
1521 494 1716 552 dentiam&

270 567 341 606 καί
361 562 530 619 ἀγώνων
560 563 804 603 δικαστικῶν
836 561 1028 616 ἐμπειρίᾳ
1053 559 1373 615 προσεσχηκότα·
1411 562 1483 601 καί
1512 559 1613 616 πρὸς
1645 576 1691 614 γε

232 628 498 683 ΒΛιόσκορον
536 626 607 668 καί
640 627 935 679 Ἀλέξανδρον,
987 620 1114 680 ἄμφω
1143 626 1328 680 ἰατρικῆς
1358 623 1686 679 δαημονεστάτω.

267 693 426 734 τούτων
453 694 498 733 δὲ
522 692 746 744 Διόσκορος
770 691 848 741 μὲν
882 690 925 729 ἐν
954 691 1004 744 τῇ
1030 688 1200 744 πατρίδι
1229 689 1428 741 κατεβίω,
1475 687 1528 730 τοὶ
1550 690 1595 729 ἐκ
1620 690 1691 742 τῆς

264 760 412 811 τέχνης
439 755 551 808 μάλα
579 754 782 806 εὐστόχως
811 752 1137 804 ἐπιδεικνύμενος
1157 751 1280 808 ἔργα·
1319 750 1465 808 ἅτερος
1498 754 1544 794 δὲ
1566 754 1610 794 ἐν
1633 751 1692 808 ,τῇ

266 819 510 876 πρεσβύτιδι
539 817 687 874 (Ρώμῃ
707 818 936 873 κατῴκησεν
952 817 1197 869 ἐντιμότατα
1214 819 1570 872 μετακεκλημένος.
1593 813 1742 858 ’Ar—10

265 884 415 938 θεμίου
456 885 502 925 δὲ
534 885 607 924 καί
633 880 925 936 Μητροδώρου
953 879 999 922 τὸ
1025 883 1140 929 κλέος
1175 881 1416 934 ἁπανταχοῦ
1446 880 1691 937 περιαγόμε-

268 965 354 1001 νον,
387 950 459 989 καί
506 950 563 996 εἰς
609 943 734 988 αὖτόν
765 943 937 1001 ἀφῖκται
977 944 1053 987 τὸν
1088 948 1275 1000 βασιλέα.
1329 944 1533 1002 τοιγάρτοι
1565 946 1691 998 μετά-

267 1029 441 1066 πεμπτοι
463 1013 506 1053 ἐν
533 1011 750 1067 Βυζαντίῳ
773 1010 1119 1065 παραγενόμενοι,
1152 1010 1223 1051 καί
1249 1010 1382 1052 αὐτοῦ
1409 1009 1478 1052 τὸν
1505 1008 1690 1063 λειπόμε-

265 1093 336 1119 νον
384 1075 650 1123 διανύσαντες
684 1075 798 1128 βίον,
846 1076 1018 1128 μέγιστα
1056 1072 1247 1130 ἑκάτερος
1284 1076 1357 1128 τῆς
1395 1075 1505 1124 ἰδίας
1544 1075 1691 1129 ἀρετῆς

266 1142 531 1196 γνωρίσματα
559 1139 856 1194 παρεστήσατο·
901 1138 925 1178 0‘
947 1140 1026 1190 μὲν
1057 1140 1171 1188 νέους
1195 1137 1368 1188 πολλοὺς
1390 1141 1471 1181 τῶν
1490 1136 1742 1193 εὖπατρι-ιό

153 1207 358 1249 Ρ.15οδὤν
390 1204 688 1255 ἐκπαιδεύσας,
720 1202 886 1256 καὶτῆς
920 1203 1124 1257 παγκάλης
1155 1204 1309 1257 ἐκείνης
1335 1201 1539 1255 μεταδούς
1571 1204 1692 1243 διδα-

267 1267 460 1321 σκαλίας,
499 1268 555 1317 ὥς
583 1269 653 1308 καί
684 1267 815 1308 πόθον
853 1265 984 1308 ἅπασι
1018 1266 1060 1308 τὸ
1091 1269 1217 1320 μέρος
1254 1269 1447 1320 ἐμβαλεῖν
1479 1268 1552 1320 τῆς
1579 1263 1695 1320 οἷμφί

267 1334 366 1382 τοὺς
387 1333 531 1386 λόγους
553 1333 800 1384 ἐπιμελείας·
836 1330 858 1371 ὅ
882 1333 927 1372 δὲ
949 1332 1168 1384 θαυμάσια
1197 1331 1317 1386 ἡλίκα
1349 1329 1692 1385 δημιουργήματα

780 1393 788 1408 ἢ
827 1389 847 1405 ῚΙ

267 1397 374 1439 κατά
399 1402 443 1437 τε
470 1393 545 1450 τὴν
569 1392 684 1436 πόλιν
717 1410 785 1435 και
819 1398 968 1435 αλλοθι
997 1397 1208 1448 πολλαχοῦ
1232 1393 1524 1449 τεκτηνάμενος
1533 1427 1546 1447 ,
1588 1392 1689 1450 ἅπερ

267 1458 403 1514 οἶμαι,
418 1461 456 1501 εἰ
478 1460 545 1500 καὶ
568 1459 697 1513 μηδὲν
722 1456 856 1500 ὃτιοῦν
888 1458 985 1510 περὶ
1003 1459 1138 1500 αὐτῶν
1167 1460 1344 1514 λέγοιτο,
1381 1458 1482 1514 πλὴν
1507 1453 1746 1515 ‹inomni-20

268 1541 334 1568 σει
363 1525 401 1566 οἱ
427 1525 470 1572 ἐς
495 1520 741 1578 ἆεᾴινηστον
765 1521 887 1572 δόξαν
911 1522 995 1564 ἔστ’
1018 1520 1070 1565 ἂν
1095 1521 1256 1579 ἓστήκοι
1278 1524 1349 1566 καί
1372 1523 1557 1575 σώζοιτο.
1586 1521 1691 1565 ἀλλὰ

266 1588 345 1645 γὰρ
372 1585 470 1630 ὅτου
505 1588 623 1630 ἕνεκα
649 1589 768 1629 τοῦδε
794 1587 868 1627 τοῦ
890 1584 1040 1643 ἀνδρὸς
1064 1587 1347 1643 ἐπεμνήσθην,
1387 1587 1512 1630 ἐκεῖνό
1531 1603 1604 1641 μοι
1625 1590 1695 1630 καί

361 1677 394 1699 2.
408 1662 712 1717 ἅδελφχτούτλὶ,
726 1661 860 1707 ridel-cp.
876 1662 895 1696 ὁ
915 1663 1014 1700 τούτ,
1025 1665 1117 1709 vulg.
1188 1666 1218 1698 3.
1234 1671 1272 1699 et
1289 1677 1300 1698 1
1313 1678 1338 1698 ι.
1351 1664 1510 1711 Μετρόδ.
1524 1665 1604 1699 edd.
1659 1665 1691 1708 4.

357 1709 476 1744 τούτω
499 1721 574 1755 γαρ
599 1711 636 1742 R.
683 1711 881 1755 6.προεσχ.
900 1710 1055 1743 coni.Cl.
1091 1748 1099 1763 ι
1115 1723 1165 1745 10.
1177 1711 1405 1757 ἐντιμώτατα
1417 1713 1453 1743 R.
1515 1708 1693 1755 ι7.αυ’τοῦ

359 1755 440 1789 add.
464 1757 556 1800 vulg.
585 1761 668 1788 ante
689 1757 815 1801 μέρος.
933 1768 982 1800 ¹9·
1011 1767 1104 1789 κατα
1131 1767 1198 1792 om.
1219 1759 1256 1791 R.
1281 1758 1318 1790 in
1344 1756 1417 1790 ord.
1441 1763 1479 1790 et
1500 1766 1538 1790 τε
1562 1758 1602 1790 iu
1624 1768 1691 1801 mg.

268 1839 343 1869 arte
367 1834 457 1874 fuit,
493 1838 529 1866 et
556 1833 593 1865 in
619 1831 868 1864 mathematica
893 1833 1043 1866 scientia
1069 1835 1238 1874 eximius,
1274 1833 1567 1879 quemadmodum
1594 1837 1630 1866 et
1652 1834 1691 1866 in

269 1881 327 1921 iis,
353 1880 416 1926 qui
443 1879 672 1912 Grammatici
690 1884 872 1916 vocantur,
902 1879 1014 1911 frater
1033 1881 1144 1923 ipsius
1167 1880 1400 1912 Metrodorus.
1418 1880 1462 1912 Et
1483 1883 1577 1912 certe
1605 1879 1691 1911 feli-

270 1938 347 1960 cem
374 1924 604 1957 indicaverim
629 1925 788 1968 ipsorum
812 1929 972 1964 matrem,
999 1935 1089 1969 quae
1117 1925 1206 1958 adeo
1230 1926 1324 1958 varia
1351 1924 1554 1958 eruditione
1578 1925 1691 1957 refer-

268 1977 343 2005 tam
367 1971 503 2015 prolem
528 1969 694 2005 ediderit.
740 1970 838 2002 Duos
867 1971 962 2002 enim
988 1969 1094 2003 hosce
1114 1972 1207 2004 viros
1230 1971 1383 2015 peperit,
1415 1975 1450 2003 et
1473 1970 1690 2014 Olympium,

271 2018 390 2062 legum
426 2015 683 2050 exercitatione
717 2020 753 2047 et
785 2014 980 2048 forensium
1013 2017 1328 2049 controversiarum
1354 2017 1567 2050 tractatione
1590 2016 1689 2059 peri-

267 2064 393 2107 tiaque
413 2062 564 2103 clarum3
587 2065 771 2104 praeterea
790 2061 998 2094 Dioscorum
1017 2066 1053 2095 et
1065 2061 1313 2102 Alexandrum,
1327 2067 1517 2108 utrumque
1528 2061 1688 2095 medicae

270 2109 357 2141 artis
381 2107 644 2151 peritissimum.
702 2105 821 2151 Atque
846 2118 890 2140 ex
912 2107 967 2140 his
991 2107 1136 2152 quidem
1161 2108 1350 2141 Dioscorus
1374 2109 1412 2140 in
1442 2108 1558 2152 patria
1583 2107 1687 2147 vixit,

270 2159 307 2187 et
329 2154 508 2198 praeclara
535 2151 650 2185 edidit
676 2153 761 2185 artis
791 2164 872 2186 suae
897 2153 1128 2197 document-‘13
1158 2154 1247 2186 alter
1271 2165 1353 2187 vero
1379 2155 1416 2186 in
1440 2154 1552 2187 veteri
1577 2155 1686 2186 Roma

269 2199 446 2232 habitavit
462 2225 471 2239 ‚
495 2198 690 2231 honorifice
715 2198 904 2231 admodum
923 2204 1097 2232 evocatus.
1144 2198 1326 2232 Anthemii
1351 2205 1471 2233 autem
1489 2205 1526 2232 et
1549 2199 1686 2234 Metro-

271 2245 351 2278 dori
389 2245 500 2289 gloria
525 2254 566 2276 ac
598 2245 692 2276 fama
719 2255 798 2276 cum
829 2245 932 2289 longe
963 2245 1107 2290 lateque
1132 2251 1224 2279 essct
1248 2250 1457 2290 propagata,
1486 2244 1531 2278 ad
1568 2246 1686 2289 ipsum

271 2291 380 2324 etiam
413 2291 664 2334 Imperatorem
699 2291 873 2334 pervenit.
931 2290 1104 2335 Quocirca
1138 2292 1344 2334 Byzantium
1379 2291 1541 2324 accersiti
1572 2299 1686 2323 vene-

271 2341 380 2374 runt,
413 2337 657 2380 reliquamque
679 2337 786 2368 vitam
814 2335 867 2367 ibi
894 2341 1156 2381 transegerunt,
1195 2338 1348 2370 maxima
1371 2343 1522 2382 uterque
1543 2335 1683 2370 virtutis

271 2382 437 2426 propriae
461 2381 594 2414 indicia
617 2382 688 2414 sive
715 2380 907 2425 specimina
931 2382 1075 2415 edentes
1095 2395 1103 2426 3
1127 2382 1186 2415 hic
1214 2381 1359 2428 quidem
1387 2383 1516 2415 multos
1537 2383 1682 2415 iuvenes

270 2427 450 2459 nobilium
474 2427 565 2459 filios
591 2426 774 2466 erudiens,
800 2432 836 2459 et
858 2427 1115 2471 pulcherrimae
1141 2429 1237 2462 illius
1262 2427 1472 2474 disciplinae
1492 2427 1684 2472 participes

271 2472 444 2515 efficien33
476 2472 564 2504 adeo
589 2477 631 2505 ut
654 2472 848 2504 litterarum
883 2473 1184 2520 eloquentiaeque
1208 2473 1424 2507 desiderium
1458 2485 1499 2506 ac
1527 2471 1685 2506 studium

270 2519 449 2559 omnibus,
468 2522 638 2564 quantum
651 2522 803 2562 poterat,
830 2519 1012 2553 iniiceret:
1038 2521 1126 2553 alter
1150 2530 1234 2553 vcro
1259 2530 1414 2561 summae
1441 2518 1684 2552 admirationis

270 2563 421 2598 fabricas
444 2575 524 2596 cum
539 2564 577 2596 in
587 2563 688 2604 urhe,
708 2567 784 2595 tum
799 2564 879 2597 aliis
903 2567 1171 2610 quamplurimis
1194 2567 1233 2599 in
1243 2566 1329 2599 locis
1345 2563 1565 2606 conficiebam
1581 2573 1684 2608 quae,

269 2609 435 2651 arbitror,
459 2609 597 2642 etiamsi
624 2607 668 2642 de
692 2609 737 2641 iis
760 2609 855 2642 nihil
881 2609 1031 2652 dicatur,
1054 2623 1119 2657 per
1152 2622 1188 2645 se
1213 2613 1312 2656 ipsae
1338 2609 1521 2644 sufficiunt
1543 2609 1588 2642 ad
1601 2619 1685 2654 per-

268 2659 415 2699 petuam
437 2656 471 2688 ei
496 2655 644 2700 gloriam
659 2654 930 2696 conciliandam,
951 2657 1118 2703 quamdiu
1141 2658 1307 2691 steterint
1329 2656 1518 2700 salvaeque
1539 2654 1682 2688 fuerint.

271 2699 456 2754 therum,
485 2711 590 2746 quam
617 2700 665 2738 ob
690 2711 828 2736 causam
851 2700 958 2737 huius
987 2703 1056 2741 viri
1078 2703 1298 2740 mentionem
1320 2701 1483 2743 fecerim,
1520 2700 1558 2734 id
1582 2711 1603 2734 a
1626 2709 1682 2732 me
