1832 3152
591 123 595 127 ,
644 90 698 133 m
733 90 1036 133 AGATHIAM.
1311 123 1313 125 ,
1445 73 1556 147 339

123 194 374 250 ἐπιστροφῆς
400 192 550 244 δίωξιν,
571 193 687 248 quod
707 191 960 257 ἐπιτήδευμα
985 195 1072 234 sive
1086 200 1233 245 artem,
1257 191 1557 247 μεταστροφοί-

124 250 174 303 δη
178 265 199 290 ν
225 251 402 300 scilicet,
425 249 508 289 hoc
534 255 596 288 est
612 249 883 288 retroversim
908 251 951 287 in
977 251 1076 303 fuga
1093 250 1327 303 pugnandi,
1356 249 1556 303 Agathias

120 304 573 366 harbarispeeuliarem
594 304 724 343 fuisse
739 303 884 342 scribit
903 303 1010 342 infra
1022 317 1114 358 pag.
1129 304 1196 354 64
1208 305 1281 345 lzssn
1294 305 1333 354 4.
1357 304 1556 354 [120‚15.]

121 360 236 400 unde
259 358 618 413 elegantissimum
640 359 759 396 illum
775 360 1034 397 Hunnorum
1058 373 1231 408 morem,
1263 365 1304 398 et
1320 373 1406 411 quo
1426 374 1465 412 p
1457 365 1552 397 acto

121 428 171 454 ea
204 414 368 455 ratione
409 414 544 452 multo
574 413 739 480 gravius
772 413 936 452 hostem
961 413 1211 459 laedebant,
1254 419 1396 466 petere
1420 419 1554 466 potes
1579 447 1582 454 .

118 468 196 508 Est
219 482 321 508 vero
355 469 481 509 etiam
510 466 706 516 παλίωξις
735 468 988 506 vocabulum
1014 469 1139 521 plane
1173 468 1467 516 Homericum,
1501 468 1553 507 de

119 535 206 616 ‹lluo
226 523 344 575 alias,
374 531 422 564 ut
449 537 575 577 supra
597 522 815 578 pollicitus
843 537 959 571 sum,
989 522 1254 563 commodior
1277 523 1357 562 erit
1381 521 1558 562 dicendi

140 591 252 622 ocus,

227 650 333 701 Pag.
359 649 424 690 55.
450 648 523 691 lin.
548 648 586 690 8.
619 648 705 699 [64,
725 649 782 698 4]
815 663 882 687 και
906 643 1026 698 θαμα
1049 647 1100 702 τῇ
1133 644 1328 700 σάλπιγγι
1347 648 1556 698 καταβομ-

117 705 298 756 βεῖσθαι,
337 703 569 742 Annotavit
600 703 719 742 hunc
750 705 892 742 locum
922 703 964 741 in
993 703 1078 742 suis
1107 703 1559 742 Animadversionihus

117 759 355 798 Hadrianus
378 759 526 798 Iunius
551 758 625 797 lib.
650 772 682 800 ι.
706 773 795 811 cap.
818 759 856 806 4.
873 764 914 796 et
929 758 1167 797 versionem
1192 759 1416 808 Personae,
1443 772 1552 811 quae

118 813 181 853 sic
206 813 409 860 habehat,
440 822 480 852 et
502 814 599 853 tuba
623 813 837 851 classicum
862 821 1113 864 personante
1126 813 1316 862 obtundi,
1339 812 1399 851 sic
1420 813 1554 851 corri-

119 870 200 921 git,
229 876 268 907 et
298 867 520 920 confestim
540 869 637 907 tuba
668 868 886 906 classicum
907 875 1090 916 canente,
1117 867 1177 905 ad
1202 868 1319 918 signa
1346 868 1613 906 turmatimv.
1633 881 1694 917 127

118 924 225 974 cogi.
248 923 432 972 addens,
461 922 511 960 id
541 924 648 960 enim
682 931 743 960 est
772 935 860 960 meo
888 921 1010 974 qztzdt
1016 936 1056 958 m
1081 921 1241 960 iudzcio
1276 923 1555 972 καταβομβεῑ-

117 977 233 1027 σθαι,
260 977 395 1015 instar
420 990 543 1030 apum
564 977 772 1014 examinis
797 975 1070 1021 condensari,
1100 975 1172 1013 vel
1193 989 1315 1028 apum
1328 990 1443 1014 more
1455 991 1559 1015 con-

117 1032 274 1070 volare.
302 1032 392 1084 Ego
416 1030 498 1069 hoc
515 1035 679 1068 tantum
709 1030 873 1068 Narseti
905 1029 1169 1082 propositum
1198 1030 1327 1069 fuisse
1359 1031 1555 1080 aibitror,

117 1091 167 1126 ut
194 1091 236 1125 et
262 1087 455 1139 equitum
483 1091 524 1124 et
552 1097 758 1138 equorum
787 1098 909 1123 aures
945 1083 1092 1122 crebro
1131 1084 1328 1123 tubarum
1356 1085 1556 1138 clangore

115 1145 446 1203 personarentur
474 1140 601 1192 eique
632 1139 918 1180 assuefierent.
959 1137 1056 1176 Alia
1085 1145 1208 1177 erant
1225 1138 1358 1178 multa
1377 1153 1428 1179 eo
1458 1143 1555 1179 loco

117 1194 325 1248 digniora,
355 1208 464 1257 quae
496 1193 612 1234 lunii
639 1200 711 1232 aut
729 1193 1039 1246 alioquiillius,
1072 1193 1147 1245 qui
1171 1198 1306 1231 totum
1334 1194 1555 1247 Agathiam

116 1248 408 1315 interpolavit,
439 1248 627 1287 obelisco
658 1249 987 1301 configerentur,
1020 1248 1142 1286 cuius
1166 1248 1332 1301 generis
1353 1255 1416 1287 est
1442 1248 1555 1288 illud

116 1318 187 1342 και
210 1299 260 1343 τὰ
287 1299 384 1356 λήϊα
409 1302 639 1353 ἑμιαι’νετο;
670 1303 783 1356 quod
810 1302 884 1341 ille
906 1303 960 1340 ita
983 1303 1126 1348 vertit,
1155 1303 1396 1364 praedaque
1419 1305 1554 1343 omnis

115 1358 482 1420 conspurcabatur,
510 1371 586 1410 pro
616 1366 771 1409 segetes
788 1357 1100 1410 polluebantur,
1132 1370 1226 1395 cum
1249 1356 1553 1411 νίἀειὶοεῐριε·

115 1427 195 1452 sim
216 1427 356 1467 sparsa
375 1412 561 1451 iacerent
587 1412 800 1450 cadavera.
833 1412 944 1451 Vere
965 1417 1106 1449 autem
1131 1411 1280 1449 Iunius
1296 1418 1422 1463 caput
1444 1413 1554 1452 illud

114 1466 232 1507 hisce
261 1467 401 1507 velbis
428 1466 612 1506 claudit:
652 1466 775 1505 Libri
797 1466 1012 1504 materzam
1046 1467 1164 1504 nasci
1192 1467 1296 1503 mzhi
1317 1466 1470 1514 vi,deo
1516 1469 1554 1506 si

114 1530 296 1572 cunctas,
320 1528 423 1573 q‘uae
447 1523 490 1561 in
511 1535 557 1560 eo
579 1522 751 1562 authore
773 1522 915 1571 latent,
942 1520 1112 1558 mendas
1134 1533 1285 1559 sanare
1312 1521 1384 1559 vel
1406 1522 1552 1561 saltem

111 1577 235 1617 stibio
257 1576 455 1616 inducere
478 1576 616 1618 velim.

221 1643 326 1695 Pag.
345 1641 410 1682 56.
441 1642 512 1680 lin
532 1642 571 1692 4
600 1641 683 1692 [64,
705 1645 781 1694 17.]
812 1621 988 1696 βρεττίαι
1015 1641 1168 1680 melius
1191 1640 1381 1694 ss9etrt'w.

220 1708 324 1760 Pag.
344 1709 409 1758 37.
424 1707 497 1746 lin.
527 1721 584 1749 ιιι.
607 1706 690 1757 [67,
708 1708 743 1748 5.
749 1712 764 1755 ]
786 1700 833 1744 οὗ
853 1704 966 1768 μα’λα
990 1720 1160 1758 ηρκεσεν
1185 1705 1406 1769 ἐπαμῦιαι.
1429 1704 1553 1745 Verti

110 1764 261 1818 potuit.
290 1764 474 1802 Persona
503 1760 673 1801 videtur
707 1761 856 1815 legisse
887 1754 1068 1813 ἤρεσκεν.
1133 1761 1272 1799 Vertit
1307 1762 1418 1800 enim
1458 1774 1551 1799 cum

99 1812 240 1871 fratri
252 1817 415 1856 auxilia
436 1818 596 1855 mittere
611 1815 914 1869 nilplacuzsset-
965 1815 1038 1857 lin.
1057 1816 1113 1865 14.
1134 1815 1174 1862 [l.
1191 1820 1244 1867 7]
1265 1814 1434 1867 πυκνῆς
1463 1816 1550 1854 Te·-

112 1877 244 1912 status
266 1886 357 1912 sum
376 1870 419 1909 in
446 1871 635 1924 Epistola
656 1871 706 1909 ad
731 1870 948 1909 Lectorem
967 1884 1032 1908 me
1060 1869 1263 1931 plerique
1291 1870 1442 1908 vetetis
1463 1871 1549 1908 Co·

113 1924 220 1966 dicis
240 1926 340 1966 vitia
366 1925 423 1964 ita
449 1933 495 1965 ut
523 1931 643 1964 erant
672 1925 868 1964 consulto
902 1924 944 1962 in
976 1924 1055 1964 hac
1088 1923 1274 1964 editione
1307 1924 1547 1976 reliquisse,

113 1995 344 2034 eorumque
368 1979 675 2020 correctionem
701 1979 818 2018 Notis
841 1993 1088 2019 reservasse.
1124 1981 1209 2031 Leb
1193 1979 1371 2018 endum
1403 1979 1547 2031 itaque

113 2035 298 2102 omnino„
310 2034 495 2088 πικέννς,
525 2041 626 2074 utet
651 2034 773 2082 verti,
802 2034 906 2074 vel¹
895 2031 1167 2097 πευκεντίνης.
1232 2034 1304 2073 lin
1323 2034 1387 2082 24.
1409 2033 1547 2081 [l.16.]

114 2088 159 2138 ἐν
182 2087 296 2144 αυτῷ
323 2086 371 2142 δὴ
393 2090 448 2144 τῶ
470 2090 639 2152 αἰγιαιιλιι
663 2089 738 2128 τοῦ
760 2088 927 2128 Ιονικοῦ
949 2086 1121 2127 κόλπου.
1147 2089 1234 2127 Hoc
1260 2089 1355 2127 loco
1374 2089 1547 2127 Adriam

113 2150 239 2184 vocat
261 2145 454 2185 lonicum
477 2145 644 2193 sinum,
675 2158 795 2206 supra
821 2157 914 2196 pag.
939 2143 1004 2186 35.
1033 2143 1126 2193 [65,
1164 2149 1212 2191 1]
1242 2143 1349 2182 dixit
1370 2142 1546 2183 Adriam

113 2197 327 2254 pertinere
348 2199 402 2239 ad
423 2199 700 2253 Hydruntem.
741 2197 877 2238 hinc
867 2198 1059 2251 lucipere
1087 2197 1296 2240 Ionicum.

221 2275 323 2327 Pag.
345 2274 410 2316 58
438 2275 512 2316 lin
540 2288 598 2314 ιι.
622 2275 718 2328 [69,
744 2280 802 2327 9]
836 2271 1137 2319 Ἀλπισκοτίας
1203 2273 1329 2324 Quod
1354 2274 1426 2313 alii
1452 2274 1546 2326 plu·

114 2329 263 2370 raliter
285 2330 444 2368 duabus
477 2329 651 2369 vocibus
683 2329 832 2368 dicunt
858 2321 1000 2374 αλπεις
1036 2325 1194 2379 κοτίας,
1239 2328 1319 2367 hoc
1348 2329 1544 2382 Ag1th1as

115 2384 379 2438 ignoratione
413 2383 584 2436 linguae
617 2384 793 2425 latinae
801 2384 926 2422 unica
961 2397 1063 2422 voce
1098 2397 1175 2436 per
1204 2383 1436 2436 genitivum
1461 2385 1546 2423 sin
1573 2402 1577 2403 ⁷

116 2440 308 2493 gularem
321 2439 508 2492 protulit
598 2439 671 2480 li.n
693 2437 758 2487 46.
774 2443 856 2490 [7ο,
878 2433 1176 2490 18.]νηφάλεοι.
1196 2438 1317 2478 Verti
1335 2452 1434 2476 sana
1456 2438 1544 2477 sive

114 2497 276 2549 integra
303 2501 462 2539 mente,
509 2492 591 2533 hoc
610 2500 672 2532 est
701 2490 934 2546 σώφρονεςε
982 2493 1163 2557 opponit
1201 2493 1315 2531 enim
1342 2492 1418 2530 hos
1446 2490 1544 2531 duci

115 2547 318 2602 ipsorum,
347 2548 398 2587 de
391 2562 500 2610 quo
517 2554 638 2586 antea
664 2547 792 2586 dixit.
819 2544 1039 2599 παραπλήξ
1066 2560 1110 2584 τε
1134 2543 1308 2610 ἐγενόνει
1336 2543 1406 2584 καί
1424 2542 1545 2585 §Mir-

115 2615 169 2640 τα
195 2601 454 2656 περιφανῶς,
494 2598 682 2652 καθάπερ
713 2599 750 2639 οἱ
769 2597 965 2655 ἔκφρονες
995 2600 1066 2639 καί
1089 2598 1330 2653 μεμηνότες.
1387 2601 1543 2641 Notum

117 2661 189 2699 est
202 2655 309 2700 illud
330 2656 600 2711 Epicharmi,
629 2656 749 2709 νῆφε.
