1832 3152
187 388 676 443 ΑΓΑΘΙΟΥ
757 388 1583 446 ΣΧΟΛΑΣΤῙΚΟΥ

635 485 1041 527 ΙΣΤΟΡΙΩΝ
1091 487 1138 526 Ε.

186 583 756 645 AGATHIAE
848 585 1589 653 SCHOLASTICI

538 699 930 741 Hls‘roRlARUM
973 701 1138 741 mBER
1178 701 1230 741 v.

707 874 1048 910 ARGUMENTUM.

244 943 475 977 Tzannorum
498 943 714 978 latrocinia.
765 943 974 978 Theodorus
1001 957 1046 979 ex
1072 943 1246 979 Colchide
1277 953 1406 980 contra
1430 957 1491 985 eos
1515 958 1603 991 pro—

144 991 268 1036 fictus
294 998 416 1023 castra
449 990 556 1034 ponit
589 1002 702 1035 prope
727 989 1098 1038 leeodoriadem(1),
1146 993 1271 1046 ibique
1297 992 1450 1026 rebelles
1481 1005 1602 1039 parvo

146 1049 312 1072 successu
338 1037 472 1077 elatos,
507 1035 591 1070 dolo
628 1038 896 1070 circumventos
924 1037 1110 1079 devincit,
1141 1039 1274 1085 quibus
1296 1039 1501 1085 Imperator
1530 1051 1602 1072 an—

154 1096 266 1118 nuum
288 1081 508 1129 stipendium
522 1083 744 1129 imponit(2).
794 1084 1013 1126 Byzantium
1037 1085 1184 1130 ingenti
1207 1093 1330 1119 terrae
1357 1094 1455 1119 motu
1470 1097 1606 1119 concu-

154 1131 254 1164 titur.
303 1131 407 1163 Mors
418 1131 588 1162 Anatolii
605 1129 671 1175 (3).
720 1128 904 1163 Iudicium
927 1131 1034 1176 vulgi
1054 1129 1098 1164 de
1126 1142 1169 1164 ea
1195 1132 1380 1177 refellitur
1400 1132 1462 1177 (4).
1512 1132 1603 1165 Ter-

153 1188 219 1210 ror
239 1175 403 1210 sinistris
427 1175 623 1209 vaticiniis
647 1185 789 1218 auctus,
808 1177 1039 1218 Byzantinos
1061 1176 1114 1210 ad
1136 1189 1275 1210 vanam
1303 1179 1457 1212 virtutis
1480 1186 1602 1211 osten·

153 1224 328 1257 tationem
353 1222 510 1266 impellit
525 1222 588 1269 (5).
639 1223 759 1256 Causa
785 1231 908 1257 terrae
932 1234 1091 1257 motuum
1118 1236 1139 1255 α
1167 1224 1384 1276 quibusdam
1410 1227 1450 1258 in
1480 1236 1602 1269 vapo-

153 1270 255 1302 ribus
289 1269 538 1305 subterraneis
570 1269 737 1314 ponitur.
794 1269 980 1304 Anthemii
1012 1269 1216 1304 mechanici
1240 1271 1398 1316 lepidum
1423 1283 1602 1305 commen-

153 1325 229 1349 tum
263 1314 320 1360 (6,
346 1327 364 1359 7
381 1340 389 1354 ‚
411 1314 459 1360 8).
509 1315 740 1349 lastinianus
764 1328 874 1359 quum
899 1317 979 1350 alia
1006 1316 1208 1363 aedificia,
1235 1325 1309 1350 tum
1333 1317 1601 1351 sanctissimam

152 1362 310 1407 Sophiae
341 1360 466 1396 aedem
490 1361 808 1408 reaedificandam
834 1372 951 1397 curat.
1003 1364 1113 1396 Cuius
1138 1362 1337 1409 descriptio
1363 1377 1386 1398 a
1411 1365 1530 1398 Paulo
1543 1364 1601 1396 Si—

152 1409 332 1443 lentiario
354 1407 553 1453 composita
575 1407 754 1441 laudatur
771 1407 833 1454 (9).
881 1409 996 1443 Pestis
1015 1410 1191 1452 Byzantii
1214 1419 1406 1453 grassatur
1426 1411 1511 1456 (ιο).
1546 1410 1599 1443 De

149 1455 285 1500 priscis
314 1456 532 1488 Hunnorum
565 1453 710 1487 sedibus
743 1463 777 1488 et
811 1454 912 1499 fatis.
966 1457 1099 1489 Hunni
1133 1457 1344 1501 Cotriguri,
1380 1457 1600 1502 Zabergane

153 1500 269 1540 duce,
295 1501 496 1534 Romanum
522 1501 711 1544 imperium
735 1500 943 1541 invadunt2,
972 1503 1165 1535 Graeciam
1189 1510 1224 1536 et
1252 1503 1513 1539 Chersonesum
1535 1514 1602 1547 pe-

152 1556 269 1582 tentes
288 1547 372 1592 (ιι).
396 1560 401 1567 ¹
424 1546 631 1592 Descriptio
661 1547 887 1581 Chersonesi.
937 1549 1136 1593 Zabergan
1158 1561 1224 1593 per
1258 1561 1396 1583 murum
1427 1561 1598 1595 magnum

151 1593 404 1640 defensoribus
444 1605 603 1627 vacuum
637 1593 883 1627 suburbanam
930 1595 1115 1639 regionem
1157 1595 1359 1640 ingressus,
1414 1596 1485 1641 ipsi
1525 1598 1599 1638 By-

152 1642 279 1673 zantio
305 1641 465 1674 imminet
483 1639 567 1686 (ια).
616 1641 835 1674 Hunnorum
865 1643 1029 1674 saevitia
1064 1650 1098 1675 et
1128 1650 1265 1686 stupra.
1314 1642 1505 1676 Militares
1529 1642 1599 1675 Ro-

152 1688 256 1720 mani
290 1688 436 1733 imperii
465 1699 555 1731 opes«
585 1695 658 1720 tum
676 1686 788 1720 valde
815 1687 1025 1722 imminutae
1052 1696 1159 1721 erant
1179 1691 1272 1731 (ιδ).
1325 1690 1467 1722 Causae
1491 1688 1599 1723 huius

153 1731 384 1768 decrementi.
436 1733 525 1768 Urbs
554 1745 686 1779 magno
719 1741 859 1767 terrore
883 1733 1148 1779 impletur(=4).
1197 1734 1471 1769 Scholariorum
1501 1736 1601 1768 mili-

152 1787 226 1813 tum
253 1781 356 1820 origo
373 1788 409 1813 et
432 1778 607 1814 conditio.
656 1780 860 1813 Belisarius
875 1781 948 1813 iam
983 1793 1095 1814 senex
1120 1779 1371 1827 defendendae
1387 1782 1474 1814 urbi
1489 1792 1600 1825 prae-

146 1826 283 1872 ficitur
309 1826 394 1872 (15).
451 1827 488 1858 Is
511 1827 707 1860 exercitum
732 1825 976 1871 undequaque
1004 1828 1193 1860 collectum
1220 1839 1264 1861 ez
1289 1829 1378 1861 urbe
1403 1827 1538 1868 educit,
1565 1836 1600 1862 et

153 1873 206 1907 ad
227 1874 401 1907 vir-tutem
426 1881 462 1905 et
483 1871 770 1907 moderationem
785 1873 1002 1906 exhortatur
1017 1874 1090 1919 (16,
1125 1886 1178 1918 17,
1210 1875 1274 1920 ¹8).
1323 1876 1405 1909 Hac
1430 1876 1599 1908 oratione

153 1920 367 1965 confirmati
388 1920 546 1952 Romam·
569 1919 747 1952 barbaros
772 1931 851 1953 cum
877 1920 1023 1964 ingenti
1047 1919 1152 1954 clade
1178 1919 1462 1966 repellunt(¹9).
1513 1922 1603 1963 Qui·
1637 1952 1641 1956 .

153 1967 220 1999 bus
246 1965 420 2012 fugatis,
443 1967 616 2012 ‘protinus
652 1965 856 1999 Belisarius
880 1975 1082 2000 revocatur
1100 1966 1187 2013 (20).
1253 1967 1513 2002 Chersonesum
1540 1968 1600 2000 in-

152 2013 258 2046 terim
291 2014 512 2052 Germanus,
537 2011 718 2045 Dorothei
735 2012 865 2059 filius,
892 2021 1040 2046 strenue
1064 2011 1241 2059 defendit.
1288 2013 1419 2047 Hunni
1444 2012 1496 2047 ad
1521 2014 1598 2047 cir-

153 2056 453 2104 cumnaviganda
483 2059 706 2092 munimenta
742 2071 787 2092 ex
820 2059 977 2093 calamis
1008 2067 1110 2093 rates
1140 2058 1455 2106 conficiunt(21).
1507 2061 1599 2103 Qui-

155 2105 220 2138 bus
245 2106 344 2139 vecti
363 2107 527 2139 sexcenti
537 2105 702 2139 homines
717 2106 927 2140 aRomanis
951 2106 1099 2139 obviam
1119 2106 1386 2151 navigantibus
1412 2104 1465 2139 ad
1486 2117 1597 2140 unum

156 2163 277 2185 omnes
303 2160 368 2185 aut
394 2161 608 2196 merguntur
632 2160 697 2186 aut
721 2151 928 2186 caeduntur
952 2151 1039 2197 (22).
1087 2152 1172 2186 Non
1203 2153 1314 2187 multo
1337 2160 1420 2197 post
1443 2152 1598 2187 barbari

155 2199 265 2232 etiam
290 2198 456 2231 terrestri
484 2199 628 2243 proelio
660 2200 874 2232 vincuntur.
930 2198 1152 2243 Zabergan,
1193 2212 1286 2233 auro
1320 2211 1343 2233 a
1387 2198 1595 2233 Iustiniano

107 2272 111 2276 .
155 2251 327 2288 accepto,
351 2245 549 2278 universas
581 2246 798 2278 Hunnorum
823 2246 950 2290 copias
977 2246 1017 2277 in
1040 2246 1184 2289 patrias
1210 2245 1312 2280 sedes
1339 2243 1481 2280 reducit
1507 2244 1592 2290 (23).

155 2291 200 2323 1η
226 2301 317 2335 quos
360 2290 572 2325 decedentes
602 2292 833 2325 Iustinianus
858 2290 1117 2330 Sandichlum,
1153 2293 1409 2337 Utrigurorum
1450 2303 1589 2336 regem,

155 2337 289 2370 incitat
310 2335 396 2382 (24).
442 2339 512 2371 Per·
536 2347 621 2372 etua
643 2337 728 2373 inde
752 2338 846 2372 bell-a
872 2347 1015 2377 exorta,
1043 2338 1179 2384 quibus·
1197 2339 1265 2374 hae
1284 2348 1408 2385 gentes
1432 2339 1591 2373 invicem

154 2394 190 2417 se
215 2383 484 2420 consumebant.
507 2350 592 2431 (25).
