1794 3112
606 143 984 188 HlsTomARUM
1023 147 1096 188 111.
1124 147 1164 192 8.
1510 143 1529 178 1
1543 121 1614 180 53

180 276 270 314 τες,
301 256 358 302 Ιἐν
381 258 438 314 τῷ
468 255 656 311 ἀσφαλεῖ
675 252 797 308 μόλις
817 255 1026 308 ἐγένοντο,
1065 249 1167 311 ᾗπερ
1188 252 1261 294 καί
1281 249 1319 290 οἱ
1343 242 1463 290 ἄλλοι
1482 243 1617 288 ἅπαν·
1627 251 1720 290 A.C.
1739 252 1794 290 552

180 342 261 375 τες.
308 326 354 367 ἐν
379 324 458 376 μὲν
488 319 567 377 γὰρ
599 322 659 377 τῷ
682 320 869 376 προτέρῳ
905 321 1192 377 στρατοπέδῳ,
1230 314 1253 358 ὃ
1285 314 1336 371 δὴ
1359 311 1494 369 ιῖγχοῦ
1517 308 1618 368 ’Λρ-
1642 301 1706 334 1¹1·
1720 301 1765 335 ²3

175 389 430 446 χαιοπόλεως
456 385 720 442 ἐπεποίηντο,
764 384 903 436 ου’δεὶς
925 382 1039 435 ὅστις
1069 385 1212 427 αὐτῶν
1242 382 1435 436 ἐπανῆκε.
1472 387 1659 434 παρα-ν.
1668 387 1712 422 58

179 455 406 512 δραμόντες
441 455 488 494 δὲ
527 454 648 494 τοῦτο
681 451 762 493 ὑπὸ
789 452 866 492 τοῦ
891 452 1034 504 δέους,
1071 452 1144 492 καί
1168 447 1332 494 ἅπαντα
1361 443 1494 489 ὁπόσα
1520 442 1622 498 ἐπή-

151 530 296 576 5γοντο
325 517 513 572 ἑδώδιμά
538 533 582 560 τε
608 519 680 559 καί
709 511 846 566 ἄλλως
870 512 1074 572 οἷναγκαῖα
1099 515 1172 558 καί
1192 515 1310 568 τίμια
1335 513 1522 555 ἐνταῦθα
1545 526 1622 551 κα·-

177 583 488 637 ταλελοιπότες,
533 582 606 625 καὶ
631 586 675 626 ἐν
709 588 795 632 τοῖς
833 585 1036 639 ἐνδοτέρω
1069 580 1242 637 χωρίοις
1270 576 1620 629 ἆποσεσωσμένοι,

179 647 231 693 οὗ
252 649 381 705 μόνον
407 650 556 692 εὐκλεᾶ
581 649 653 691 καί
677 646 901 705 ἀγέρωχον,
926 650 1090 702 μᾶλλον
1108 649 1187 701 μὲν
1206 640 1282 688 οὖν
1304 643 1376 686 καί
1394 643 1621 699 κερδαλέαν

176 714 255 773 την
275 715 391 772 νίκην
409 721 495 765 τοῖς
523 715 735 768 πολεμίοις
763 716 1039 770 παρέσχοντο.

286 793 340 849 η’.
399 788 528 836 Οὗτοι
553 793 631 848 γάρ
663 788 828 848 ἀνδρῶν
861 789 998 847 ἔρημα
1023 789 1076 833 τὰ
1098 789 1231 849 ἐκείνῃ
1261 790 1386 831 πεδία
1417 785 1621 842 εὑρόντες,

129 855 376 901 ιοδιέλυσάν
407 874 450 900 τε
480 857 528 899 τὸ
551 859 812 914 χαράκωμα,
851 855 924 898 καί
946 853 1114 898 ἅπαντα
1147 854 1200 898 τὰ
1225 853 1342 905 ἐντὸς
1364 850 1660 908 ληἰ’σα’μενοι,Ι)

179 921 290 975 οὕτω
313 921 363 980 δὴ
383 922 604 979 γεγηθότες
626 924 866 977 ἐπανῆλθον
888 923 947 972 εἰς
969 921 1023 963 τὰ
1045 922 1199 975 οἰκεῖα,
1237 919 1310 962 καί
1325 921 1397 974 τῆς
1417 918 1624 974 προτέρας

176 984 308 1038 αὖθις
336 989 482 1045 χώρας
524 987 757 1044 ἐκράτουν.
801 987 940 1030 καίτοι
966 990 1055 1038 πῶς
1093 983 1143 1028 οὗ
1167 986 1262 1028 λίαν
1304 985 1528 1041 οἷρίδηλον,
1566 981 1626 1030 (ὃς

171 1052 294 1097 θεῖόν.
316 1070 357 1096 τι
382 1052 544 1109 μήνιμα
587 1055 664 1094 τοῦ
710 1053 879 1095 ἀνοσίου
931 1053 1108 1106 αἵματος
1147 1054 1265 1095 ἕκατι
1311 1050 1364 1093 τά
1395 1048 1625 1102 ζΡωμαίων

145 1159 147 1161 .
176 1119 331 1177 ἔσφηλε
351 1121 514 1176 πλήθη,
554 1121 662 1174 οἵγε
683 1117 989 1173 ἐβουλεύσαντό
1011 1135 1055 1160 τε
1074 1118 1135 1174 τά
1156 1117 1375 1174 χείριστα,
1412 1117 1484 1157 καί
1511 1110 1624 1162 ὄντες

127 1181 229 1230 15οὗ
252 1190 371 1239 μεῖον
395 1182 422 1241 ἢ
444 1186 564 1228 πέντε
588 1184 791 1239 μαχίμων
818 1181 985 1241 ἀνδρῶν
1002 1182 1206 1241 μυριάδες
1218 1218 1230 1236 ,
1275 1180 1357 1223 ὑπὸ
1379 1179 1624 1237 τρισχιλίων

176 1253 359 1307 Περσῶν
376 1251 551 1306 ἆγεννῶς
565 1247 675 1292 οὕτω
690 1250 934 1307 πεφεύγασι,
959 1250 1179 1299 πλείστους
1201 1247 1325 1299 ὅσους
1343 1244 1625 1302 ἀποβεβληκό-

175 1332 241 1366 τες
253 1334 267 1369 ,-
302 1315 408 1371 πλὴν
435 1316 528 1358 ἀλλ’
563 1313 693 1358 αὕτοί
723 1333 768 1372 γε
801 1316 840 1358 οἱ
877 1319 952 1371 τῆς
980 1319 1228 1373 μιαιφονίας
1260 1313 1431 1372 ἐργάται
1473 1308 1547 1354 οὖκ
1582 1314 1626 1363 ἐς

176 1379 346 1437 μακράν
369 1380 446 1435 τὴν
473 1379 726 1437 τελεωτάτην
753 1378 990 1437 ἀνέπλησαν
1011 1381 1154 1436 δίκην,
1194 1381 1252 1429 ὥς
1275 1377 1490 1436 προϊόντες
1513 1375 1627 1434 άφη-

177 1445 408 1502 γησόμεθα.
434 1446 526 1488 τότε
550 1447 596 1488 δὲ
615 1448 822 1500 χειμῶνος
849 1448 1167 1500 ἐπιλαβομένου,
1197 1445 1276 1488 ἀνά
1300 1444 1354 1487 τά
1383 1442 1622 1497 πολίσματά

123 1527 223 1555 ποτε
243 1510 316 1552 καί
336 1511 523 1568 φρούρια
546 1509 656 1561 ἅπας
676 1508 697 1551 ὅ
715 1511 892 1568 στρατὸς
909 1511 1192 1565 ἐσκεδάννυτο,
1218 1506 1320 1568 ᾗπερ
1342 1508 1502 1568 ἑκάστῳ
1528 1511 1619 1551 δια-
1629 1522 1664 1556 Ρ,
1679 1522 1726 1558 31

174 1573 392 1631 χειμάζειν
418 1577 622 1619 ἐτέτακτο.
669 1578 715 1619 ἐν
751 1577 882 1635 τούτῳ
916 1578 963 1619 δὲ
986 1575 1038 1619 τά
1068 1579 1152 1619 τῶν
1186 1576 1370 1631 Κόλχων
1398 1575 1624 1632 πράγματα

267 1675 302 1710 3.
323 1671 563 1714 «ἐπεποίηντο
596 1674 636 1708 R.
676 1679 714 1707 et
748 1675 860 1718 Intpr.
898 1674 1025 1708 metati
1055 1674 1232 1718 fuerant,
1274 1672 1476 1714 ἐπεποίητο
1526 1673 1620 1717 vulg.

268 1717 392 1754 αὐτῶν
416 1721 453 1753 R.
479 1719 583 1767 (CL),
612 1720 743 1757 αὐτοῖς
767 1722 863 1764 vulg.
962 1723 995 1755 6.
1019 1723 1083 1754 καὶ
1110 1721 1152 1754 ἐν
1176 1725 1256 1757 τοῖς
1279 1732 1346 1754 om.
1373 1720 1410 1751 R.
1496 1730 1549 1756 ιι,
1577 1718 1621 1760 δή

267 1778 306 1800 τι
333 1775 418 1812 γεγ.
437 1767 474 1800 R.
587 1779 636 1801 12.
660 1767 787 1813 χώρας
811 1762 926 1804 αὖθις
949 1768 988 1802 R.
1087 1769 1136 1802 13.
1163 1768 1233 1800 τοῦ
1259 1767 1337 1803 ἄγω
1366 1764 1553 1812 ῥεύματος
1580 1768 1619 1799 R.

272 1814 323 1847 15.
350 1811 537 1859 α’νδρείων
565 1815 604 1847 R.
628 1825 694 1859 pro
721 1811 882 1859 ἀνδρῶν.

175 1903 307 1936 sensim
322 1903 598 1937 insectationem
617 1903 873 1945 intercidisset,
901 1903 1018 1937 donec
1031 1904 1088 1937 illi
1110 1908 1261 1948 pontem
1284 1904 1495 1949 transgressi
1514 1915 1619 1950 aegre

175 1949 321 1983 tandem
346 1950 384 1983 in
409 1956 512 1992 tuto,
539 1950 605 1983 ubi
627 1956 664 1983 et.
689 1951 824 1996 reliqui
858 1962 1001 1991 omnes,
1029 1951 1287 1987 constitissent.
1338 1951 1427 1984 Nam
1452 1963 1495 1984 ex
1513 1956 1636 1984 ante--

177 1996 332 2030 rioribus
362 1997 499 2037 castris,
526 2008 618 2042 quae
650 2009 762 2042 prope
790 1996 1067 2042 Archaeopolim
1088 1998 1205 2042 posita
1229 2003 1350 2039 erant,
1383 2010 1487 2031 nemo
1508 1998 1618 2042 plane

176 2042 264 2086 ipsis
285 2042 415 2084 rediit,
442 2044 504 2077 sed
531 2049 860 2088 praetercurrentes
882 2056 923 2077 ea
956 2056 1042 2089 prae
1071 2050 1170 2078 metu
1186 2071 1194 2085 ,
1220 2045 1392 2091 omnique
1421 2050 1619 2078 commeatu

178 2092 216 2122 et
235 2089 315 2122 aliis
338 2089 445 2123 rebus
462 2091 673 2124 necessariis
691 2091 911 2136 maiorisque
928 2091 1035 2135 pretii
1056 2091 1110 2124 ibi
1130 2092 1288 2132 relictis,
1314 2097 1350 2124 et
1370 2091 1416 2124 ad
1445 2092 1620 2124 interiora

172 2134 254 2167 loca
273 2135 358 2181 fuga
380 2136 585 2178 evadentes,
611 2149 685 2170 non
715 2138 831 2170 solum
853 2138 1033 2170 illustrem
1054 2149 1094 2171 ac
1115 2139 1318 2183 gloriosam,
1351 2149 1474 2172 verum
1508 2139 1620 2172 etiam

177 2187 426 2226 quaestuosam
443 2183 609 2217 hostibus
623 2183 811 2217 victoriam
829 2184 1084 2229 praebuerunt.

268 2239 300 2272 8.
347 2240 395 2274 Hi
423 2241 518 2275 enim
544 2253 625 2275 cum
664 2242 743 2275 illic
787 2253 930 2287 campos
965 2241 1177 2275 hominibus
1214 2252 1344 2275 vacuos
1375 2242 1617 2283 invenissent,

177 2284 295 2318 soluto
317 2285 508 2333 dirutoque
527 2289 622 2322 vallo
636 2314 645 2329 ‚
677 2289 797 2323 omnia
822 2300 914 2335 quae
935 2289 974 2321 in
997 2300 1038 2322 eo
1066 2295 1169 2322 crant
1192 2288 1428 2333 depraedati,
1460 2289 1549 2322 laeti
1572 2289 1618 2322 ad

175 2343 240 2364 sua
253 2331 449 2374 redierunt,
472 2336 665 2380 prioraque
683 2336 815 2369 iterum
836 2337 914 2369 loca
928 2341 1158 2380 occuparunt.
1191 2335 1302 2381 Atqui
1326 2347 1397 2381 quo
1415 2341 1521 2380 pacto
1543 2347 1618 2369 non

175 2378 289 2411 cuivis
311 2378 414 2412 valde
436 2383 666 2426 perspicuum
688 2382 809 2423 fuerit,
835 2381 993 2416 divinam
1017 2381 1196 2427 quandam
1209 2382 1299 2415 iram
1319 2383 1478 2415 iniustae
1497 2382 1617 2415 caedis

176 2435 282 2457 causa
315 2426 552 2460 Romanorum
600 2430 720 2474 copias
759 2431 1058 2469 circumvenisse,
1095 2440 1175 2462 cum
1203 2431 1359 2473 pessima
1385 2429 1535 2461 consilia
1558 2440 1617 2462 se-

175 2477 309 2516 quutae
333 2472 480 2514 fuerint,
506 2480 542 2507 et
563 2476 825 2520 quinquaginta
846 2488 919 2509 non
938 2477 1055 2508 minus
1077 2476 1235 2509 virorum
1257 2476 1476 2509 bellatorum
1499 2475 1618 2508 millia

173 2530 194 2551 a
213 2518 328 2551 tribus
346 2520 527 2552 Persarum
549 2521 711 2555 millibus
735 2521 824 2555 adeo
857 2524 1013 2567 turpiter
1042 2523 1172 2567 fugata,
1198 2534 1305 2567 quam
1324 2522 1488 2566 plurimis
1517 2521 1616 2554 desi-

175 2563 335 2597 deratis?
367 2566 473 2599 Porro
505 2567 575 2611 ipsi
614 2569 723 2601 etiam
744 2569 861 2602 caedis
881 2575 1044 2602 auctores
1074 2582 1148 2602 non
1174 2570 1290 2603 multo
1315 2574 1396 2612 post
1419 2574 1616 2602 extremam

174 2621 330 2688 {cenam
358 2611 524 2652 luerunt,
558 2617 600 2646 ut
626 2615 667 2647 in
689 2626 876 2659 progressu
910 2616 1147 2650 narrabimus.
1196 2617 1287 2649 Tum
1320 2625 1404 2647 vero
1424 2615 1615 2658 ingruente

202 2657 294 2691 ieme
316 2669 382 2702 per
408 2659 541 2704 oppida
557 2661 593 2692 et
609 2663 873 2705 propugnacula
891 2663 1079 2696 universus
1107 2663 1282 2696 exercitus
1303 2666 1357 2694 est
1378 2660 1614 2703 distributus,

172 2709 282 2746 prout
306 2705 365 2739 eui
395 2717 440 2738 ue
465 2705 510 2739 ad
538 2705 803 2740 hibernandum
823 2708 923 2742 locus
954 2714 1008 2741 est
1030 2709 1247 2754 designatus.
1296 2708 1439 2741 Interea
1458 2707 1615 2742 Colcho-

175 2759 252 2782 mm
277 2762 332 2785 rcs
394 2751 499 2786 ubiac
528 2752 720 2787 admodum
735 2754 974 2800 turbataeque
1002 2761 1120 2796 eruut,
1156 2766 1236 2789 eum
1257 2759 1293 2788 et
1336 2754 1497 2790 universi
1533 2756 1611 2801 pri-
