1794 3112
364 140 409 178 B.
450 135 705 177 VULCANII
744 134 1035 177 DEDICATIO
1073 134 1355 176 NOTARUM.
1422 136 1576 174 'XXXV

136 238 375 296 quoddam,
414 239 517 278 habe
545 253 570 277 a
596 251 660 275 me
696 237 816 275 hasce
850 250 1007 286 nous,
1053 245 1150 290 post
1184 236 1342 276 editum
1371 237 1415 275 in
1444 236 1576 274 lucem

138 306 363 357 Agatlziam
391 312 537 351 natas,
567 315 694 357 eoque
723 303 945 355 praecipue
976 304 1151 342 consilio
1177 312 1246 342 tuo
1265 303 1425 342 nomini
1443 301 1576 340 desti-

134 378 286 418 natas,
325 377 368 408 ut
397 382 600 408 summum
628 375 743 407 tuum
783 380 880 418 erga
921 367 1109 406 literatos
1149 368 1359 416 studium,
1400 375 1439 406 et
1474 367 1574 405 insi-

132 449 232 488 gnes
267 436 444 474 virtutes
479 443 601 481 tuas,
642 446 747 487 quae
778 441 817 472 te
845 433 1034 473 omnibus
1068 432 1357 473 admirabilem
1390 432 1574 472 reddunt

128 502 292 556 pariter·
313 509 353 539 ec
383 500 625 549 amabilem,
655 498 814 538 exteris
839 498 963 536 etiam
995 498 1229 537 hominibus
1247 498 1417 551 faciant
1441 506 1575 537 notas.

239 567 349 605 Bene
376 566 496 616 vale,
554 566 738 604 nobiliss.
783 563 1118 616 amplissimeque
1157 564 1251 612 vir,
1293 572 1334 602 et
1367 565 1431 603 rei
1480 564 1574 603 lice-

133 631 271 671 rariae
294 632 425 683 magis
449 645 496 670 ac
523 632 653 682 magis
675 629 791 683 fave.
849 628 949 667 Erit
987 630 1064 666 hoc
1095 628 1172 667 tibi
1201 630 1407 681 imprimis
1444 630 1574 667 Ιιοηο-

134 695 325 749 rificum,
357 704 398 734 et
428 695 620 748 Reipubl.
642 696 837 736 salutare.
896 690 1095 745 Lugduni
1125 683 1395 735 Batavorum.
1451 695 1573 733 Anno

131 759 306 801 Domini
330 760 572 803 MDXCIV.

700 835 931 890 Dignitatis
959 843 1052 875 tuae
1083 835 1409 875 studiosissimus

1132 901 1232 940 Bon.
1262 900 1517 941 Vuzcmus.

368 1107 818 1159 CANDIDO
878 1106 1341 1157 LECTORI.

233 1225 372 1267 Annus
401 1233 464 1267 est
492 1227 663 1281 integer
690 1225 810 1280 quod
837 1225 1035 1280 Agathias
1064 1225 1136 1264 hic
1167 1238 1286 1264 meus
1327 1235 1474 1277 graece
1511 1226 1573 1262 est

126 1304 333 1341 excusus,
380 1299 522 1346 neque
562 1292 868 1332 multominus
897 1292 1013 1345 quod
1034 1297 1081 1332 ‚et
1110 1290 1280 1330 latinus.
1336 1289 1404 1329 Ad
1450 1302 1573 1342 grae-

130 1369 223 1396 cam
254 1357 485 1397 editionem
515 1372 614 1398 usae
638 1364 737 1398 sunt
764 1370 916 1412 operae
942 1357 1271 1412 typographicae
1301 1356 1450 1396 codice
1475 1368 1571 1394 meo

127 1427 270 1461 Vetere
299 1422 612 1476 manuscripto,
654 1436 782 1476 quem
820 1429 994 1477 propter
1021 1422 1310 1462 valetudinem
1346 1427 1433 1460 tum
1462 1426 1570 1460 tem-

125 1487 242 1540 poris
272 1486 609 1537 incommodam,
639 1487 828 1541 aliasque
859 1488 987 1528 iustas
1018 1487 1072 1526 ob
1101 1502 1258 1536 causas,
1290 1486 1571 1525 transcribere

127 1564 208 1590 nec
229 1542 352 1590 licuit
375 1556 455 1591 nec
484 1551 624 1592 libuit.
654 1552 752 1603 Quo
775 1553 932 1592 factum
953 1558 1015 1592 est
1035 1559 1081 1592 ut
1108 1559 1277 1607 praeter
1298 1551 1396 1591 vitia
1424 1564 1570 1590 exem-

125 1616 256 1669 plaris
290 1630 400 1670 quae
424 1617 623 1656 consulto
647 1617 704 1656 ita
736 1618 999 1671 reliqueram
1018 1648 1030 1669 ,
1060 1618 1177 1672 quod
1209 1632 1354 1657 eorum
1393 1617 1570 1671 castiga-

125 1680 286 1721 tionem
310 1680 425 1721 notis
461 1681 565 1722 meis
598 1695 873 1732 reservatam,
897 1683 1154 1723 accesserint
1178 1683 1304 1723 etiam
1337 1683 1422 1722 alia
1447 1696 1571 1722 men-

127 1746 182 1786 da
199 1746 521 1801 typographica,
553 1746 609 1786 ob
635 1747 910 1788 insolentiam
935 1748 1191 1788 characteris
1226 1748 1298 1789 cui
1318 1762 1404 1787 non
1430 1761 1569 1787 assue-

125 1819 278 1853 verant
309 1811 476 1867 operae.
518 1812 629 1854 Cum
649 1827 751 1853 vero
774 1813 855 1853 iam
884 1814 940 1854 ad·
956 1814 1240 1868 colophonem
1259 1813 1569 1868 propemodum

123 1876 328 1932 perducta
357 1884 468 1918 esset
489 1878 617 1920 etiam
639 1878 771 1918 latina
799 1893 892 1919 mea
926 1880 1079 1931 versio,
1118 1880 1237 1920 venit
1256 1880 1361 1919 mibi
1381 1878 1424 1918 in
1446 1893 1569 1918 men-

125 1950 212 1984 tem
240 1944 407 1984 audisse
432 1958 498 1984 me
523 1945 755 1998 aliquando
783 1945 990 1985 Coloniae
1025 1960 1046 1984 a
1074 1946 1338 1986 nobilissimo
1377 1944 1569 1985 doctissi-

125 2013 282 2062 inoque
320 2006 396 2050 fel.
433 2016 556 2052 mem.
591 2010 698 2061 viro,
722 2011 773 2050 D.
809 2010 975 2050 Thoma
1011 2011 1245 2065 Redigero,
1299 2011 1444 2050 datum
1470 2024 1493 2048 a
1522 2023 1567 2049 se
1629 2006 1632 2010 ⁴

125 2074 295 2114 cuidam
323 2075 543 2129 negotium
567 2075 879 2115 transcribendi
903 2090 925 2116 e
942 2076 1124 2131 quadam
1144 2076 1290 2118 Italiae
1304 2075 1568 2115 Bibliotheca

123 2138 329 2193 Agat'hiae
364 2139 610 2187 historiam⁴;
652 2141 770 2194 quod
798 2141 975 2196 quidem
1005 2157 1102 2182 cum
1135 2142 1382 2182 iamdudum
1418 2142 1476 2181 ita
1510 2141 1568 2180 fa-

129 2211 245 2245 ctum
279 2205 407 2246 fuisse
437 2206 563 2260 plane
600 2206 711 2246 mihi·
744 2207 1069 2262 persuasissem‚
1100 2207 1195 2248 misi
1231 2207 1448 2261 exemplar
1482 2207 1566 2246 mei

123 2269 330 2324 Agathiae
377 2285 528 2325 graece
575 2272 721 2312 excusi
762 2273 815 2313 ad
854 2273 920 2318 Cl.
957 2274 1009 2315 V.
1047 2273 1252 2314 Iacobum
1294 2272 1564 2322 Monavium,

122 2335 353 2391 rogavique
378 2351 454 2391 per
479 2337 622 2379 literas
640 2344 687 2378 ut
714 2338 826 2378 illud
844 2353 942 2379 cum
973 2339 1262 2393 manuscripto
1289 2337 1436 2378 codice
1453 2338 1567 2390 Aga-

123 2398 265 2452 thhxe,
301 2415 430 2455 quem
472 2404 647 2444 omnino
680 2404 960 2446 Vratislaviae
996 2405 1041 2445 in
1070 2403 1329 2445 bibliotheca
1366 2403 1433 2442 Ill.
1472 2403 1564 2444 DD.

120 2466 428 2521 Redigerorum
453 2476 615 2510 exstare
641 2470 860 2525 putabam,
884 2471 1072 2511 conferri
1100 2477 1280 2511 curaret.
1311 2469 1438 2521 Quod
1467 2482 1567 2508 cum

120 2531 197 2571 ille
228 2546 304 2586 pro
330 2531 536 2587 singulari
567 2548 643 2576 suo
674 2536 718 2575 in
751 2550 844 2576 rem
872 2537 1104 2577 literariam
1144 2535 1285 2576 studio
1309 2535 1352 2573 in
1382 2548 1426 2573 se
1444 2546 1566 2572 rece-

122 2596 277 2650 pinet,
329 2599 709 2654 spopondis'setque
747 2607 992 2642 curaturum
1035 2616 1078 2642 se
1118 2607 1167 2640 ut
1207 2598 1402 2653 petitioni
1444 2611 1564 2642 meae

120 2652 287 2714 prolixe
319 2662 558 2715 satisfieret,
601 2666 855 2719 simulatque
887 2668 1127 2721 praefectus
1164 2665 1448 2704 bibliothecae
1487 2662 1564 2715 qui

119 2732 209 2770 tum
231 2735 408 2787 peregre
430 2735 519 2770 erat
538 2730 708 2772 domum
730 2733 951 2775 rediisset:
981 2732 1234 2788 significavit
1255 2730 1426 2770 taudem
1449 2728 1563 2772 mul-
