<?xml version="1.0" encoding="UTF-8"?>
<!DOCTYPE html PUBLIC "-//W3C//DTD XHTML 1.0 Transitional//EN"
    "http://www.w3.org/TR/xhtml1/DTD/xhtml1-transitional.dtd">
<html xmlns="http://www.w3.org/1999/xhtml" xml:lang="en" lang="en">
 <head>
  <title>
</title>
<meta http-equiv="Content-Type" content="text/html;charset=utf-8" />
  <meta name='ocr-system' content='tesseract 3.04.00' />
  <meta name='ocr-capabilities' content='ocr_page ocr_carea ocr_par ocr_line ocrx_word'/>
</head>
<body>
  <div class='ocr_page' id='page_1' title='image "./corpusscriptorum01niebuoft_0088.png"; bbox 0 0 1794 3112; ppageno 0'>
   <div class='ocr_carea' id='block_1_1' title="bbox 246 108 1086 189">
    <p class='ocr_par' dir='ltr' id='par_1_1' title="bbox 246 108 1086 189">
     <span class='ocr_line' id='line_1_1' title="bbox 246 108 1086 189; baseline 0.005 -16"><span class='ocrx_word' id='word_1_1' title='bbox 246 124 318 189; x_wconf 72' lang='grc'><strong>44</strong></span> <span class='ocrx_word' id='word_1_2' title='bbox 674 108 678 111; x_wconf 51' lang='grc'><strong>’</strong></span> <span class='ocrx_word' id='word_1_3' title='bbox 816 136 1086 178; x_wconf 76' lang='lat' dir='ltr'><strong>AGAT111AE</strong></span> 
     </span>
    </p>
   </div>
   <div class='ocr_carea' id='block_1_2' title="bbox 53 233 1699 1509">
    <p class='ocr_par' dir='ltr' id='par_1_2' title="bbox 53 233 1699 1509">
     <span class='ocr_line' id='line_1_2' title="bbox 53 233 1644 294; baseline -0.003 -14"><span class='ocrx_word' id='word_1_4' title='bbox 53 253 91 284; x_wconf 78' lang='grc' dir='ltr'><strong>Α,</strong></span> <span class='ocrx_word' id='word_1_5' title='bbox 106 253 143 284; x_wconf 88' lang='lat' dir='ltr'><strong>C.</strong></span> <span class='ocrx_word' id='word_1_6' title='bbox 157 253 220 284; x_wconf 78' lang='lat'><strong>552</strong></span> <span class='ocrx_word' id='word_1_7' title='bbox 238 243 431 294; x_wconf 78' lang='grc' dir='ltr'><em>δρομαῖος</em></span> <span class='ocrx_word' id='word_1_8' title='bbox 444 237 602 290; x_wconf 72' lang='grc' dir='ltr'><em>ἐχώρει,</em></span> <span class='ocrx_word' id='word_1_9' title='bbox 629 233 809 276; x_wconf 80' lang='grc' dir='ltr'><em>οὖδενότι</em></span> <span class='ocrx_word' id='word_1_10' title='bbox 826 236 1014 286; x_wconf 70' lang='grc' dir='ltr'><em>ἀντίξουν</em></span> <span class='ocrx_word' id='word_1_11' title='bbox 1037 234 1207 277; x_wconf 73' lang='grc' dir='ltr'><em>ἔσεσθαι</em></span> <span class='ocrx_word' id='word_1_12' title='bbox 1221 234 1492 290; x_wconf 69' lang='grc' dir='ltr'><em>ὑποτοπήσας.</em></span> <span class='ocrx_word' id='word_1_13' title='bbox 1517 236 1644 276; x_wconf 80' lang='grc' dir='ltr'><em>ταῦτα</em></span> 
     </span>
     <span class='ocr_line' id='line_1_3' title="bbox 94 298 1645 357; baseline -0.002 -14"><span class='ocrx_word' id='word_1_14' title='bbox 94 298 118 328; x_wconf 84' lang='grc' dir='ltr'><strong>Ῑ·</strong></span> <span class='ocrx_word' id='word_1_15' title='bbox 143 299 167 328; x_wconf 79' lang='lat'><strong>¹·</strong></span> <span class='ocrx_word' id='word_1_16' title='bbox 187 301 230 330; x_wconf 79' lang='lat'><strong>20&#39;</strong></span> <span class='ocrx_word' id='word_1_17' title='bbox 241 306 285 345; x_wconf 83' lang='grc' dir='ltr'><em>δὲ</em></span> <span class='ocrx_word' id='word_1_18' title='bbox 313 298 540 357; x_wconf 79' lang='grc' dir='ltr'><em>προμαθών</em></span> <span class='ocrx_word' id='word_1_19' title='bbox 571 303 810 347; x_wconf 84' lang='grc' dir='ltr'><em>Βουτιλῖνος</em></span> <span class='ocrx_word' id='word_1_20' title='bbox 841 300 863 340; x_wconf 82' lang='grc' dir='ltr'>ὁ</span> <span class='ocrx_word' id='word_1_21' title='bbox 882 303 964 342; x_wconf 82' lang='grc' dir='ltr'><strong>τῶν</strong></span> <span class='ocrx_word' id='word_1_22' title='bbox 989 300 1189 355; x_wconf 84' lang='grc' dir='ltr'><em>Φράγγων</em></span> <span class='ocrx_word' id='word_1_23' title='bbox 1215 300 1405 355; x_wconf 81' lang='grc' dir='ltr'><em>ἧγεμων,</em></span> <span class='ocrx_word' id='word_1_24' title='bbox 1433 302 1476 348; x_wconf 77' lang='grc' dir='ltr'><em>ἐς</em></span> <span class='ocrx_word' id='word_1_25' title='bbox 1513 300 1645 354; x_wconf 75' lang='grc' dir='ltr'><em>ἄμφι-</em></span> 
     </span>
     <span class='ocr_line' id='line_1_4' title="bbox 203 362 1642 419; baseline -0.003 -11"><span class='ocrx_word' id='word_1_26' title='bbox 203 363 422 419; x_wconf 81' lang='grc' dir='ltr'><em>Βθέατρόν</em></span> <span class='ocrx_word' id='word_1_27' title='bbox 435 381 475 405; x_wconf 91' lang='grc' dir='ltr'><strong>τι</strong></span> <span class='ocrx_word' id='word_1_28' title='bbox 500 364 549 403; x_wconf 73' lang='grc' dir='ltr'><em>οὐ</em></span> <span class='ocrx_word' id='word_1_29' title='bbox 571 362 711 419; x_wconf 70' lang='grc' dir='ltr'><em>πόρρω</em></span> <span class='ocrx_word' id='word_1_30' title='bbox 739 365 812 418; x_wconf 83' lang='grc' dir='ltr'><strong>τῆς</strong></span> <span class='ocrx_word' id='word_1_31' title='bbox 831 362 986 412; x_wconf 87' lang='grc' dir='ltr'><em>πόλεως</em></span> <span class='ocrx_word' id='word_1_32' title='bbox 1013 363 1229 419; x_wconf 79' lang='grc' dir='ltr'><em>ἱδρυμένον</em></span> <span class='ocrx_word' id='word_1_33' title='bbox 1255 365 1409 419; x_wconf 74' lang='grc' dir='ltr'><em>(ἀνεῖτο</em></span> <span class='ocrx_word' id='word_1_34' title='bbox 1448 366 1494 406; x_wconf 80' lang='grc' dir='ltr'><em>δὲ</em></span> <span class='ocrx_word' id='word_1_35' title='bbox 1520 366 1642 405; x_wconf 82' lang='grc' dir='ltr'><em>τοῦτο</em></span> 
     </span>
     <span class='ocr_line' id='line_1_5' title="bbox 236 424 1641 483; baseline -0.002 -12"><span class='ocrx_word' id='word_1_36' title='bbox 236 427 434 483; x_wconf 76' lang='grc' dir='ltr'><em>ἀνδράσιν</em></span> <span class='ocrx_word' id='word_1_37' title='bbox 442 461 455 479; x_wconf 92' lang='grc'><em>,</em></span> <span class='ocrx_word' id='word_1_38' title='bbox 486 424 546 476; x_wconf 79' lang='grc' dir='ltr'><strong>οἷς</strong></span> <span class='ocrx_word' id='word_1_39' title='bbox 572 427 594 468; x_wconf 80' lang='grc' dir='ltr'><em>ὅ</em></span> <span class='ocrx_word' id='word_1_40' title='bbox 622 429 711 481; x_wconf 83' lang='grc' dir='ltr'><strong>βιός</strong></span> <span class='ocrx_word' id='word_1_41' title='bbox 726 429 937 479; x_wconf 73' lang='grc' dir='ltr'><em>θεωμένου</em></span> <span class='ocrx_word' id='word_1_42' title='bbox 963 430 1036 470; x_wconf 80' lang='grc' dir='ltr'><strong>τοῦ</strong></span> <span class='ocrx_word' id='word_1_43' title='bbox 1059 428 1190 482; x_wconf 75' lang='grc' dir='ltr'><em>δήμου</em></span> <span class='ocrx_word' id='word_1_44' title='bbox 1213 426 1313 482; x_wconf 89' lang='grc' dir='ltr'><em>πρὸς</em></span> <span class='ocrx_word' id='word_1_45' title='bbox 1338 430 1465 483; x_wconf 86' lang='grc' dir='ltr'><em>θηρία</em></span> <span class='ocrx_word' id='word_1_46' title='bbox 1490 429 1641 480; x_wconf 82' lang='grc' dir='ltr'><em>διαγω-</em></span> 
     </span>
     <span class='ocr_line' id='line_1_6' title="bbox 234 483 1667 548; baseline -0.001 -14"><span class='ocrx_word' id='word_1_47' title='bbox 234 493 451 548; x_wconf 71' lang='grc' dir='ltr'><em>νιζεσθαι,)</em></span> <span class='ocrx_word' id='word_1_48' title='bbox 469 493 648 533; x_wconf 75' lang='grc' dir='ltr'><em>ἐνταῦθα</em></span> <span class='ocrx_word' id='word_1_49' title='bbox 674 489 723 545; x_wconf 75' lang='grc' dir='ltr'><em>δη</em></span> <span class='ocrx_word' id='word_1_50' title='bbox 747 487 822 532; x_wconf 74' lang='grc' dir='ltr'><strong>οὖν</strong></span> <span class='ocrx_word' id='word_1_51' title='bbox 844 483 1140 544; x_wconf 73' lang='grc' dir='ltr'><em>ἀπολεξάμενος</em></span> <span class='ocrx_word' id='word_1_52' title='bbox 1167 493 1212 533; x_wconf 78' lang='grc' dir='ltr'><strong>ἐκ</strong></span> <span class='ocrx_word' id='word_1_53' title='bbox 1235 493 1314 532; x_wconf 77' lang='grc' dir='ltr'><strong>τῶν</strong></span> <span class='ocrx_word' id='word_1_54' title='bbox 1340 493 1496 532; x_wconf 83' lang='grc' dir='ltr'><em>οἰκείων</em></span> <span class='ocrx_word' id='word_1_55' title='bbox 1516 492 1667 545; x_wconf 84' lang='grc' dir='ltr'><em>στρα-5</em></span> 
     </span>
     <span class='ocr_line' id='line_1_7' title="bbox 235 551 1649 610; baseline -0.004 -12"><span class='ocrx_word' id='word_1_56' title='bbox 235 557 417 598; x_wconf 85' lang='grc' dir='ltr'><em>τοπέδων</em></span> <span class='ocrx_word' id='word_1_57' title='bbox 438 554 536 604; x_wconf 80' lang='grc' dir='ltr'><em>τούς</em></span> <span class='ocrx_word' id='word_1_58' title='bbox 557 555 776 610; x_wconf 72' lang='grc' dir='ltr'><em>εὐθαρσεῖς</em></span> <span class='ocrx_word' id='word_1_59' title='bbox 799 571 843 597; x_wconf 82' lang='grc' dir='ltr'><em>τε</em></span> <span class='ocrx_word' id='word_1_60' title='bbox 870 555 943 596; x_wconf 77' lang='grc' dir='ltr'>καί</span> <span class='ocrx_word' id='word_1_61' title='bbox 972 554 1289 609; x_wconf 80' lang='grc' dir='ltr'><em>μαχιμωτάτους</em></span> <span class='ocrx_word' id='word_1_62' title='bbox 1313 555 1553 610; x_wconf 82' lang='grc' dir='ltr'><em>οἷπέκρυπτε,</em></span> <span class='ocrx_word' id='word_1_63' title='bbox 1572 551 1649 594; x_wconf 75' lang='grc' dir='ltr'><em>καῖ</em></span> 
     </span>
     <span class='ocr_line' id='line_1_8' title="bbox 233 614 1641 675; baseline -0.003 -15"><span class='ocrx_word' id='word_1_64' title='bbox 233 622 422 674; x_wconf 79' lang='grc' dir='ltr'><em>μεγίστην</em></span> <span class='ocrx_word' id='word_1_65' title='bbox 441 621 610 675; x_wconf 80' lang='grc' dir='ltr'><em>ἐνέδραν</em></span> <span class='ocrx_word' id='word_1_66' title='bbox 636 620 1002 674; x_wconf 84' lang='grc' dir='ltr'><em>καταστησάμενος,</em></span> <span class='ocrx_word' id='word_1_67' title='bbox 1031 619 1246 662; x_wconf 79' lang='grc' dir='ltr'><em>ἐπεσκόπει</em></span> <span class='ocrx_word' id='word_1_68' title='bbox 1268 618 1340 670; x_wconf 80' lang='grc' dir='ltr'><em>καί</em></span> <span class='ocrx_word' id='word_1_69' title='bbox 1358 619 1548 670; x_wconf 74' lang='grc' dir='ltr'><em>ἀνέμενεν</em></span> <span class='ocrx_word' id='word_1_70' title='bbox 1570 614 1641 657; x_wconf 77' lang='grc' dir='ltr'><strong>τὸν</strong></span> 
     </span>
     <span class='ocr_line' id='line_1_9' title="bbox 233 677 1640 739; baseline -0.002 -15"><span class='ocrx_word' id='word_1_71' title='bbox 233 686 309 724; x_wconf 79' lang='grc' dir='ltr'><strong>τοῦ</strong></span> <span class='ocrx_word' id='word_1_72' title='bbox 330 682 452 738; x_wconf 82' lang='grc' dir='ltr'><em>ἔργου</em></span> <span class='ocrx_word' id='word_1_73' title='bbox 477 683 634 739; x_wconf 85' lang='grc' dir='ltr'><em>καιρόν.</em></span> <span class='ocrx_word' id='word_1_74' title='bbox 660 683 751 725; x_wconf 74' lang='grc' dir='ltr'><em>ἐπεὶ</em></span> <span class='ocrx_word' id='word_1_75' title='bbox 773 686 817 726; x_wconf 83' lang='grc' dir='ltr'><em>δὲ</em></span> <span class='ocrx_word' id='word_1_76' title='bbox 837 683 1071 738; x_wconf 83' lang='grc' dir='ltr'><em>Φούλκαρίς</em></span> <span class='ocrx_word' id='word_1_77' title='bbox 1091 698 1134 725; x_wconf 81' lang='grc' dir='ltr'><em>τε</em></span> <span class='ocrx_word' id='word_1_78' title='bbox 1157 681 1230 724; x_wconf 83' lang='grc' dir='ltr'><em>καί</em></span> <span class='ocrx_word' id='word_1_79' title='bbox 1260 681 1298 723; x_wconf 79' lang='grc' dir='ltr'><em>οἱ</em></span> <span class='ocrx_word' id='word_1_80' title='bbox 1333 677 1522 736; x_wconf 84' lang='grc' dir='ltr'><em>Ἔρουλοι</em></span> <span class='ocrx_word' id='word_1_81' title='bbox 1543 679 1640 721; x_wconf 85' lang='grc' dir='ltr'><em>εἴσω</em></span> 
     </span>
     <span class='ocr_line' id='line_1_10' title="bbox 234 745 1643 804; baseline -0.003 -15"><span class='ocrx_word' id='word_1_82' title='bbox 234 750 316 789; x_wconf 83' lang='grc' dir='ltr'><strong>τῶν</strong></span> <span class='ocrx_word' id='word_1_83' title='bbox 349 750 554 800; x_wconf 82' lang='grc' dir='ltr'><em>πολεμίων</em></span> <span class='ocrx_word' id='word_1_84' title='bbox 581 747 802 802; x_wconf 73' lang='grc' dir='ltr'><em>ἐτύγχανον</em></span> <span class='ocrx_word' id='word_1_85' title='bbox 828 747 1120 804; x_wconf 76' lang='grc' dir='ltr'><em>προελθόντες,</em></span> <span class='ocrx_word' id='word_1_86' title='bbox 1148 745 1237 790; x_wconf 85' lang='grc' dir='ltr'><em>τότε</em></span> <span class='ocrx_word' id='word_1_87' title='bbox 1268 749 1314 788; x_wconf 81' lang='grc' dir='ltr'><em>δὲ</em></span> <span class='ocrx_word' id='word_1_88' title='bbox 1353 747 1543 794; x_wconf 78' lang='grc' dir='ltr'><em>δοθέντος</em></span> <span class='ocrx_word' id='word_1_89' title='bbox 1570 747 1643 786; x_wconf 82' lang='grc' dir='ltr'><strong>τοῦ</strong></span> 
     </span>
     <span class='ocr_line' id='line_1_11' title="bbox 235 806 1692 867; baseline -0.003 -13"><span class='ocrx_word' id='word_1_90' title='bbox 235 812 497 867; x_wconf 72' lang='grc' dir='ltr'><em>ξυνθήματος</em></span> <span class='ocrx_word' id='word_1_91' title='bbox 519 811 789 867; x_wconf 78' lang='grc' dir='ltr'><em>ἐκδραμόντες</em></span> <span class='ocrx_word' id='word_1_92' title='bbox 816 813 855 854; x_wconf 85' lang='grc' dir='ltr'><em>οἱ</em></span> <span class='ocrx_word' id='word_1_93' title='bbox 884 812 1092 867; x_wconf 79' lang='grc' dir='ltr'><em>Φράγγοι,</em></span> <span class='ocrx_word' id='word_1_94' title='bbox 1121 810 1392 864; x_wconf 77' lang='grc' dir='ltr'><em>ἐσβάλλουσιν</em></span> <span class='ocrx_word' id='word_1_95' title='bbox 1415 806 1573 865; x_wconf 75' lang='grc' dir='ltr'><em>α’θρόον</em></span> <span class='ocrx_word' id='word_1_96' title='bbox 1597 809 1692 856; x_wconf 79' lang='grc' dir='ltr'><em>ὲςιο</em></span> 
     </span>
     <span class='ocr_line' id='line_1_12' title="bbox 235 873 1645 932; baseline -0.004 -14"><span class='ocrx_word' id='word_1_97' title='bbox 235 875 384 925; x_wconf 76' lang='grc' dir='ltr'><em>αὐτοὺς</em></span> <span class='ocrx_word' id='word_1_98' title='bbox 409 876 592 924; x_wconf 78' lang='grc' dir='ltr'><em>ιῖτάκτως</em></span> <span class='ocrx_word' id='word_1_99' title='bbox 613 892 656 918; x_wconf 86' lang='grc' dir='ltr'><em>τε</em></span> <span class='ocrx_word' id='word_1_100' title='bbox 674 877 746 918; x_wconf 77' lang='grc' dir='ltr'><em>καὶ</em></span> <span class='ocrx_word' id='word_1_101' title='bbox 764 878 1109 932; x_wconf 84' lang='grc' dir='ltr'><em>παρημελημένως</em></span> <span class='ocrx_word' id='word_1_102' title='bbox 1133 875 1292 928; x_wconf 85' lang='grc' dir='ltr'><em>ἰόντας,</em></span> <span class='ocrx_word' id='word_1_103' title='bbox 1317 874 1444 924; x_wconf 75' lang='grc' dir='ltr'><em>εὐθύς</em></span> <span class='ocrx_word' id='word_1_104' title='bbox 1464 890 1507 916; x_wconf 81' lang='grc' dir='ltr'><em>τε</em></span> <span class='ocrx_word' id='word_1_105' title='bbox 1529 873 1645 913; x_wconf 76' lang='grc' dir='ltr'><em>οὔδε-</em></span> 
     </span>
     <span class='ocr_line' id='line_1_13' title="bbox 237 939 1646 996; baseline -0.004 -13"><span class='ocrx_word' id='word_1_106' title='bbox 237 940 280 983; x_wconf 85' lang='grc' dir='ltr'>νί</span> <span class='ocrx_word' id='word_1_107' title='bbox 298 939 434 996; x_wconf 72' lang='grc' dir='ltr'><em>κόσμῳ</em></span> <span class='ocrx_word' id='word_1_108' title='bbox 457 939 554 988; x_wconf 79' lang='grc' dir='ltr'><em>τοὺς</em></span> <span class='ocrx_word' id='word_1_109' title='bbox 580 943 624 982; x_wconf 77' lang='grc' dir='ltr'><em>ἐν</em></span> <span class='ocrx_word' id='word_1_110' title='bbox 644 940 787 995; x_wconf 71' lang='grc' dir='ltr'><em>χερσῖν</em></span> <span class='ocrx_word' id='word_1_111' title='bbox 811 939 996 989; x_wconf 76' lang='grc' dir='ltr'><em>ἅπαντας</em></span> <span class='ocrx_word' id='word_1_112' title='bbox 1019 946 1105 988; x_wconf 85' lang='grc' dir='ltr'><em>τοῖς</em></span> <span class='ocrx_word' id='word_1_113' title='bbox 1134 942 1269 995; x_wconf 81' lang='grc' dir='ltr'><em>’ξίφεσι</em></span> <span class='ocrx_word' id='word_1_114' title='bbox 1299 939 1544 993; x_wconf 77' lang='grc' dir='ltr'><em>διεχρῶντο,</em></span> <span class='ocrx_word' id='word_1_115' title='bbox 1571 953 1646 977; x_wconf 89' lang='grc' dir='ltr'><em>κα-</em></span> 
     </span>
     <span class='ocr_line' id='line_1_14' title="bbox 148 1003 1646 1062; baseline -0.003 -16"><span class='ocrx_word' id='word_1_116' title='bbox 148 1013 181 1046; x_wconf 89' lang='grc' dir='ltr'><strong>Ρ.</strong></span> <span class='ocrx_word' id='word_1_117' title='bbox 191 1013 236 1048; x_wconf 79' lang='lat'><strong>20</strong></span> <span class='ocrx_word' id='word_1_118' title='bbox 246 1005 521 1058; x_wconf 77' lang='grc' dir='ltr'><em>ταπλαγέντας</em></span> <span class='ocrx_word' id='word_1_119' title='bbox 547 1007 604 1060; x_wconf 78' lang='grc' dir='ltr'><em>τῷ</em></span> <span class='ocrx_word' id='word_1_120' title='bbox 633 1006 826 1062; x_wconf 59' lang='grc' dir='ltr'><em>αἰφνιδιῖρ</em></span> <span class='ocrx_word' id='word_1_121' title='bbox 850 1004 922 1046; x_wconf 84' lang='grc' dir='ltr'><em>καί</em></span> <span class='ocrx_word' id='word_1_122' title='bbox 941 1003 1228 1060; x_wconf 74' lang='grc' dir='ltr'><em>ἀπροσδοκήτῳ</em></span> <span class='ocrx_word' id='word_1_123' title='bbox 1237 1036 1250 1057; x_wconf 91' lang='grc'><em>,</em></span> <span class='ocrx_word' id='word_1_124' title='bbox 1276 1004 1502 1055; x_wconf 71' lang='grc' dir='ltr'><em>μονονουχὶ</em></span> <span class='ocrx_word' id='word_1_125' title='bbox 1523 1016 1646 1043; x_wconf 89' lang='grc' dir='ltr'><em>σεσα-</em></span> 
     </span>
     <span class='ocr_line' id='line_1_15' title="bbox 235 1061 1647 1122; baseline -0.004 -12"><span class='ocrx_word' id='word_1_126' title='bbox 235 1069 528 1122; x_wconf 75' lang='grc' dir='ltr'><em>γηνευμένους·</em></span> <span class='ocrx_word' id='word_1_127' title='bbox 549 1066 667 1121; x_wconf 88' lang='grc' dir='ltr'><em>μόλις</em></span> <span class='ocrx_word' id='word_1_128' title='bbox 691 1069 737 1109; x_wconf 80' lang='grc' dir='ltr'><em>δὲ</em></span> <span class='ocrx_word' id='word_1_129' title='bbox 756 1068 793 1108; x_wconf 85' lang='grc' dir='ltr'><em>οἱ</em></span> <span class='ocrx_word' id='word_1_130' title='bbox 821 1072 1001 1110; x_wconf 80' lang='grc' dir='ltr'><em>πλεῖστοι</em></span> <span class='ocrx_word' id='word_1_131' title='bbox 1018 1066 1398 1122; x_wconf 70' lang='grc' dir='ltr'><strong>ισυναισθανόμενοι</strong></span> <span class='ocrx_word' id='word_1_132' title='bbox 1415 1061 1541 1121; x_wconf 76' lang='grc' dir='ltr'><em>οὗπερ</em></span> <span class='ocrx_word' id='word_1_133' title='bbox 1559 1066 1647 1118; x_wconf 76' lang='grc' dir='ltr'><em>ἐγε-</em></span> 
     </span>
     <span class='ocr_line' id='line_1_16' title="bbox 235 1128 1698 1188; baseline -0.001 -14"><span class='ocrx_word' id='word_1_134' title='bbox 235 1135 399 1187; x_wconf 83' lang='grc' dir='ltr'><em>γένηντο</em></span> <span class='ocrx_word' id='word_1_135' title='bbox 419 1135 658 1188; x_wconf 80' lang='grc' dir='ltr'><em>συμφορᾶς,</em></span> <span class='ocrx_word' id='word_1_136' title='bbox 682 1133 829 1187; x_wconf 81' lang='grc' dir='ltr'><em>οἷγεννῆ</em></span> <span class='ocrx_word' id='word_1_137' title='bbox 851 1130 923 1173; x_wconf 84' lang='grc' dir='ltr'>καί</span> <span class='ocrx_word' id='word_1_138' title='bbox 940 1133 1157 1185; x_wconf 81' lang='grc' dir='ltr'><em>αἰσχίστην</em></span> <span class='ocrx_word' id='word_1_139' title='bbox 1176 1128 1408 1185; x_wconf 77' lang='grc' dir='ltr'><em>ἠσπάζοντο</em></span> <span class='ocrx_word' id='word_1_140' title='bbox 1428 1129 1698 1184; x_wconf 80' lang='grc' dir='ltr'><em>σωτηρίαν.ιό</em></span> 
     </span>
     <span class='ocr_line' id='line_1_17' title="bbox 236 1192 1648 1252; baseline -0.004 -15"><span class='ocrx_word' id='word_1_141' title='bbox 236 1195 492 1252; x_wconf 87' lang='grc' dir='ltr'><em>παραδόντες</em></span> <span class='ocrx_word' id='word_1_142' title='bbox 518 1195 594 1252; x_wconf 74' lang='grc' dir='ltr'><strong>γάρ</strong></span> <span class='ocrx_word' id='word_1_143' title='bbox 619 1195 669 1238; x_wconf 79' lang='grc' dir='ltr'><em>τά</em></span> <span class='ocrx_word' id='word_1_144' title='bbox 690 1196 927 1252; x_wconf 83' lang='grc' dir='ltr'><em>μετάφρενα</em></span> <span class='ocrx_word' id='word_1_145' title='bbox 958 1203 1043 1243; x_wconf 83' lang='grc' dir='ltr'><em>τοῖς</em></span> <span class='ocrx_word' id='word_1_146' title='bbox 1061 1196 1269 1247; x_wconf 86' lang='grc' dir='ltr'><em>πολεμίοις</em></span> <span class='ocrx_word' id='word_1_147' title='bbox 1284 1226 1297 1246; x_wconf 93' lang='grc'><em>,</em></span> <span class='ocrx_word' id='word_1_148' title='bbox 1333 1192 1508 1249; x_wconf 79' lang='grc' dir='ltr'><em>ἔφευγον</em></span> <span class='ocrx_word' id='word_1_149' title='bbox 1545 1206 1648 1246; x_wconf 79' lang='grc' dir='ltr'><em>προ.-</em></span> 
     </span>
     <span class='ocr_line' id='line_1_18' title="bbox 237 1256 1648 1316; baseline -0.003 -15"><span class='ocrx_word' id='word_1_150' title='bbox 237 1261 471 1316; x_wconf 84' lang='grc' dir='ltr'><em>τροπάδην,</em></span> <span class='ocrx_word' id='word_1_151' title='bbox 512 1262 638 1315; x_wconf 83' lang='grc' dir='ltr'><em>οἷλκῆς</em></span> <span class='ocrx_word' id='word_1_152' title='bbox 664 1277 708 1302; x_wconf 84' lang='grc' dir='ltr'><em>τε</em></span> <span class='ocrx_word' id='word_1_153' title='bbox 739 1260 900 1316; x_wconf 80' lang='grc' dir='ltr'><em>ἁπάσης</em></span> <span class='ocrx_word' id='word_1_154' title='bbox 927 1260 1231 1314; x_wconf 77' lang='grc' dir='ltr'><em>ἐπιλελησμένοι</em></span> <span class='ocrx_word' id='word_1_155' title='bbox 1279 1256 1350 1300; x_wconf 83' lang='grc' dir='ltr'>καί</span> <span class='ocrx_word' id='word_1_156' title='bbox 1372 1259 1444 1313; x_wconf 79' lang='grc' dir='ltr'><strong>τῆς</strong></span> <span class='ocrx_word' id='word_1_157' title='bbox 1477 1258 1648 1311; x_wconf 88' lang='grc' dir='ltr'><em>χρονίας</em></span> 
     </span>
     <span class='ocr_line' id='line_1_19' title="bbox 238 1325 748 1380; baseline 0.002 -15"><span class='ocrx_word' id='word_1_158' title='bbox 238 1327 320 1366; x_wconf 82' lang='grc' dir='ltr'><strong>τῶν</strong></span> <span class='ocrx_word' id='word_1_159' title='bbox 339 1325 540 1367; x_wconf 80' lang='grc' dir='ltr'><em>κινδύνων</em></span> <span class='ocrx_word' id='word_1_160' title='bbox 564 1327 748 1380; x_wconf 78' lang='grc' dir='ltr'><em>μελέτης.</em></span> 
     </span>
     <span class='ocr_line' id='line_1_20' title="bbox 346 1386 1649 1444; baseline -0.002 -15"><span class='ocrx_word' id='word_1_161' title='bbox 346 1389 396 1430; x_wconf 86' lang='grc' dir='ltr'><em>ιε’.</em></span> <span class='ocrx_word' id='word_1_162' title='bbox 427 1386 546 1430; x_wconf 75' lang='grc' dir='ltr'><em>Οὕτω</em></span> <span class='ocrx_word' id='word_1_163' title='bbox 566 1390 611 1430; x_wconf 87' lang='grc' dir='ltr'><em>δὲ</em></span> <span class='ocrx_word' id='word_1_164' title='bbox 631 1391 706 1430; x_wconf 82' lang='grc' dir='ltr'><strong>τοῦ</strong></span> <span class='ocrx_word' id='word_1_165' title='bbox 719 1391 900 1444; x_wconf 80' lang='grc' dir='ltr'><em>στρατοῦ</em></span> <span class='ocrx_word' id='word_1_166' title='bbox 925 1389 1197 1444; x_wconf 67' lang='grc' dir='ltr'><em>διαρρυέντος,</em></span> <span class='ocrx_word' id='word_1_167' title='bbox 1228 1386 1461 1442; x_wconf 83' lang='grc' dir='ltr'><em>Φούλκαρις</em></span> <span class='ocrx_word' id='word_1_168' title='bbox 1477 1386 1499 1426; x_wconf 84' lang='grc' dir='ltr'>ὅ</span> <span class='ocrx_word' id='word_1_169' title='bbox 1522 1399 1649 1441; x_wconf 78' lang='grc' dir='ltr'><em>στρα-</em></span> 
     </span>
     <span class='ocr_line' id='line_1_21' title="bbox 238 1450 1699 1509; baseline 0 -15"><span class='ocrx_word' id='word_1_170' title='bbox 238 1452 357 1508; x_wconf 85' lang='grc' dir='ltr'><em>τηγὸς</em></span> <span class='ocrx_word' id='word_1_171' title='bbox 380 1450 468 1506; x_wconf 78' lang='grc' dir='ltr'><strong>ἅμα</strong></span> <span class='ocrx_word' id='word_1_172' title='bbox 496 1460 583 1501; x_wconf 82' lang='grc' dir='ltr'><em>τοῖς</em></span> <span class='ocrx_word' id='word_1_173' title='bbox 606 1453 712 1509; x_wconf 71' lang='grc' dir='ltr'><em>ἄμφ’</em></span> <span class='ocrx_word' id='word_1_174' title='bbox 737 1451 864 1494; x_wconf 80' lang='grc' dir='ltr'><em>αὐτὸν</em></span> <span class='ocrx_word' id='word_1_175' title='bbox 883 1452 1132 1508; x_wconf 83' lang='grc' dir='ltr'><em>δορυφόροις</em></span> <span class='ocrx_word' id='word_1_176' title='bbox 1153 1453 1515 1507; x_wconf 84' lang='grc' dir='ltr'><em>περιλελειμμένος,</em></span> <span class='ocrx_word' id='word_1_177' title='bbox 1541 1451 1699 1504; x_wconf 68' lang='grc' dir='ltr'><em>χρῆ-20</em></span> 
     </span>
    </p>
   </div>
   <div class='ocr_carea' id='block_1_3' title="bbox 327 1525 1695 1893">
    <p class='ocr_par' dir='ltr' id='par_1_3' title="bbox 327 1525 1695 1893">
     <span class='ocr_line' id='line_1_22' title="bbox 332 1525 1695 1574; baseline -0.006 -9"><span class='ocrx_word' id='word_1_178' title='bbox 332 1543 359 1565; x_wconf 87' lang='lat'><strong>1.</strong></span> <span class='ocrx_word' id='word_1_179' title='bbox 391 1528 503 1563; x_wconf 68' lang='grc' dir='ltr'><em>οὐδὲν</em></span> <span class='ocrx_word' id='word_1_180' title='bbox 527 1527 604 1563; x_wconf 79' lang='grc' dir='ltr'><em>οἷντ.</em></span> <span class='ocrx_word' id='word_1_181' title='bbox 628 1529 729 1564; x_wconf 85' lang='lat' dir='ltr'><strong>Suid.</strong></span> <span class='ocrx_word' id='word_1_182' title='bbox 753 1541 779 1563; x_wconf 87' lang='lat' dir='ltr'><strong>s.</strong></span> <span class='ocrx_word' id='word_1_183' title='bbox 808 1541 840 1563; x_wconf 85' lang='lat' dir='ltr'><strong>v.</strong></span> <span class='ocrx_word' id='word_1_184' title='bbox 868 1527 1054 1568; x_wconf 66' lang='grc' dir='ltr'><em>ἀντίξοον.</em></span> <span class='ocrx_word' id='word_1_185' title='bbox 1106 1529 1139 1565; x_wconf 83' lang='grc'><strong>3.</strong></span> <span class='ocrx_word' id='word_1_186' title='bbox 1165 1527 1366 1574; x_wconf 80' lang='grc' dir='ltr'><em>ἱδρυμένον</em></span> <span class='ocrx_word' id='word_1_187' title='bbox 1389 1528 1427 1560; x_wconf 88' lang='lat' dir='ltr'><strong>R.</strong></span> <span class='ocrx_word' id='word_1_188' title='bbox 1458 1531 1494 1559; x_wconf 83' lang='lat' dir='ltr'><strong>et</strong></span> <span class='ocrx_word' id='word_1_189' title='bbox 1521 1525 1651 1570; x_wconf 86' lang='lat' dir='ltr'><strong>Lugd.,</strong></span> <span class='ocrx_word' id='word_1_190' title='bbox 1684 1538 1695 1544; x_wconf 42' lang='grc' dir='ltr'><em>ν</em></span> 
     </span>
     <span class='ocr_line' id='line_1_23' title="bbox 329 1570 1647 1620; baseline -0.005 -12"><span class='ocrx_word' id='word_1_191' title='bbox 329 1574 538 1620; x_wconf 78' lang='grc' dir='ltr'><em>ἱδρυμένων</em></span> <span class='ocrx_word' id='word_1_192' title='bbox 557 1576 628 1608; x_wconf 85' lang='lat' dir='ltr'><strong>Par.</strong></span> <span class='ocrx_word' id='word_1_193' title='bbox 708 1586 741 1619; x_wconf 84' lang='lat'><strong>9.</strong></span> <span class='ocrx_word' id='word_1_194' title='bbox 766 1574 846 1608; x_wconf 83' lang='grc' dir='ltr'><em>τότε</em></span> <span class='ocrx_word' id='word_1_195' title='bbox 871 1573 910 1608; x_wconf 83' lang='grc' dir='ltr'><em>δὲ</em></span> <span class='ocrx_word' id='word_1_196' title='bbox 935 1577 988 1616; x_wconf 83' lang='grc' dir='ltr'><strong>Β.,</strong></span> <span class='ocrx_word' id='word_1_197' title='bbox 1010 1573 1091 1608; x_wconf 81' lang='grc' dir='ltr'><em>τότε</em></span> <span class='ocrx_word' id='word_1_198' title='bbox 1118 1571 1160 1614; x_wconf 73' lang='grc' dir='ltr'><em>δὴ</em></span> <span class='ocrx_word' id='word_1_199' title='bbox 1186 1574 1276 1618; x_wconf 85' lang='lat' dir='ltr'>vulg.</span> <span class='ocrx_word' id='word_1_200' title='bbox 1375 1584 1424 1608; x_wconf 79' lang='grc' dir='ltr'><strong>ιο.</strong></span> <span class='ocrx_word' id='word_1_201' title='bbox 1452 1570 1647 1614; x_wconf 72' lang='grc' dir='ltr'><em>ἐσβάλλου-</em></span> 
     </span>
     <span class='ocr_line' id='line_1_24' title="bbox 330 1617 1647 1666; baseline -0.005 -12"><span class='ocrx_word' id='word_1_202' title='bbox 330 1630 393 1654; x_wconf 89' lang='grc' dir='ltr'><strong>σιν</strong></span> <span class='ocrx_word' id='word_1_203' title='bbox 417 1623 468 1662; x_wconf 82' lang='grc' dir='ltr'><strong>Β.,</strong></span> <span class='ocrx_word' id='word_1_204' title='bbox 494 1622 556 1653; x_wconf 80' lang='grc' dir='ltr'><em>καὶ</em></span> <span class='ocrx_word' id='word_1_205' title='bbox 590 1619 832 1663; x_wconf 74' lang='grc' dir='ltr'><em>ἐσβάλλουσιν</em></span> <span class='ocrx_word' id='word_1_206' title='bbox 854 1620 946 1666; x_wconf 84' lang='lat' dir='ltr'><strong>vulg.</strong></span> <span class='ocrx_word' id='word_1_207' title='bbox 1047 1618 1097 1653; x_wconf 81' lang='lat'><strong>13.</strong></span> <span class='ocrx_word' id='word_1_208' title='bbox 1122 1617 1391 1664; x_wconf 72' lang='grc' dir='ltr'><em>ἅπροσδοκιίτῳ</em></span> <span class='ocrx_word' id='word_1_209' title='bbox 1417 1619 1455 1650; x_wconf 85' lang='lat' dir='ltr'><strong>R.</strong></span> <span class='ocrx_word' id='word_1_210' title='bbox 1480 1623 1517 1650; x_wconf 89' lang='lat' dir='ltr'><strong>et</strong></span> <span class='ocrx_word' id='word_1_211' title='bbox 1539 1617 1647 1660; x_wconf 84' lang='lat' dir='ltr'><strong>Intpr.</strong></span> 
     </span>
     <span class='ocr_line' id='line_1_25' title="bbox 327 1655 1651 1714; baseline -0.005 -15"><span class='ocrx_word' id='word_1_212' title='bbox 327 1667 446 1700; x_wconf 78' lang='lat' dir='ltr'><strong>subito</strong></span> <span class='ocrx_word' id='word_1_213' title='bbox 473 1675 507 1700; x_wconf 83' lang='lat' dir='ltr'><strong>et</strong></span> <span class='ocrx_word' id='word_1_214' title='bbox 531 1668 723 1711; x_wconf 76' lang='lat' dir='ltr'><strong>inopinato</strong></span> <span class='ocrx_word' id='word_1_215' title='bbox 752 1677 856 1710; x_wconf 59' lang='grc' dir='ltr'><em>σασα,</em></span> <span class='ocrx_word' id='word_1_216' title='bbox 881 1664 1142 1710; x_wconf 66' lang='grc' dir='ltr'><em>ἀπροσδόκητα</em></span> <span class='ocrx_word' id='word_1_217' title='bbox 1165 1665 1257 1708; x_wconf 86' lang='lat' dir='ltr'>vulg.</span> <span class='ocrx_word' id='word_1_218' title='bbox 1380 1662 1430 1707; x_wconf 77' lang='grc'><strong>14.</strong></span> <span class='ocrx_word' id='word_1_219' title='bbox 1467 1655 1583 1707; x_wconf 75' lang='grc' dir='ltr'><em>οὗπερ</em></span> <span class='ocrx_word' id='word_1_220' title='bbox 1608 1662 1651 1714; x_wconf 57' lang='lat' dir='ltr'><strong>R3</strong></span> 
     </span>
     <span class='ocr_line' id='line_1_26' title="bbox 330 1706 1649 1754; baseline -0.005 -10"><span class='ocrx_word' id='word_1_221' title='bbox 330 1717 367 1745; x_wconf 86' lang='lat' dir='ltr'><strong>et</strong></span> <span class='ocrx_word' id='word_1_222' title='bbox 392 1712 490 1745; x_wconf 88' lang='lat' dir='ltr'><strong>Suid.</strong></span> <span class='ocrx_word' id='word_1_223' title='bbox 517 1724 543 1745; x_wconf 85' lang='lat' dir='ltr'><strong>s.</strong></span> <span class='ocrx_word' id='word_1_224' title='bbox 571 1723 615 1751; x_wconf 86' lang='lat' dir='ltr'><strong>v.,</strong></span> <span class='ocrx_word' id='word_1_225' title='bbox 638 1712 728 1754; x_wconf 83' lang='lat' dir='ltr'>vulg.</span> <span class='ocrx_word' id='word_1_226' title='bbox 755 1711 883 1754; x_wconf 79' lang='grc' dir='ltr'><em>ἧσπερ.</em></span> <span class='ocrx_word' id='word_1_227' title='bbox 991 1713 1040 1744; x_wconf 82' lang='lat'><strong>16.</strong></span> <span class='ocrx_word' id='word_1_228' title='bbox 1060 1709 1159 1744; x_wconf 86' lang='lat' dir='ltr'><strong>Suid.</strong></span> <span class='ocrx_word' id='word_1_229' title='bbox 1183 1721 1211 1743; x_wconf 81' lang='lat' dir='ltr'><strong>s.</strong></span> <span class='ocrx_word' id='word_1_230' title='bbox 1237 1719 1267 1743; x_wconf 87' lang='lat' dir='ltr'><strong>v.</strong></span> <span class='ocrx_word' id='word_1_231' title='bbox 1290 1706 1576 1753; x_wconf 75' lang='grc' dir='ltr'><em>προτροπάδηνε</em></span> <span class='ocrx_word' id='word_1_232' title='bbox 1604 1718 1649 1740; x_wconf 86' lang='grc' dir='ltr'><strong>τα</strong></span> 
     </span>
     <span class='ocr_line' id='line_1_27' title="bbox 328 1750 1651 1802; baseline -0.005 -12"><span class='ocrx_word' id='word_1_233' title='bbox 328 1759 442 1793; x_wconf 72' lang='grc' dir='ltr'><em>νῶτα.</em></span> <span class='ocrx_word' id='word_1_234' title='bbox 494 1769 542 1802; x_wconf 89' lang='lat'><strong>¹9·</strong></span> <span class='ocrx_word' id='word_1_235' title='bbox 569 1755 810 1802; x_wconf 78' lang='grc' dir='ltr'><em>διαῤῥυέντος</em></span> <span class='ocrx_word' id='word_1_236' title='bbox 834 1757 869 1788; x_wconf 91' lang='lat' dir='ltr'><strong>R.</strong></span> <span class='ocrx_word' id='word_1_237' title='bbox 893 1761 929 1790; x_wconf 87' lang='lat' dir='ltr'><strong>et</strong></span> <span class='ocrx_word' id='word_1_238' title='bbox 948 1755 1054 1800; x_wconf 87' lang='lat' dir='ltr'><strong>Lugd.</strong></span> <span class='ocrx_word' id='word_1_239' title='bbox 1071 1779 1080 1795; x_wconf 93' lang='lat'><strong><em>,</em></strong></span> <span class='ocrx_word' id='word_1_240' title='bbox 1105 1753 1319 1799; x_wconf 80' lang='grc' dir='ltr'><em>διαρύεντος</em></span> <span class='ocrx_word' id='word_1_241' title='bbox 1334 1753 1413 1786; x_wconf 87' lang='lat' dir='ltr'><strong>edd.</strong></span> <span class='ocrx_word' id='word_1_242' title='bbox 1474 1765 1530 1789; x_wconf 79' lang='lat'><strong>20.</strong></span> <span class='ocrx_word' id='word_1_243' title='bbox 1554 1750 1651 1797; x_wconf 67' lang='grc' dir='ltr'><em>ἄμφ’</em></span> 
     </span>
     <span class='ocr_line' id='line_1_28' title="bbox 332 1795 1648 1879; baseline -0.003 -44"><span class='ocrx_word' id='word_1_244' title='bbox 332 1801 448 1837; x_wconf 72' lang='grc' dir='ltr'><em>αὐτὸν</em></span> <span class='ocrx_word' id='word_1_245' title='bbox 465 1803 523 1879; x_wconf 65' lang='grc' dir='ltr'><strong>1Β.,</strong></span> <span class='ocrx_word' id='word_1_246' title='bbox 549 1801 609 1835; x_wconf 78' lang='grc' dir='ltr'><em>ὑπ’</em></span> <span class='ocrx_word' id='word_1_247' title='bbox 633 1795 748 1838; x_wconf 71' lang='grc' dir='ltr'><em>αὐτὸν</em></span> <span class='ocrx_word' id='word_1_248' title='bbox 772 1801 863 1845; x_wconf 84' lang='lat' dir='ltr'>vulg.</span> <span class='ocrx_word' id='word_1_249' title='bbox 926 1801 1250 1847; x_wconf 78' lang='grc' dir='ltr'><em>περιλελειμμένος</em></span> <span class='ocrx_word' id='word_1_250' title='bbox 1275 1799 1336 1841; x_wconf 82' lang='grc' dir='ltr'><strong>Β.,</strong></span> <span class='ocrx_word' id='word_1_251' title='bbox 1354 1798 1648 1846; x_wconf 80' lang='grc' dir='ltr'><em>παραλελειμμέ-</em></span> 
     </span>
     <span class='ocr_line' id='line_1_29' title="bbox 330 1859 508 1893; baseline -0.022 -9"><span class='ocrx_word' id='word_1_252' title='bbox 330 1859 395 1885; x_wconf 68' lang='lat' dir='ltr'><strong>vos·</strong></span> <span class='ocrx_word' id='word_1_253' title='bbox 418 1859 462 1882; x_wconf 92' lang='lat' dir='ltr'><strong>vu</strong></span> <span class='ocrx_word' id='word_1_254' title='bbox 480 1859 508 1893; x_wconf 86' lang='lat' dir='ltr'><strong>g.</strong></span> 
     </span>
    </p>
   </div>
   <div class='ocr_carea' id='block_1_4' title="bbox 239 1905 1653 2727">
    <p class='ocr_par' dir='ltr' id='par_1_4' title="bbox 239 1905 1653 2628">
     <span class='ocr_line' id='line_1_30' title="bbox 240 1905 1649 1955; baseline -0.005 -12"><span class='ocrx_word' id='word_1_255' title='bbox 240 1911 355 1943; x_wconf 88' lang='lat' dir='ltr'><strong>lorum</strong></span> <span class='ocrx_word' id='word_1_256' title='bbox 372 1911 489 1955; x_wconf 80' lang='lat' dir='ltr'><strong>copias</strong></span> <span class='ocrx_word' id='word_1_257' title='bbox 508 1908 660 1943; x_wconf 86' lang='lat' dir='ltr'><strong>educens</strong></span> <span class='ocrx_word' id='word_1_258' title='bbox 673 1934 683 1950; x_wconf 89' lang='lat'>‚</span> <span class='ocrx_word' id='word_1_259' title='bbox 709 1915 746 1943; x_wconf 88' lang='lat' dir='ltr'><strong>et</strong></span> <span class='ocrx_word' id='word_1_260' title='bbox 764 1913 942 1955; x_wconf 79' lang='lat' dir='ltr'><strong>quotquot</strong></span> <span class='ocrx_word' id='word_1_261' title='bbox 963 1919 981 1941; x_wconf 89' lang='lat' dir='ltr'><strong>e</strong></span> <span class='ocrx_word' id='word_1_262' title='bbox 1000 1906 1163 1941; x_wconf 84' lang='lat' dir='ltr'><strong>Romanis</strong></span> <span class='ocrx_word' id='word_1_263' title='bbox 1194 1905 1397 1950; x_wconf 83' lang='lat' dir='ltr'><strong>legionibus</strong></span> <span class='ocrx_word' id='word_1_264' title='bbox 1417 1915 1498 1938; x_wconf 88' lang='lat' dir='ltr'><strong>eum</strong></span> <span class='ocrx_word' id='word_1_265' title='bbox 1518 1915 1649 1950; x_wconf 86' lang='lat' dir='ltr'><strong>seque-</strong></span> 
     </span>
     <span class='ocr_line' id='line_1_31' title="bbox 239 1951 1650 1999; baseline -0.005 -11"><span class='ocrx_word' id='word_1_266' title='bbox 239 1956 391 1998; x_wconf 83' lang='lat' dir='ltr'><strong>bantur,</strong></span> <span class='ocrx_word' id='word_1_267' title='bbox 425 1956 601 1989; x_wconf 86' lang='lat' dir='ltr'><strong>concitato</strong></span> <span class='ocrx_word' id='word_1_268' title='bbox 637 1956 774 1999; x_wconf 87' lang='lat' dir='ltr'>agmine</span> <span class='ocrx_word' id='word_1_269' title='bbox 799 1954 990 1994; x_wconf 81' lang='lat' dir='ltr'><strong>tendebat,</strong></span> <span class='ocrx_word' id='word_1_270' title='bbox 1016 1952 1110 1986; x_wconf 87' lang='lat' dir='ltr'><strong>nihil</strong></span> <span class='ocrx_word' id='word_1_271' title='bbox 1139 1951 1275 1984; x_wconf 81' lang='lat' dir='ltr'><strong>adversi</strong></span> <span class='ocrx_word' id='word_1_272' title='bbox 1302 1955 1508 1984; x_wconf 82' lang='lat' dir='ltr'><strong>eventurum</strong></span> <span class='ocrx_word' id='word_1_273' title='bbox 1532 1961 1590 1982; x_wconf 87' lang='lat' dir='ltr'><strong>sus</strong></span> <span class='ocrx_word' id='word_1_274' title='bbox 1618 1951 1650 1981; x_wconf 89' lang='lat' dir='ltr'><strong>i·-</strong></span> 
     </span>
     <span class='ocr_line' id='line_1_32' title="bbox 242 1994 1649 2047; baseline -0.005 -13"><span class='ocrx_word' id='word_1_275' title='bbox 242 2008 350 2035; x_wconf 81' lang='lat' dir='ltr'><strong>catus.</strong></span> <span class='ocrx_word' id='word_1_276' title='bbox 397 2001 499 2047; x_wconf 82' lang='lat' dir='ltr'><strong>Quae</strong></span> <span class='ocrx_word' id='word_1_277' title='bbox 522 2012 599 2033; x_wconf 90' lang='lat' dir='ltr'><strong>cum</strong></span> <span class='ocrx_word' id='word_1_278' title='bbox 623 2001 867 2045; x_wconf 83' lang='lat' dir='ltr'><strong>praescivisset</strong></span> <span class='ocrx_word' id='word_1_279' title='bbox 894 1999 1071 2031; x_wconf 87' lang='lat' dir='ltr'><strong>Butilinus</strong></span> <span class='ocrx_word' id='word_1_280' title='bbox 1095 1999 1307 2031; x_wconf 86' lang='lat' dir='ltr'><strong>Francorum</strong></span> <span class='ocrx_word' id='word_1_281' title='bbox 1325 1997 1414 2035; x_wconf 81' lang='lat' dir='ltr'><strong>dux,</strong></span> <span class='ocrx_word' id='word_1_282' title='bbox 1438 1997 1478 2028; x_wconf 91' lang='lat' dir='ltr'><strong>in</strong></span> <span class='ocrx_word' id='word_1_283' title='bbox 1501 1995 1588 2040; x_wconf 86' lang='lat' dir='ltr'><strong>Amp</strong></span> <span class='ocrx_word' id='word_1_284' title='bbox 1617 1994 1649 2026; x_wconf 87' lang='lat' dir='ltr'><strong>i-</strong></span> 
     </span>
     <span class='ocr_line' id='line_1_33' title="bbox 241 2040 1651 2093; baseline -0.004 -15"><span class='ocrx_word' id='word_1_285' title='bbox 241 2047 380 2080; x_wconf 75' lang='lat' dir='ltr'><strong>theatro</strong></span> <span class='ocrx_word' id='word_1_286' title='bbox 406 2047 559 2093; x_wconf 87' lang='lat' dir='ltr'><strong>quodam</strong></span> <span class='ocrx_word' id='word_1_287' title='bbox 583 2058 657 2079; x_wconf 89' lang='lat' dir='ltr'><strong>non</strong></span> <span class='ocrx_word' id='word_1_288' title='bbox 687 2046 812 2090; x_wconf 88' lang='lat' dir='ltr'><strong>procul</strong></span> <span class='ocrx_word' id='word_1_289' title='bbox 842 2044 886 2077; x_wconf 90' lang='lat' dir='ltr'><strong>ab</strong></span> <span class='ocrx_word' id='word_1_290' title='bbox 912 2045 1000 2077; x_wconf 90' lang='lat' dir='ltr'><strong>urbe</strong></span> <span class='ocrx_word' id='word_1_291' title='bbox 1026 2049 1144 2076; x_wconf 87' lang='lat' dir='ltr'><strong>erecto</strong></span> <span class='ocrx_word' id='word_1_292' title='bbox 1169 2042 1258 2087; x_wconf 83' lang='lat' dir='ltr'><strong>(erat</strong></span> <span class='ocrx_word' id='word_1_293' title='bbox 1276 2053 1358 2075; x_wconf 86' lang='lat' dir='ltr'><strong>vero</strong></span> <span class='ocrx_word' id='word_1_294' title='bbox 1381 2041 1419 2074; x_wconf 84' lang='lat' dir='ltr'><strong>id</strong></span> <span class='ocrx_word' id='word_1_295' title='bbox 1435 2040 1651 2074; x_wconf 85' lang='lat' dir='ltr'><strong>destinatum</strong></span> 
     </span>
     <span class='ocr_line' id='line_1_34' title="bbox 242 2087 1651 2137; baseline -0.005 -13"><span class='ocrx_word' id='word_1_296' title='bbox 242 2093 298 2131; x_wconf 89' lang='lat' dir='ltr'><strong>iis,</strong></span> <span class='ocrx_word' id='word_1_297' title='bbox 316 2094 379 2137; x_wconf 89' lang='lat' dir='ltr'><strong>qui</strong></span> <span class='ocrx_word' id='word_1_298' title='bbox 399 2098 581 2137; x_wconf 81' lang='lat' dir='ltr'><strong>spectante</strong></span> <span class='ocrx_word' id='word_1_299' title='bbox 597 2089 730 2136; x_wconf 80' lang='lat' dir='ltr'><strong>populo</strong></span> <span class='ocrx_word' id='word_1_300' title='bbox 750 2102 827 2124; x_wconf 90' lang='lat' dir='ltr'><strong>cum</strong></span> <span class='ocrx_word' id='word_1_301' title='bbox 846 2090 971 2123; x_wconf 87' lang='lat' dir='ltr'><strong>bestiis</strong></span> <span class='ocrx_word' id='word_1_302' title='bbox 1000 2087 1243 2132; x_wconf 82' lang='lat' dir='ltr'><strong>decertabant)</strong></span> <span class='ocrx_word' id='word_1_303' title='bbox 1266 2087 1439 2120; x_wconf 86' lang='lat' dir='ltr'><strong>delectam</strong></span> <span class='ocrx_word' id='word_1_304' title='bbox 1461 2097 1479 2119; x_wconf 85' lang='lat' dir='ltr'><strong>e</strong></span> <span class='ocrx_word' id='word_1_305' title='bbox 1499 2087 1572 2119; x_wconf 85' lang='lat' dir='ltr'><strong>suis</strong></span> <span class='ocrx_word' id='word_1_306' title='bbox 1589 2097 1651 2118; x_wconf 82' lang='lat' dir='ltr'><strong>co—</strong></span> 
     </span>
     <span class='ocr_line' id='line_1_35' title="bbox 241 2131 1652 2182; baseline -0.005 -11"><span class='ocrx_word' id='word_1_307' title='bbox 241 2140 312 2182; x_wconf 82' lang='lat' dir='ltr'><strong>piis</strong></span> <span class='ocrx_word' id='word_1_308' title='bbox 337 2144 558 2171; x_wconf 85' lang='lat' dir='ltr'><strong>strenuorum</strong></span> <span class='ocrx_word' id='word_1_309' title='bbox 573 2139 724 2170; x_wconf 81' lang='lat' dir='ltr'><strong>maxime</strong></span> <span class='ocrx_word' id='word_1_310' title='bbox 745 2137 1166 2180; x_wconf 85' lang='lat' dir='ltr'><strong>bellicosissimorumque</strong></span> <span class='ocrx_word' id='word_1_311' title='bbox 1189 2133 1342 2166; x_wconf 90' lang='lat' dir='ltr'><strong>militum</strong></span> <span class='ocrx_word' id='word_1_312' title='bbox 1367 2143 1510 2165; x_wconf 85' lang='lat' dir='ltr'><strong>manum</strong></span> <span class='ocrx_word' id='word_1_313' title='bbox 1532 2131 1652 2164; x_wconf 84' lang='lat' dir='ltr'><strong>occul-</strong></span> 
     </span>
     <span class='ocr_line' id='line_1_36' title="bbox 245 2176 1653 2230; baseline -0.005 -15"><span class='ocrx_word' id='word_1_314' title='bbox 245 2185 350 2224; x_wconf 78' lang='lat' dir='ltr'><strong>tavit,</strong></span> <span class='ocrx_word' id='word_1_315' title='bbox 383 2185 614 2228; x_wconf 83' lang='lat' dir='ltr'><strong>maximisque</strong></span> <span class='ocrx_word' id='word_1_316' title='bbox 640 2181 781 2216; x_wconf 84' lang='lat' dir='ltr'><strong>insidiis</strong></span> <span class='ocrx_word' id='word_1_317' title='bbox 822 2181 1003 2226; x_wconf 86' lang='lat' dir='ltr'><strong>dispositis</strong></span> <span class='ocrx_word' id='word_1_318' title='bbox 1036 2178 1246 2213; x_wconf 83' lang='lat' dir='ltr'><strong>observabat</strong></span> <span class='ocrx_word' id='word_1_319' title='bbox 1276 2178 1571 2230; x_wconf 64' lang='lat' dir='ltr'><strong>exspectabatque</strong></span> <span class='ocrx_word' id='word_1_320' title='bbox 1599 2176 1653 2209; x_wconf 88' lang='lat' dir='ltr'><strong>rei</strong></span> 
     </span>
     <span class='ocr_line' id='line_1_37' title="bbox 247 2222 1651 2273; baseline -0.006 -11"><span class='ocrx_word' id='word_1_321' title='bbox 247 2231 340 2263; x_wconf 84' lang='lat' dir='ltr'><strong>bene</strong></span> <span class='ocrx_word' id='word_1_322' title='bbox 361 2229 533 2273; x_wconf 83' lang='lat' dir='ltr'><strong>gerendae</strong></span> <span class='ocrx_word' id='word_1_323' title='bbox 551 2230 779 2262; x_wconf 84' lang='lat' dir='ltr'><strong>occasionem.</strong></span> <span class='ocrx_word' id='word_1_324' title='bbox 827 2227 1016 2272; x_wconf 88' lang='lat' dir='ltr'><strong>Postquam</strong></span> <span class='ocrx_word' id='word_1_325' title='bbox 1029 2236 1111 2259; x_wconf 87' lang='lat' dir='ltr'><strong>vero</strong></span> <span class='ocrx_word' id='word_1_326' title='bbox 1130 2224 1286 2258; x_wconf 88' lang='lat' dir='ltr'><strong>Fulcaris</strong></span> <span class='ocrx_word' id='word_1_327' title='bbox 1316 2230 1352 2256; x_wconf 85' lang='lat' dir='ltr'><strong>ct</strong></span> <span class='ocrx_word' id='word_1_328' title='bbox 1367 2223 1490 2256; x_wconf 88' lang='lat' dir='ltr'><strong>Heruli</strong></span> <span class='ocrx_word' id='word_1_329' title='bbox 1507 2233 1576 2254; x_wconf 75' lang='lat' dir='ltr'><strong>lam</strong></span> <span class='ocrx_word' id='word_1_330' title='bbox 1593 2222 1651 2254; x_wconf 89' lang='lat' dir='ltr'><strong>in-</strong></span> 
     </span>
     <span class='ocr_line' id='line_1_38' title="bbox 248 2267 1651 2318; baseline -0.006 -10"><span class='ocrx_word' id='word_1_331' title='bbox 248 2281 302 2309; x_wconf 80' lang='lat' dir='ltr'><strong>tra</strong></span> <span class='ocrx_word' id='word_1_332' title='bbox 318 2275 435 2308; x_wconf 88' lang='lat' dir='ltr'><strong>hostes</strong></span> <span class='ocrx_word' id='word_1_333' title='bbox 463 2281 582 2307; x_wconf 85' lang='lat' dir='ltr'><strong>essent</strong></span> <span class='ocrx_word' id='word_1_334' title='bbox 606 2275 798 2318; x_wconf 85' lang='lat' dir='ltr'><strong>progressi,</strong></span> <span class='ocrx_word' id='word_1_335' title='bbox 821 2278 897 2306; x_wconf 90' lang='lat' dir='ltr'><strong>tum</strong></span> <span class='ocrx_word' id='word_1_336' title='bbox 926 2274 1024 2316; x_wconf 87' lang='lat' dir='ltr'><strong>signo</strong></span> <span class='ocrx_word' id='word_1_337' title='bbox 1053 2272 1135 2304; x_wconf 86' lang='lat' dir='ltr'><strong>dato</strong></span> <span class='ocrx_word' id='word_1_338' title='bbox 1164 2275 1386 2314; x_wconf 83' lang='lat' dir='ltr'><strong>erumpentes</strong></span> <span class='ocrx_word' id='word_1_339' title='bbox 1409 2267 1557 2308; x_wconf 80' lang='lat' dir='ltr'><strong>Franci,</strong></span> <span class='ocrx_word' id='word_1_340' title='bbox 1580 2269 1651 2310; x_wconf 65' lang='lat' dir='ltr'><strong>im-⁴</strong></span> 
     </span>
     <span class='ocr_line' id='line_1_39' title="bbox 248 2307 1650 2367; baseline -0.006 -13"><span class='ocrx_word' id='word_1_341' title='bbox 248 2323 503 2367; x_wconf 84' lang='lat' dir='ltr'><strong>pressioneque</strong></span> <span class='ocrx_word' id='word_1_342' title='bbox 523 2322 560 2352; x_wconf 88' lang='lat' dir='ltr'><strong>in</strong></span> <span class='ocrx_word' id='word_1_343' title='bbox 585 2330 644 2353; x_wconf 85' lang='lat' dir='ltr'><strong>cos</strong></span> <span class='ocrx_word' id='word_1_344' title='bbox 671 2320 873 2353; x_wconf 84' lang='lat' dir='ltr'><strong>inordinate</strong></span> <span class='ocrx_word' id='word_1_345' title='bbox 908 2318 1166 2362; x_wconf 83' lang='lat' dir='ltr'><strong>neglectimque</strong></span> <span class='ocrx_word' id='word_1_346' title='bbox 1191 2321 1314 2348; x_wconf 87' lang='lat' dir='ltr'><strong>euntes</strong></span> <span class='ocrx_word' id='word_1_347' title='bbox 1339 2314 1525 2354; x_wconf 79' lang='lat' dir='ltr'><strong>confertim</strong></span> <span class='ocrx_word' id='word_1_348' title='bbox 1547 2307 1650 2352; x_wconf 51' lang='lat' dir='ltr'><strong>facila</strong></span> 
     </span>
     <span class='ocr_line' id='line_1_40' title="bbox 251 2358 1651 2411; baseline -0.006 -12"><span class='ocrx_word' id='word_1_349' title='bbox 251 2367 373 2400; x_wconf 91' lang='lat' dir='ltr'><strong>obvios</strong></span> <span class='ocrx_word' id='word_1_350' title='bbox 400 2367 597 2411; x_wconf 87' lang='lat' dir='ltr'><strong>promiscue</strong></span> <span class='ocrx_word' id='word_1_351' title='bbox 629 2377 749 2398; x_wconf 86' lang='lat' dir='ltr'><strong>omnes</strong></span> <span class='ocrx_word' id='word_1_352' title='bbox 779 2364 904 2410; x_wconf 84' lang='lat' dir='ltr'><strong>gladiis</strong></span> <span class='ocrx_word' id='word_1_353' title='bbox 930 2362 1176 2403; x_wconf 80' lang='lat' dir='ltr'><strong>trucidabant,</strong></span> <span class='ocrx_word' id='word_1_354' title='bbox 1209 2361 1396 2405; x_wconf 84' lang='lat' dir='ltr'><strong>repentina</strong></span> <span class='ocrx_word' id='word_1_355' title='bbox 1421 2358 1651 2404; x_wconf 83' lang='lat' dir='ltr'><strong>impressione</strong></span> 
     </span>
     <span class='ocr_line' id='line_1_41' title="bbox 250 2403 1650 2457; baseline -0.006 -14"><span class='ocrx_word' id='word_1_356' title='bbox 250 2412 427 2457; x_wconf 83' lang='lat' dir='ltr'><strong>perculsos</strong></span> <span class='ocrx_word' id='word_1_357' title='bbox 471 2418 578 2456; x_wconf 89' lang='lat' dir='ltr'><strong>atque</strong></span> <span class='ocrx_word' id='word_1_358' title='bbox 611 2411 798 2455; x_wconf 84' lang='lat' dir='ltr'><strong>inopinato</strong></span> <span class='ocrx_word' id='word_1_359' title='bbox 829 2409 994 2452; x_wconf 83' lang='lat' dir='ltr'><strong>indagine</strong></span> <span class='ocrx_word' id='word_1_360' title='bbox 1023 2409 1175 2449; x_wconf 79' lang='lat' dir='ltr'><strong>cinctos3</strong></span> <span class='ocrx_word' id='word_1_361' title='bbox 1217 2417 1318 2451; x_wconf 85' lang='lat' dir='ltr'><strong>aegre</strong></span> <span class='ocrx_word' id='word_1_362' title='bbox 1349 2417 1432 2439; x_wconf 86' lang='lat' dir='ltr'><strong>vero</strong></span> <span class='ocrx_word' id='word_1_363' title='bbox 1465 2403 1650 2450; x_wconf 87' lang='lat' dir='ltr'><strong>quamplu-</strong></span> 
     </span>
     <span class='ocr_line' id='line_1_42' title="bbox 252 2451 1650 2502; baseline -0.009 -11"><span class='ocrx_word' id='word_1_364' title='bbox 252 2458 356 2499; x_wconf 88' lang='lat' dir='ltr'><strong>rimi,</strong></span> <span class='ocrx_word' id='word_1_365' title='bbox 382 2458 512 2491; x_wconf 90' lang='lat' dir='ltr'><strong>conscii</strong></span> <span class='ocrx_word' id='word_1_366' title='bbox 529 2459 599 2490; x_wconf 87' lang='lat' dir='ltr'><strong>iam</strong></span> <span class='ocrx_word' id='word_1_367' title='bbox 624 2468 694 2502; x_wconf 88' lang='lat' dir='ltr'><strong>quo</strong></span> <span class='ocrx_word' id='word_1_368' title='bbox 713 2457 798 2488; x_wconf 82' lang='lat' dir='ltr'><strong>mali</strong></span> <span class='ocrx_word' id='word_1_369' title='bbox 827 2455 1026 2494; x_wconf 86' lang='lat' dir='ltr'><strong>venissent,</strong></span> <span class='ocrx_word' id='word_1_370' title='bbox 1052 2453 1246 2498; x_wconf 83' lang='lat' dir='ltr'><strong>ignobilem</strong></span> <span class='ocrx_word' id='word_1_371' title='bbox 1273 2451 1579 2496; x_wconf 66' lang='lat' dir='ltr'><strong>turpissimumque</strong></span> <span class='ocrx_word' id='word_1_372' title='bbox 1595 2459 1650 2480; x_wconf 86' lang='lat' dir='ltr'><strong>sa—</strong></span> 
     </span>
     <span class='ocr_line' id='line_1_43' title="bbox 251 2493 1651 2549; baseline -0.008 -12"><span class='ocrx_word' id='word_1_373' title='bbox 251 2505 362 2536; x_wconf 87' lang='lat' dir='ltr'><strong>lutem</strong></span> <span class='ocrx_word' id='word_1_374' title='bbox 396 2504 655 2549; x_wconf 86' lang='lat' dir='ltr'><strong>quaesiverunt.</strong></span> <span class='ocrx_word' id='word_1_375' title='bbox 701 2502 816 2546; x_wconf 87' lang='lat' dir='ltr'><strong>Terga</strong></span> <span class='ocrx_word' id='word_1_376' title='bbox 849 2501 945 2533; x_wconf 89' lang='lat' dir='ltr'><strong>enim</strong></span> <span class='ocrx_word' id='word_1_377' title='bbox 977 2498 1140 2532; x_wconf 88' lang='lat' dir='ltr'><strong>hostibus</strong></span> <span class='ocrx_word' id='word_1_378' title='bbox 1172 2501 1347 2535; x_wconf 80' lang='lat' dir='ltr'><strong>vertentes</strong></span> <span class='ocrx_word' id='word_1_379' title='bbox 1381 2493 1651 2529; x_wconf 81' lang='lat' dir='ltr'><strong>concitatissimo</strong></span> 
     </span>
     <span class='ocr_line' id='line_1_44' title="bbox 253 2539 1652 2592; baseline -0.009 -10"><span class='ocrx_word' id='word_1_380' title='bbox 253 2562 352 2582; x_wconf 72' lang='lat' dir='ltr'><strong>cursu</strong></span> <span class='ocrx_word' id='word_1_381' title='bbox 382 2550 563 2592; x_wconf 82' lang='lat' dir='ltr'><strong>sugerunt3</strong></span> <span class='ocrx_word' id='word_1_382' title='bbox 588 2547 700 2580; x_wconf 88' lang='lat' dir='ltr'><strong>omnis</strong></span> <span class='ocrx_word' id='word_1_383' title='bbox 728 2552 764 2580; x_wconf 85' lang='lat' dir='ltr'><strong>et</strong></span> <span class='ocrx_word' id='word_1_384' title='bbox 790 2546 942 2580; x_wconf 85' lang='lat' dir='ltr'><strong>bellicae</strong></span> <span class='ocrx_word' id='word_1_385' title='bbox 966 2545 1108 2578; x_wconf 78' lang='lat' dir='ltr'><strong>virtutis</strong></span> <span class='ocrx_word' id='word_1_386' title='bbox 1138 2549 1174 2578; x_wconf 82' lang='lat' dir='ltr'><strong>et</strong></span> <span class='ocrx_word' id='word_1_387' title='bbox 1202 2543 1390 2576; x_wconf 85' lang='lat' dir='ltr'><strong>diuturnae</strong></span> <span class='ocrx_word' id='word_1_388' title='bbox 1412 2539 1652 2586; x_wconf 82' lang='lat' dir='ltr'><strong>periculorum</strong></span> 
     </span>
     <span class='ocr_line' id='line_1_45' title="bbox 252 2593 651 2628; baseline -0.008 -1"><span class='ocrx_word' id='word_1_389' title='bbox 252 2595 516 2628; x_wconf 71' lang='lat' dir='ltr'><strong>exercitationis</strong></span> <span class='ocrx_word' id='word_1_390' title='bbox 537 2593 651 2626; x_wconf 87' lang='lat' dir='ltr'><strong>obliti.</strong></span> 
     </span>
    </p>

    <p class='ocr_par' dir='ltr' id='par_1_5' title="bbox 254 2629 1650 2727">
     <span class='ocr_line' id='line_1_46' title="bbox 342 2629 1650 2676; baseline -0.009 -2"><span class='ocrx_word' id='word_1_391' title='bbox 342 2640 397 2674; x_wconf 81' lang='lat'><strong>15.</strong></span> <span class='ocrx_word' id='word_1_392' title='bbox 446 2642 497 2673; x_wconf 86' lang='lat' dir='ltr'><strong>Ita</strong></span> <span class='ocrx_word' id='word_1_393' title='bbox 521 2651 602 2672; x_wconf 80' lang='lat' dir='ltr'><strong>vero</strong></span> <span class='ocrx_word' id='word_1_394' title='bbox 630 2639 709 2670; x_wconf 84' lang='lat' dir='ltr'><strong>fuso</strong></span> <span class='ocrx_word' id='word_1_395' title='bbox 738 2636 914 2676; x_wconf 82' lang='lat' dir='ltr'><strong>exercitu,</strong></span> <span class='ocrx_word' id='word_1_396' title='bbox 939 2636 1095 2670; x_wconf 83' lang='lat' dir='ltr'><strong>Fulcaris</strong></span> <span class='ocrx_word' id='word_1_397' title='bbox 1114 2635 1322 2668; x_wconf 80' lang='lat' dir='ltr'><strong>Herulorum</strong></span> <span class='ocrx_word' id='word_1_398' title='bbox 1338 2630 1534 2676; x_wconf 78' lang='lat' dir='ltr'><strong>praefectus</strong></span> <span class='ocrx_word' id='word_1_399' title='bbox 1556 2629 1650 2662; x_wconf 71' lang='lat' dir='ltr'><strong>solus</strong></span> 
     </span>
     <span class='ocr_line' id='line_1_47' title="bbox 254 2675 1650 2727; baseline -0.004 -9"><span class='ocrx_word' id='word_1_400' title='bbox 254 2697 331 2719; x_wconf 87' lang='lat' dir='ltr'><strong>cum</strong></span> <span class='ocrx_word' id='word_1_401' title='bbox 349 2686 516 2721; x_wconf 84' lang='lat' dir='ltr'><strong>satellitio</strong></span> <span class='ocrx_word' id='word_1_402' title='bbox 535 2697 596 2719; x_wconf 76' lang='lat' dir='ltr'><strong>suo</strong></span> <span class='ocrx_word' id='word_1_403' title='bbox 616 2684 758 2718; x_wconf 80' lang='lat' dir='ltr'><strong>relictus</strong></span> <span class='ocrx_word' id='word_1_404' title='bbox 774 2707 782 2723; x_wconf 95' lang='lat'><strong><em>,</em></strong></span> <span class='ocrx_word' id='word_1_405' title='bbox 807 2693 1032 2727; x_wconf 81' lang='lat' dir='ltr'><strong>nequaquam</strong></span> <span class='ocrx_word' id='word_1_406' title='bbox 1048 2681 1128 2721; x_wconf 90' lang='lat' dir='ltr'><strong>sibi,</strong></span> <span class='ocrx_word' id='word_1_407' title='bbox 1149 2687 1190 2715; x_wconf 82' lang='lat' dir='ltr'><strong>ut</strong></span> <span class='ocrx_word' id='word_1_408' title='bbox 1210 2681 1300 2721; x_wconf 85' lang='lat' dir='ltr'><strong>aliis,</strong></span> <span class='ocrx_word' id='word_1_409' title='bbox 1325 2675 1529 2721; x_wconf 77' lang='lat' dir='ltr'><strong>fugiendum</strong></span> <span class='ocrx_word' id='word_1_410' title='bbox 1546 2679 1650 2719; x_wconf 60' lang='lat' dir='ltr'><strong>put&amp;-</strong></span> 
     </span>
    </p>
   </div>
  </div>
 </body>
</html>
