1794 3112
575 155 951 217 ffls'rOmAm'm
995 177 1048 216 11.
1072 178 1138 221 17.
1309 162 1311 164 ’
1495 170 1592 208 101

160 264 284 322 οῦδὲν
305 272 434 332 αὔτῆς
463 272 498 328 ὅ,
525 291 565 317 τι
595 276 813 318 ἐσέσωστο.
845 273 955 318 οὕτω
988 278 1033 319 δὲ
1066 278 1143 319 τοῦ
1164 270 1326 324 Υὅῖστεος
1357 271 1600 329 οἰκτρότατα
1617 281 1654 314 Α.
1671 281 1708 314 Q
1734 279 1794 322 554

161 345 376 398 κειμένου,
415 336 610 397 ἄγροικόν
648 342 741 382 τινα
783 357 913 397 φασι,
956 341 1117 384 τούτων
1159 339 1209 396 δὴ
1255 342 1340 382 τῶν
1384 336 1606 394 γεηπόνων,
1633 329 1659 363 Ῑ·
1691 328 1718 362 Ῑ·
1743 328 1794 372 ²3.

163 406 419 463 Χαιρήμονα
447 401 661 459 τοῦνομα,
692 405 860 463 σφόδρα
894 405 970 462 τήν
998 405 1145 462 ψυχὴν
1181 407 1341 447 ἁλῶναι
1367 406 1425 462 τῷ
1454 402 1607 456 πάθει,

157 475 231 514 καί
259 468 335 514 οὖν
361 471 436 513 οῦκ
457 471 670 526 ἐνεγκόντα
696 471 938 525 θαυμάσιόν
961 489 1003 513 τι
1021 472 1162 527 ἡλίκον
1185 471 1259 512 καί
1290 466 1463 512 ἄπιστον
1483 467 1604 524 ἔργον

130 535 328 587 5ἅνύσαι.
355 535 458 591 μήτε
484 534 560 592 γὰρ
587 539 659 591 τῆς
678 535 780 578 ὁδοῦ
802 535 847 578 τὸ
865 539 999 592 μῆκος
1022 533 1050 591 ἢ
1073 538 1145 592 τῆς
1170 536 1393 591 πρεσβείας
1421 533 1466 576 τὸ
1486 534 1607 588 μέγε-

155 607 233 653 θος
257 602 635 658 κατορρωδήσαντα
651 635 663 654 ,
691 602 797 657 μήτε
830 599 895 644 ὅτι
922 602 1154 656 μεγίστοις,
1185 599 1324 656 ὥσπερ
1354 598 1476 653 εἰκὸς,
1507 598 1605 652 ὁμι-

95 680 100 685 ’
157 668 300 724 λη’σειν
317 663 492 724 ἤμελλεν
515 668 734 721 κινδύνοις,
763 670 837 710 καί
863 670 997 710 ταῦτα
1023 668 1088 710 ἐπ’
1114 666 1255 724 ἀδήλῳ
1277 669 1327 722 τῇ
1350 665 1472 722 τύχῃ,
1500 663 1606 719 μήτε

156 737 238 777 τῶν
271 733 377 776 οἴκοι
398 731 472 790 τήν
498 734 704 790 ἐρημίαν,
733 735 839 789 μήτε
863 729 965 776 ἄλλο
989 751 1032 775 τι
1057 735 1155 785 τῶν,
1182 731 1315 775 ὁπόσα
1350 729 1601 783 διανοούμε-

157 816 223 843 νοι
250 795 465 856 ἅνθρωποι
497 799 873 853 μεταμανθάνουσι
907 798 958 842 τά
983 799 1239 854 δοκηθέντα,
1269 796 1517 854 ἀφικέσθαι,
1545 793 1605 849 μή

108 863 224 913 ιοὸτι
250 867 296 910 ἒν
311 865 475 923 ζΡιόμῃ,
505 865 610 908 rma*
634 863 713 921 γάρ
738 864 811 907 καί
833 866 876 914 ἐς
899 866 984 908 τῶν
1009 865 1318 920 Κανταβρινῶν
1338 860 1415 918 τὴν
1438 861 1598 918 χώραν,
1614 871 1640 905 C

156 928 267 988 ἄμφ’
298 928 429 980 αὐτάς
460 929 510 987 δή
545 947 628 973 που
653 930 727 981 τὰς
744 933 820 973 τοῦ
846 928 1055 973 Ὠκεανοῦ
1081 927 1240 986 ἠϊόνας,
1266 927 1508 985 (ἐτύγχανεν
1524 924 1604 982 γάρ

155 997 292 1039 αὐτοῦ
308 1013 389 1038 που
412 996 434 1038 ὅ
459 1000 633 1052 Καῖσαρ
659 998 704 1039 ἐν
724 998 782 1054 τῷ
804 995 894 1039 τότε
914 995 1019 1052 πρός
1047 1013 1088 1038 τι
1119 997 1203 1036 τῶν
1230 996 1367 1036 ἐθνῶν
1391 989 1610 1046 διαμαχό-

153 1065 310 1120 μενος,)
335 1062 531 1118 ἀγγεῖλαί
555 1066 601 1104 τέ
623 1062 663 1104 οἱ
694 1060 747 1104 τα
775 1064 1090 1116 ξυνενεχθέντα,
1120 1063 1193 1102 καί
1222 1057 1358 1109 οὕτως
1388 1056 1497 1100 ἑλεῖν
1527 1056 1599 1098 τὸν

154 1130 330 1181 βασιλέα
342 1162 355 1182 ,
385 1129 442 1177 ὥς
465 1129 616 1172 αὐτίκα
641 1126 692 1184 δὴ
717 1127 832 1182 μα’λα
860 1126 1090 1177 ὑπατικοὺς
1122 1125 1228 1168 ἑπτὰ
1252 1127 1337 1167 τῶν
1357 1126 1402 1166 ἐν
1416 1130 1502 1172 τοῖς
1524 1121 1610 1176 μα’-

107 1198 276 1242 ι5λιστοι
313 1191 578 1251 εὖπατριδῶν
598 1211 643 1237 τε
676 1196 750 1236 καί
773 1192 1040 1247 εὕδαιμόνων
1073 1194 1244 1249 ἀνδρῶν
1269 1193 1316 1234 ἐκ
1347 1187 1610 1246 τῆς“Ρώμης

157 1259 486 1314 ἀπολεξάμενον,
517 1258 607 1314 ἅμα
634 1263 692 1319 τῷ
714 1262 902 1318 σφετέρῳ
930 1258 1084 1317 πλήθει
1119 1262 1281 1301 στεῖλαι
1302 1259 1345 1307 ἐς
1377 1253 1453 1311 τήν
1483 1255 1609 1296 ἀποι-

156 1327 274 1380 κίαν,
303 1325 376 1368 καί
394 1327 505 1379 τούς,
535 1327 594 1376 ὥς
615 1326 798 1381 τάχιστα
822 1328 866 1369 ἐν
894 1329 951 1383 τῷ
970 1325 1097 1384 χώρῳ
1117 1325 1375 1380 γενομένους,
1410 1318 1609 1377 χρήματά

153 1407 202 1432 τε
229 1395 402 1433 πλεῖστα
431 1388 509 1433 ὅσα
541 1390 759 1440 ἐπιδόντας
799 1393 871 1433 καί
890 1393 1054 1447 σπουδῇ
1092 1391 1412 1446 χρησαμένους,
1454 1387 1609 1429 ἀναδο-

155 1457 292 1511 μῆσαι
324 1452 454 1506 αὖθις
493 1455 569 1512 τήν
607 1455 748 1509 πόλιν,
786 1458 858 1498 καί
893 1458 937 1504 ἐς
972 1454 1019 1497 τό
1045 1457 1174 1509 μέχρι
1204 1456 1329 1495 τοῦδε
1364 1450 1642 1505 σωζόμενονΙ)

101 1521 478 1578 αοᾶπεργάσασθαι
498 1523 655 1577 σχῆμα.
694 1523 772 1564 νῦν
800 1518 877 1564 οὖν
905 1520 1100 1578 οἷ-ἒκείνῃ
1134 1519 1257 1562 α’στοί
1290 1518 1509 1573 Πελασγοί
1525 1518 1606 1570 μὲν

254 1618 282 1640 ι.
308 1605 438 1641 αὐτοῖς
462 1604 517 1639 ἔτι
541 1605 581 1650 R,
660 1615 710 1638 ιο.
740 1603 834 1637 ἄλλα
858 1597 935 1650 γὰρ
962 1606 1026 1637 καὶ
1050 1605 1102 1644 Β.,
1127 1600 1221 1636 dns>
1243 1604 1308 1635 καὶ
1331 1603 1428 1647 vulg.
1501 1602 1606 1634 Καν-

244 1651 438 1697 ταβρηνῶν
476 1654 538 1692 R„
577 1652 880 1695 Κανταβαρηνῶν
903 1651 996 1695 vulg.
1051 1650 1243 1695 Agathias,
1295 1651 1352 1682 cui
1399 1659 1525 1693 parum
1562 1647 1607 1679 de

246 1698 439 1733 Cantabris
474 1699 702 1738 innotuerat,
728 1710 770 1731 ex
790 1699 910 1732 verbis
931 1698 1194 1742 epigrammatis
1224 1694 1444 1739 Κάνταβριν
1471 1696 1509 1731 ἐς
1534 1696 1610 1738 γᾶν

247 1746 355 1786 finxit
377 1745 450 1778 sibi
477 1744 734 1778 Cantabriam.
838 1746 887 1790 ¹4·
916 1742 1123 1780 ὑπατικοὺς
1150 1744 1302 1783 correxi,
1328 1744 1443 1786 Intpr.
1473 1753 1606 1776 consu-

253 1792 377 1831 larem,
402 1790 568 1828 ὑπάτους
593 1794 630 1824 R.
657 1797 694 1824 et
718 1791 809 1836 vulg.
959 1791 1022 1824 ἐπὶ
1049 1784 1094 1823 τοὶ
1127 1792 1164 1824 R.
1180 1815 1190 1830 ‚
1215 1789 1278 1822 sed
1304 1790 1342 1822 in
1367 1799 1474 1834 marg.
1499 1780 1606 1821 ἑπτὰ.

257 1839 309 1874 ι8.
336 1837 578 1884 ἀναδομῆσαι
606 1840 645 1875 R.
672 1844 709 1872 et
731 1837 862 1884 Lugd.,
912 1836 1218 1883 ἀνοικοδομῆσαι
1244 1835 1330 1873 edd.

162 1923 362 1957 miserrime
390 1923 561 1967 collapso,
585 1923 688 1955 aiunt
712 1922 883 1955 rusticum
901 1921 1086 1966 quendam
1110 1932 1155 1954 ex
1179 1921 1237 1961 iis,
1254 1921 1319 1966 qui
1346 1931 1447 1964 agros
1473 1920 1609 1962 colunt,

165 1970 445 2003 chaeremonem
481 1969 650 2009 nomine,
691 1970 875 2013 ingentem
908 1968 955 2001 ob
979 1969 1081 2001 illius
1108 1979 1228 2000 casum
1262 1978 1462 2000 moerorem
1489 1968 1609 2000 animo
1647 1964 1650 1969 ’

165 2018 393 2061 concepisse,
429 2027 536 2062 quem
572 2026 652 2048 cum
676 2015 770 2048 serre
794 2027 869 2047 non
893 2020 1037 2059 posset,
1068 2013 1318 2048 admirandum
1353 2013 1534 2058 quoddam
1569 2018 1608 2046 et

164 2062 380 2097 incredibile
404 2063 544 2096 facinus
568 2061 760 2106 peregisse.
808 2061 937 2107 Neque
962 2062 1059 2094 enim
1097 2062 1239 2094 itineris
1270 2060 1514 2105 longitudine,
1540 2070 1604 2092 ne-

165 2120 236 2154 que
259 2110 516 2155 postulationis
553 2108 802 2153 magnitudine
837 2108 1074 2148 deterritum,
1107 2118 1228 2152 neque
1253 2107 1352 2151 quod
1379 2107 1607 2151 gravissima,

164 2156 220 2188 uti
241 2157 437 2190 verisimile
464 2161 566 2196 erat,
598 2155 761 2200 pericula
787 2154 951 2187 aditurus
982 2154 1189 2194 videretur,
1223 2158 1261 2186 et
1294 2152 1440 2198 quidem
1467 2155 1606 2186 incerto

165 2207 310 2244 eventu,
331 2214 452 2249 neque
479 2213 615 2242 eorum,
631 2213 720 2246 quos
738 2201 835 2234 domi
848 2202 1057 2246 reliquerat,
1080 2200 1290 2234 solitudinis
1304 2201 1444 2233 ratione
1466 2199 1605 2240 habita,

165 2259 284 2294 neque
306 2250 452 2283 alterius
481 2250 591 2282 ullius
617 2249 692 2289 rei,
718 2249 818 2281 cuius
844 2247 1133 2280 consideratione
1158 2252 1265 2292 atque
1290 2251 1455 2291 respectu
1483 2245 1605 2279 homi-

165 2305 228 2327 nes
255 2298 471 2330 sententiam
498 2300 650 2335 mutant,
675 2295 883 2340 pervenisse
907 2306 982 2327 non
1007 2298 1147 2326 tantum
1175 2295 1334 2335 Romam,
1361 2292 1424 2325 sed
1446 2294 1485 2325 in
1511 2293 1605 2325 Can-

166 2341 349 2374 tabrorum
361 2343 554 2387 regionem,
581 2342 674 2374 circa
689 2342 767 2385 ipsa
793 2340 930 2373 Oceani
942 2341 1082 2380 littora,
1105 2339 1199 2386 (erat
1223 2340 1319 2372 enim
1343 2339 1398 2372 ibi
1423 2345 1499 2372 tum
1513 2344 1607 2372 tem-

164 2387 262 2432 poris
276 2387 404 2420 Caesar
429 2393 550 2432 gentes
569 2387 741 2433 quasdam
757 2386 1031 2430 debellaturus,)
1049 2392 1086 2419 et
1116 2387 1162 2426 ei,
1186 2397 1278 2431 quae
1296 2386 1430 2419 Trallis
1445 2386 1608 2429 contige-

164 2438 247 2466 rant
277 2458 287 2473 ,
314 2434 565 2477 significasset,
602 2439 638 2468 et
661 2433 808 2479 quidem
837 2435 915 2466 eius
942 2434 1106 2466 oratione
1131 2434 1183 2466 ita
1207 2437 1351 2477 captum
1377 2433 1488 2465 fuisse
1515 2432 1608 2465 Cae-

164 2491 291 2520 sarem,
317 2485 358 2512 ut
379 2480 542 2524 protinus
567 2479 724 2513 delectos
750 2485 888 2524 septem
913 2480 1133 2520 consulares,
1158 2481 1221 2525 qui
1246 2479 1438 2523 splendore
1467 2479 1606 2522 generis

165 2531 203 2558 et
226 2527 450 2559 fortunarum
483 2527 578 2559 inter
612 2527 790 2560 Romanos
830 2526 1055 2567 eminebant,
1100 2537 1179 2559 cum
1214 2537 1342 2570 magno
1368 2526 1541 2558 comitatu
1568 2525 1607 2556 in

166 2573 345 2605 coloniam
375 2572 536 2611 miserit,
571 2583 723 2618 eosque,
758 2584 837 2605 cum
874 2574 1011 2617 magnis
1049 2572 1243 2605 itineribus
1278 2583 1320 2604 eo
1346 2571 1606 2615 pervenissent,

163 2630 290 2663 magna
315 2619 489 2663 pecuniae
517 2618 552 2649 vi
577 2618 682 2652 allata
709 2630 920 2664 summaque
948 2619 1139 2664 diligentia
1174 2617 1358 2657 adhibita,
1384 2616 1512 2649 urbem
1539 2615 1605 2649 de-

161 2676 237 2697 nuo
257 2667 492 2704 instaurasse,
517 2665 626 2710 atque
660 2665 698 2697 in
726 2664 830 2706 hanc,
854 2676 945 2710 quae
974 2665 1086 2698 hodie
1122 2666 1293 2703 cernitur,
1320 2664 1469 2696 sormam
1494 2673 1602 2695 exae-

164 2709 337 2744 dificasse.
385 2711 489 2744 Nunc
521 2711 643 2755 itaque
668 2710 884 2744 Trallienses
916 2712 1009 2744 cives
1046 2723 1120 2744 non
1157 2710 1310 2754 amplius
1358 2709 1492 2752 Pelasgi
1526 2709 1603 2741 iure

143 2756 280 2792 soceri
305 2759 463 2803 possint,
501 2756 564 2791 sed
587 2757 710 2802 potius
735 2757 903 2799 Romani,
939 2759 1083 2792 tametsi
1119 2767 1232 2791 sermo
1260 2756 1405 2790 illorum
1428 2757 1468 2790 in
1493 2753 1604 2789 Gne-
