1794 3112
303 137 370 208 74
863 151 1132 195 AGATHIAE

109 262 153 296 A.
170 262 206 294 C.
225 264 287 297 553
300 254 339 294 εἷ
363 255 437 294 καί
455 269 495 294 τι
520 253 783 307 διαφθαρείη,
811 251 1010 306 θωράκων
1032 255 1108 305 μὲν
1128 253 1204 308 γὰρ
1238 255 1308 295 καί
1325 254 1529 308 κνημίὸων
1556 252 1688 307 ‹kyrei-

154 310 183 343 Ι·
203 309 232 345 1·
252 320 358 366 5³7ng
382 315 650 369 τυγχάνουσιν
678 311 786 363 ἷὶντες
800 347 811 366 ,
846 314 920 364 τὰς
947 318 991 357 δὲ
1017 316 1197 372 κεφαλὰς
1219 316 1255 358 οἱ
1276 319 1353 369 μὲν
1375 321 1551 358 πλεῖστοι
1568 317 1690 358 ἄσκε-

294 386 383 430 πεῖς
413 380 588 433 ἔχουσιν,
614 378 740 432 ὀλίγοι
755 379 799 418 δὲ
824 378 894 419 καί
911 381 1036 434 κράνη
1059 381 1325 433 ἀναδούμενοι
1344 381 1570 434 μάχονται·
1606 397 1682 436 γυ-

291 443 388 497 μνοί
408 445 452 484 δὲ
468 441 517 484 τὰ
536 444 683 498 στέρνα
705 441 785 483 εἰσί
803 441 873 483 καί
892 441 942 483 τὰ
955 445 1060 484 νῶτα
1081 446 1206 499 μέχρι
1227 446 1298 498 τῆς
1321 443 1487 500 ὄσφύος,
1512 446 1694 487 ἐνταῦθα

293 510 339 549 δὲ
365 507 630 562 ἇναξυράΐας,
671 505 709 547 οἱ
741 508 819 558 μὲν
852 508 989 559 λινᾶς,
1016 506 1054 548 οῖ
1089 509 1133 549 δὲ
1167 509 1238 549 καί
1257 509 1446 556 σκυτίνας
1466 509 1715 559 διαζωννύ-5

290 587 404 623 μενοι
421 577 505 618 τοῖς
524 572 681 611 σκέλεσι
702 571 1087 625 περιαμπίσχονται.
1109 573 1244 620 ἵπποις
1270 573 1314 613 δὲ
1338 569 1481 626 ἥκιστα
1493 573 1691 626 χρῶνται,

288 633 392 689 πλὴν
422 635 582 691 σφόδρα
613 634 776 688 ὀλίγων,
817 631 888 674 ἅτε
921 634 968 688 δη
1003 631 1140 683 αὐτοῖς
1177 633 1222 676 τὸ
1250 637 1494 688 πεζομαχεῖν
1517 633 1689 690 σύντρο-

289 700 367 755 φόν
389 715 432 740 τε
455 694 502 738 ὃν
523 699 593 739 καί
606 697 775 753 πάτριον
797 699 868 739 καί
894 694 1039 754 ἄριστα
1060 701 1394 754 μεμελετημένον.
1423 700 1537 753 ξίφος
1571 700 1617 740 δὲ
1635 700 1692 755 τῷ

286 765 398 818 μηρῷ
409 796 422 814 ,
447 763 517 803 καί
539 760 658 810 ἀσπίς
680 763 727 817 τῇ
749 764 844 818 λαιᾷ
865 765 1020 819 πλευρᾷ
1039 762 1315 819 παρῃώρηται.
1343 764 1414 804 καί
1431 763 1567 804 τοίνυν
1590 762 1687 812 τόξα

248 823 320 881 Βῆ
342 826 563 881 σφενδόνας
581 822 608 880 ἢ
631 820 733 867 ἄλλα
748 821 850 868 ιῖττα
867 823 1036 881 ἑκηβόλα
1062 823 1164 868 ὅπλα
1189 827 1261 868 οὐκ
1285 827 1561 882 ἐπιφέρονται,
1583 821 1744 869 dudm

287 892 465 938 πελέκεις
475 889 549 945 γὰρ
566 889 852 945 ἀμφιστόμους
863 891 1032 940 καίτούς
1045 886 1238 945 ἄγγωνας,
1250 888 1310 939 οἷς
1321 889 1369 945 δὴ
1382 892 1452 932 καί
1462 890 1511 931 τά
1521 893 1690 930 πλεῖστα

287 953 607 1007 κατεργάζονται·
623 953 704 996 εἰσί
718 955 762 994 δὲ
774 954 811 995 οἱ
830 950 1004 1008 ἄγγωνες
1016 954 1166 1011 δόρατα
1182 955 1230 995 οὕ
1243 954 1336 996 λίαν
1353 952 1516 1008 σμικρὰ,
1545 953 1690 1005 οὖμεν.

288 1019 362 1058 οῦν
375 1017 463 1058 ἀλλ’
479 1018 576 1058 οὐδὲ
598 1013 699 1071 ἄγαν
717 1019 885 1072 μεγάλα,
903 1019 991 1059 ἀλλ’
1013 1016 1107 1060 ὅσον
1120 1015 1407 1068 ἆκοντίζεσθαί
1421 1033 1475 1071 τε,
1487 1016 1602 1058 εἵπου
1622 1017 1689 1058 δε.-

285 1079 392 1135 ήσοι,
416 1082 486 1122 καί
499 1082 540 1129 ἐς
567 1080 640 1130 τὰς
656 1081 918 1136 ἄγχεμάχους
933 1084 1175 1138 παρατάξεις
1188 1082 1286 1138 πρὸς
1309 1081 1382 1132 τὰς
1402 1080 1576 1135 ἐμβολὰς
1595 1080 1687 1135 ἔφι-

284 1148 483 1186 κνεῖσθαι.
502 1145 652 1187 τούτων
665 1148 710 1186 δὲ
731 1144 776 1187 τὸ
791 1150 974 1188 πλεῖστον
984 1149 1109 1201 μέρος
1122 1145 1273 1203 σιδήρῳ
1291 1145 1740 1200 πάντοθενπεριέχε-ιὸ

283 1226 364 1259 ται,
412 1207 467 1258 ὦς
489 1209 706 1262 ἐλάχιστόν
731 1227 771 1251 τι
798 1212 1092 1266 διαφαίνεσθαι
1113 1212 1187 1252 τοῦ
1205 1212 1340 1264 ξύλου,
1369 1212 1439 1251 καί
1456 1207 1575 1262 μόλις
1597 1203 1687 1249 ὅλον

285 1272 355 1315 τὸν
377 1276 636 1329 σαυρωτῆρα·
670 1269 752 1315 ἅνω
781 1276 826 1315 δὲ
843 1274 956 1330 ἀμφὶ
972 1273 1016 1316 τὸ
1033 1270 1155 1330 ἄκρον
1187 1277 1259 1329 τῆς
1290 1275 1442 1328 αἰχμῆς
1476 1271 1687 1324 καμπύλαι

161 1348 200 1382 V.
226 1351 268 1383 30
282 1338 385 1386 τινὲς
407 1338 544 1387 άκίδες
563 1339 771 1392 ἕξέχουσιν
793 1336 1043 1393 ἑκατέρωθεν
1064 1341 1107 1389 ἐξ
1137 1335 1264 1392 αὐτῆς
1295 1339 1422 1393 δήπου
1455 1339 1527 1391 τῆς
1549 1336 1687 1376 ἐπιδο-

281 1404 444 1457 ρατίδος
456 1436 468 1455 ‚
503 1398 638 1457 ὥσπερ
681 1397 873 1457 ἄγκιστρα
898 1401 1264 1456 ’ύπογναπτόμενα,
1314 1403 1386 1444 καί
1424 1403 1467 1451 ἐς
1497 1398 1547 1443 τὰ
1577 1399 1686 1441 κάτω

178 1479 211 1511 Ρ.
231 1476 276 1516 ιη
287 1466 507 1508 νενεύκασι.
551 1467 622 1508 καί
649 1461 720 1508 οὖν
738 1468 888 1522 ἀφίησι
915 1466 1039 1520 τυχὸν
1063 1468 1107 1509 ἓν
1134 1468 1342 1523 συμπλοκῇ
1372 1467 1511 1508 τοῦτον
1544 1463 1594 1518 δὴ
1618 1461 1739 1510 rome

281 1527 442 1583 ἅγγωνα
477 1531 661 1586 Φράγγος
695 1531 811 1586 ἀνήρ.
853 1532 923 1572 καί
963 1532 1002 1572 εἰ
1033 1534 1110 1584 μὲν
1138 1531 1306 1584 σώματί
1334 1546 1412 1572 που
1441 1530 1686 1584 ἒγχρίψειεν,

272 1595 481 1643 ,εἰσδύεται
498 1597 576 1647 μὲν
600 1593 709 1647 εἴσω,
729 1592 862 1651 ὥσπερ
889 1594 1019 1648 εἰκὸς,
1043 1597 1068 1649 ἢ
1094 1595 1246 1649 αἰχμὴ,
1275 1590 1367 1636 οἷῖτε
1395 1595 1440 1636 δὲ
1474 1591 1597 1634 αὐτὸν
1615 1590 1687 1632 τὸν

278 1661 483 1713 βληθέντα
513 1654 606 1700 οὗτε
632 1655 754 1701 ἄλλον
782 1659 873 1700 τινα
900 1659 1044 1715 ἐρύσαι
1063 1659 1215 1716 ῥᾳδίως
1233 1658 1365 1700 ἔνεστι
1385 1657 1429 1700 τὸ
1460 1657 1574 1712 δόρυ.
1602 1655 1687 1712 εἴρ-

373 1726 422 1760 13.
435 1723 543 1770 δεήσῃ
551 1727 588 1757 R.
662 1724 710 1768 14.
727 1726 966 1770 ἐφικνεῖσθαι
987 1728 1036 1767 R„
1051 1725 1296 1770 ἀφικνεῖσθαι
1308 1725 1398 1770 vulg.
1492 1735 1542 1768 ¹9·
1567 1721 1687 1767 ἄγγι-

369 1779 459 1816 στρα
472 1772 561 1814 vulg.
579 1813 589 1825 e
602 1770 916 1815 ύπογναπτόμενα
930 1774 979 1812 R„
1005 1774 1111 1816 Intpr.
1128 1779 1363 1811 communae,
1390 1768 1684 1822 ὑπογαμπτόμεῑ

367 1827 414 1850 να
435 1817 539 1859 vulg„
567 1815 912 1861 υπογναμπτόμενα
937 1817 1044 1862 Lugd.
1079 1830 1103 1851 ι.
1126 1829 1170 1850 m.
1284 1816 1336 1854 23.
1359 1814 1442 1850 οὔτε
1462 1813 1573 1850 ἄλλον
1598 1825 1682 1849 τινα

369 1861 448 1894 add.
474 1862 510 1893 R.
526 1886 535 1901 ‚
566 1862 672 1904 Intpr.
698 1874 811 1908 neque
840 1863 936 1895 alius
961 1864 1161 1908 quisquam.

279 1920 428 1952 fractum
462 1917 581 1957 fucrit,
612 1918 708 1950 refici
741 1922 870 1961 potest.
929 1917 1070 1950 Loricas
1096 1919 1191 1950 enim
1222 1920 1258 1950 et
1293 1928 1409 1950 ocreas
1440 1927 1513 1950 non
1541 1917 1683 1950 norunt.

279 1965 404 2008 Capita
432 1963 594 2008 plerique
626 1973 746 1996 eorum
775 1974 848 1995 non
879 1965 1064 2003 muniunt,
1101 1963 1206 2007 pauci
1240 1973 1322 1995 vero
1359 1962 1467 2007 galeis
1493 1963 1579 1994 tecti
1614 1972 1684 2004 pu—

278 2014 402 2054 gnant.
443 2009 646 2042 Pectoribus
681 2014 718 2042 et
741 2009 939 2052 tergoribus
975 2009 1019 2041 ad
1042 2009 1182 2041 lumbos
1206 2018 1316 2053 usque
1341 2012 1423 2040 sunt
1446 2007 1571 2048 nudis,
1598 2006 1683 2039 inde

280 2056 415 2088 braccis
434 2055 508 2088 sive
532 2054 760 2087 femoralibus
781 2055 844 2086 alii
866 2055 984 2095 lineis,
1006 2054 1067 2087 alii
1091 2055 1256 2086 coriaceis
1281 2054 1400 2093 cincti,
1423 2053 1530 2086 tibias
1554 2062 1684 2095 coope-

277 2102 385 2134 riunt.
432 2101 540 2145 Equis
562 2111 644 2134 vero
670 2111 743 2133 non
765 2104 932 2140 utuntur,
972 2101 1043 2133 nisi
1067 2099 1255 2132 admodum
1277 2100 1420 2143 paucis,
1455 2099 1588 2144 quippe
1621 2097 1683 2142 qui

281 2146 328 2179 ad
355 2146 553 2188 pedestrem
591 2156 764 2190 pugnam,
797 2156 886 2190 quae
917 2147 1004 2190 ipsis
1039 2145 1220 2178 familiaris
1244 2146 1427 2188 patriaque
1452 2148 1521 2184 est,
1551 2144 1685 2187 optime

279 2193 351 2224 sint
374 2193 565 2225 exercitati.
622 2193 724 2224 Ensis
759 2191 906 2232 femori,
941 2197 977 2224 et
1011 2197 1146 2224 scutum
1177 2192 1318 2223 sinistro
1351 2191 1454 2222 lateri
1485 2189 1684 2233 appendet:

281 2236 432 2269 arcubus
460 2243 522 2270 aut
545 2237 676 2277 fundis,
700 2237 757 2271 vel
771 2238 849 2270 aliis
873 2237 967 2278 telis,
994 2248 1084 2282 quae
1111 2238 1246 2269 eminus
1272 2236 1459 2275 iaciuntur,
1481 2246 1554 2267 non
1573 2239 1684 2266 utun-

278 2287 356 2323 tur‚·
390 2282 453 2315 sed
489 2283 704 2326 ancipitibus
728 2283 913 2315 securibus
940 2288 977 2316 et
999 2283 1215 2327 angonibm,
1242 2282 1371 2326 quibus
1396 2281 1586 2324 praecipue
1610 2289 1683 2312 rem

279 2332 414 2371 gerunt.
455 2328 544 2360 Sunt
566 2339 648 2361 vero
678 2339 830 2372 angoncs
850 2328 970 2361 hastae
995 2329 1168 2373 quaedam
1198 2338 1314 2372 neque
1339 2325 1526 2360 admodum
1545 2334 1683 2369 parvae,

278 2383 395 2417 neque
419 2373 604 2405 admodum
628 2385 781 2418 magnae,
812 2374 873 2407 sed
895 2379 935 2407 et
959 2374 1002 2407 ad
1025 2375 1117 2406 iactu
1138 2373 1347 2413 feriendum,
1373 2371 1488 2404 sicubi
1513 2381 1600 2415 opus
1622 2369 1681 2400 fu-

280 2420 370 2458 erit,
395 2423 432 2451 et
451 2419 511 2451 ubi
537 2420 693 2451 cominus
721 2420 848 2453 collato
871 2419 962 2464 pede
989 2419 1245 2464 confligendum
1273 2424 1326 2451 est
1349 2419 1570 2463 impetusque
1594 2413 1682 2446 faci-

279 2464 404 2503 endus,
427 2465 712 2497 accommodatae.
735 2465 807 2497 Hae
820 2466 985 2510 pleraque
999 2466 1054 2498 sui
1065 2470 1163 2508 parte
1173 2465 1264 2497 ferro
1283 2469 1364 2496 sunt
1375 2463 1559 2500 obductae,
1573 2459 1623 2490 ita
1640 2463 1682 2491 ut

271 2519 463 2554 ¹perparum
476 2510 562 2553 ligni
575 2521 593 2541 a
607 2510 746 2542 laminis
759 2511 881 2543 ferreis
900 2511 1033 2544 nudum
1045 2511 1294 2554 conspiciatur,
1321 2515 1426 2553 atque
1440 2507 1527 2540 adeo
1537 2506 1596 2538 vix
1605 2509 1682 2536 tota

281 2556 371 2587 imae
394 2554 515 2588 hastae
531 2557 664 2598 cuspis3
698 2566 801 2599 supra
819 2568 900 2589 vero
926 2557 969 2589 ad
993 2557 1248 2589 extremitatem
1277 2554 1421 2598 spiculi,
1447 2551 1573 2585 adunci
1599 2550 1682 2594 qui-

283 2600 358 2631 dam
384 2611 565 2633 mucrones
591 2601 758 2644 utrinque
776 2602 988 2644 prominent,
1013 2613 1055 2634 ex
1082 2603 1158 2644 ipso
1182 2602 1317 2645 spiculo
1336 2600 1446 2632 instar
1460 2596 1681 2629 hamulorum

282 2644 412 2685 reflexi,
437 2651 474 2679 et
492 2645 653 2679 deorsum
671 2652 863 2687 vergentes.
889 2649 930 2679 In
958 2647 1119 2679 conflictu
1145 2647 1265 2691 itaque
1290 2647 1441 2678 Francus
1461 2643 1561 2674 miles
1585 2638 1682 2690 hunc

283 2699 452 2734 augonem
479 2691 584 2734 iacit3
608 2691 704 2736 quod
728 2692 839 2726 telum
864 2693 893 2726 si
922 2693 1058 2738 corpori
1078 2692 1248 2729 inflictum
1260 2691 1386 2734 fuerit,
1415 2685 1568 2731 adigitur
1595 2693 1679 2733 ‘1¹1¹‘
