1832 3152
367 79 476 149 394
924 99 1192 142 AGATfflAE

363 195 468 228 sueta
490 196 577 228 meis
602 195 786 229 desideriis
813 196 978 239 illudere3
1002 198 1146 231 formam

408 240 580 273 Perdidit:
605 241 687 273 huic
711 241 838 286 digitos
868 254 948 286 ruga
971 244 1090 276 senilis
1116 249 1200 280 arat.

362 287 475 318 Ubera
498 285 703 325 subsidunt,
726 286 854 319 cecidit
881 288 998 326 frons,
1021 289 1152 321 lumina
1176 294 1345 329 marcent,

405 333 546 362 Aunoso
571 331 728 364 titubant
751 332 856 367 halba
882 333 1011 365 labella
1035 344 1132 369 sono,

362 375 540 408 Cauiciem
563 375 693 409 vindex
718 388 802 410 voco
828 388 958 410 numen
980 376 1132 410 Amoris:
1161 384 1196 411 et
1217 390 1366 424 aequum

405 420 558 460 Iudicat,
583 427 618 453 et
640 422 786 454 tumidis
811 427 951 455 strenua
975 433 1091 467 poena
1111 424 1216 456 veuit.

1023 490 1082 526 17.

358 542 404 575 Et
428 541 599 584 Cytherea
624 548 771 586 potens,
797 549 832 576 et
855 546 1021 578 Amorum
1046 543 1194 577 candida
1216 543 1317 578 turba

406 588 446 620 In
470 588 584 620 tabem
608 589 744 621 solvent
767 591 837 621 iam
864 600 921 622 cor
945 590 1048 622 inane
1074 589 1173 622 mihi.

360 632 439 665 Non
462 635 596 676 patiar,
622 645 748 677 pueros
771 645 920 679 propero
945 635 973 666 si
1002 634 1127 667 stultus
1153 633 1287 675 amare,

404 679 448 710 Et
475 679 598 722 culpa,
623 691 690 723 qua
715 691 786 712 non
811 681 947 724 turpior
972 680 1064 719 ulla,
1095 679 1224 713 cadam.

360 724 434 755 Una
461 725 507 755 sit
531 725 570 756 in
595 725 733 767 culpam
755 725 885 757 mulier
908 726 1011 758 satis:
1035 724 1100 757 hac
1123 736 1185 769 ego
1203 735 1363 769 peccem,

404 769 580 802 Pittalace.
629 770 674 801 At
696 781 822 814 pueros
836 795 845 810 ‚
869 771 974 803 stulte
989 794 998 810 ,
1020 771 1182 815 relinquo
1208 771 1284 804 tibi.

1019 838 1076 873 18.

358 892 411 925 An
436 891 612 924 desiderio
635 902 711 924 mea
734 893 888 936 tangeris
912 904 991 937 ergo
1012 892 1200 927 Philinus?

404 937 560 980 Langues
585 937 762 970 exhaustis
787 937 905 971 tabida
928 938 1148 971 luminibus?

357 983 411 1015 An
434 982 590 1026 placidos
614 983 725 1026 carpis
748 994 905 1024 somnos,
930 989 965 1016 et
989 985 1106 1016 nullus
1130 985 1269 1018 Amoris

403 1029 590 1071 Respectus
604 1027 620 1059 ?
644 1039 767 1068 curae,
791 1040 871 1062 cura
891 1040 956 1062 nec
979 1030 1073 1070 ulla,
1098 1040 1173 1062 mea
1200 1029 1281 1062 est?

357 1073 569 1116 Exspectant
594 1078 630 1106 te
655 1084 757 1106 saeva
779 1075 872 1107 vices
886 1099 896 1114 ,
918 1074 1132 1119 flentemque
1155 1075 1283 1107 videbo

387 1118 517 1160 *Imbre
541 1129 605 1162 per
628 1119 788 1162 indignas
810 1130 921 1163 usque
948 1119 1094 1152 cadente
1119 1130 1232 1162 genas.

357 1164 397 1195 In
423 1164 544 1196 multis
567 1164 686 1197 Venus
712 1169 765 1196 est
786 1166 920 1197 varium
941 1171 978 1198 et
1005 1164 1185 1197 mutabile.
1222 1164 1303 1199 Solo
1323 1165 1390 1200 hoc

401 1209 554 1243 Eximia:
579 1209 679 1242 elatis
701 1220 838 1253 semper
861 1211 985 1254 iniqua
1006 1210 1085 1246 fuit.

1026 1275 1079 1314 19.

356 1340 522 1374 Nondum
546 1342 653 1374 etiam
677 1342 768 1374 senii
794 1341 859 1374 sub
885 1340 1029 1380 limine,
1053 1340 1197 1384 puberis
1220 1344 1296 1376 aevi

402 1387 563 1426 Interiit,
587 1387 732 1426 Melite,
759 1387 866 1431 gratia
890 1387 1002 1430 prima
1026 1388 1089 1419 tui.

355 1430 525 1464 Malarum
547 1431 609 1464 sed
632 1431 746 1464 adhuc
770 1431 933 1476 splendet
956 1433 1073 1465 nitor:
1098 1434 1228 1466 eminet
1246 1434 1332 1467 illex

400 1477 462 1509 Vis
487 1478 600 1510 oculi:
637 1488 807 1510 annorum
831 1483 884 1510 est
922 1477 985 1509 sed
1007 1488 1122 1522 neque
1146 1490 1276 1512 summa
1302 1480 1428 1514 brevis.

355 1523 472 1566 Atque
495 1523 663 1566 puellaris
683 1529 803 1556 manet
824 1523 886 1555 illa
908 1523 1102 1566 protervia:
1127 1524 1173 1556 ob
1197 1525 1304 1566 istud,

403 1569 554 1612 Tempus
577 1574 737 1606 naturam
760 1569 900 1602 vincere
923 1579 1025 1612 posse
1050 1579 1152 1613 nego,

1014 1637 1071 1671 m.

356 1691 548 1734 Experiens
573 1702 679 1736 quam
702 1703 758 1724 me
783 1691 1002 1725 concorditer
1019 1691 1119 1724 ardet
1142 1692 1295 1726 Ereutho

401 1737 459 1769 Sic
484 1747 548 1780 ego
574 1748 633 1770 cor
656 1738 736 1770 ficte
761 1739 1037 1783 compositisque
1063 1738 1154 1770 dolis

356 1781 620 1826 Adgrediebar:
653 1793 736 1826 ego,
759 1782 870 1815 dicam
886 1807 895 1822 ,
919 1784 988 1814 iam
1013 1783 1144 1827 migro:
1167 1794 1310 1829 peregre

401 1827 475 1860 Ibo.
499 1828 598 1867 vale,
620 1838 659 1860 ac
683 1829 793 1859 nostri
818 1828 915 1866 vive,
939 1828 1081 1870 puella,
1104 1838 1244 1861 memor.

359 1873 546 1916 Ingemuit,
580 1883 696 1916 neque
721 1873 907 1911 sustinuit,
934 1873 1156 1917 frontemque
1182 1874 1313 1914 scrivit,

405 1919 450 1950 Et
471 1918 603 1950 crinem
629 1929 647 1950 e
670 1923 762 1950 torta
787 1917 931 1950 discidit
953 1928 1068 1960 ungue
1091 1928 1205 1957 coma,

358 1965 403 1998 Ut
425 1974 654 2008 maneamque
688 1967 793 2006 rogat.
819 1964 930 1996 fracto
951 1973 1023 1994 non
1047 1961 1166 1995 tardus
1190 1963 1302 1996 ocello

402 2008 552 2041 Credere
578 2009 623 2041 do
647 2009 754 2041 victas
778 2009 932 2040 utilitate
956 2018 1086 2040 manus.

358 2054 440 2087 Sum
465 2054 552 2086 felix
575 2055 659 2087 voti.
684 2065 764 2086 nam
788 2053 884 2098 quod
908 2053 1033 2085 fecisse
1055 2053 1215 2086 volebam

402 2099 586 2138 Officium,
610 2104 647 2132 et
669 2110 794 2132 munus
818 2098 885 2132 hoc
908 2098 1006 2143 quasi
1031 2098 1159 2142 grande
1184 2098 1275 2132 dedi.

1017 2176 1076 2213 23.

356 2234 421 2268 Hic
447 2244 527 2277 ager
550 2233 713 2265 umbroso
745 2244 919 2266 ramorum
953 2233 1103 2276 tegmine
1131 2242 1277 2266 vernans

402 2278 620 2311 Fructiferae
649 2279 782 2311 frondis
810 2279 960 2322 explicat
987 2288 1092 2310 omne
1115 2277 1231 2310 decus.

356 2324 423 2360 Hic
446 2324 575 2367 clangit
596 2333 713 2357 versus
737 2334 978 2366 cupressorum
1003 2323 1094 2355 inter
1117 2334 1242 2367 opacos

402 2369 579 2402 pullorum
602 2373 713 2400 mater
738 2380 840 2401 rauca
867 2368 1020 2401 cohortis
1045 2368 1138 2407 avis,

357 2416 423 2448 Hic
445 2414 623 2458 fringultit
646 2414 823 2453 acanthis,
861 2420 896 2447 et
918 2413 976 2446 hie
1009 2412 1169 2446 acredula
1194 2419 1335 2457 questus

402 2461 620 2503 Ingeminans
645 2459 738 2492 inter
767 2458 876 2492 densa
900 2458 1023 2492 rubeta
1048 2459 1156 2492 sedet.

357 2505 448 2549 Quis
472 2504 560 2537 mihi
583 2503 686 2537 ludus
708 2505 746 2538 in
771 2504 844 2545 his,
869 2515 946 2538 cum
973 2514 1032 2537 vos
1061 2503 1181 2539 audire
1202 2504 1385 2548 loquentes

403 2551 545 2590 Malim,
570 2561 675 2594 quam
702 2549 843 2583 Phoebo
870 2561 958 2595 quae
982 2555 1081 2582 sonat
1101 2551 1168 2582 icta
1196 2548 1337 2590 chelys?

358 2596 491 2640 Atquin
511 2606 566 2628 me
594 2595 722 2638 duplex
746 2602 883 2628 exercet
907 2606 998 2630 cura.
1022 2595 1140 2628 videre

403 2641 488 2675 Nam
514 2642 610 2680 volo,
637 2651 767 2678 summe
794 2643 906 2680 virum
921 2666 929 2680 ‚
951 2646 1007 2681 te,
1032 2641 1276 2685 Damalimque
1295 2650 1403 2678 meam
