1832 3152
282 145 389 179 220
847 141 1116 186 AGATHIAE

89 248 180 282 AC.
204 250 269 284 555
282 240 482 296 προδότην
514 234 645 295 ἄνδρα
674 240 744 281 καὶ
776 241 972 295 τύραννον
1005 241 1275 296 άπολωλέναι,
1303 247 1372 286 καί
1403 247 1452 287 τὰ
1481 250 1680 301 βασιλέως

145 295 211 331 Ll-
226 306 270 341 29
279 306 501 360 πράγματα
529 303 572 345 τὸ
605 306 728 359 μέρος
753 306 1044 348 διασεσῶσθαι·
1084 304 1188 349 ὥστε
1213 310 1251 349 εἰ
1266 309 1337 350 καί
1356 312 1550 352 τεθνάναι
1574 327 1680 363 συμ-

280 368 397 422 βαίη,
444 370 674 422 στέρξοιμεν
705 364 756 409 ἄν
786 370 856 409 καί
886 366 942 417 ὥς
970 366 1138 422 ἄσμενοι
1170 373 1353 428 καθάπερ
1387 391 1427 414 τι
1456 375 1679 428 προσφιλὲς

243 434 353 475 Duae*
376 432 624 487 αὐθαίρετον
644 430 690 473 τὸ
714 430 887 486 οἶνιαρὸν
908 432 978 474 καί
993 434 1303 487 ἠναγκασμένον·
1335 435 1406 477 καὶ
1428 435 1678 492 οἷχησόμεθα

273 496 486 537 κάλλιστον
514 498 632 537 τοῦτο
661 495 763 551 πρὸς
795 496 1004 548 εὐθυμίαν
1033 496 1198 553 ἑφόδιον
1231 497 1418 552 ἔχοντες,
1456 499 1500 542 τὸ
1534 499 1704 554 ymmo-5

275 575 386 601 σκειν
417 561 461 602 ἒν
493 559 591 615 ἡμῖν
620 557 758 609 αὐτοῖς
786 594 798 612 ,
843 560 900 609 (ὃς
933 559 1026 610 τοὺς
1066 562 1296 614 Ῥωμαίους
1338 565 1580 618 κρατοῦντας
1617 562 1679 606 ἔτι

275 625 355 665 τῶν
379 622 556 677 Κόλχων
586 626 951 677 καταλελοίπαμεν,
990 624 1062 666 καί
1088 620 1200 667 οὔπω
1221 628 1319 681 παρ’
1341 624 1491 682 ἑτέρων
1519 628 1679 684 ἀφῃρη-

275 689 435 738 μένους.
473 688 511 728 εἰ
537 688 613 740 μὲν
634 687 710 742 γάρ
737 686 944 743 Περσικὸν
976 684 1027 743 ἦν
1057 687 1103 730 τὸ
1130 687 1262 744 παρὸν
1289 689 1572 745 δικαστήριον,
1610 690 1682 732 καὶ

274 755 372 806 παρ’
390 753 554 801 ἐκείνοις
576 750 832 807 ἐκρινόμεθα,
860 753 1022 802 πάντως
1047 748 1098 795 ἂν
1122 753 1222 807 ἡμῖν
1246 749 1454 808 άρνήσεώς
1481 769 1526 794 τε
1551 753 1679 809 προσ-

274 817 358 856 έδει
399 818 480 857 τῶν
518 817 793 870 εἰργασμένων
821 849 834 868 ,
861 811 950 858 ’καί
976 818 1154 858 δεδιέναι
1185 818 1316 871 παρῆν
1352 815 1449 866 τούς
1478 818 1733 870 ἐλέγχους,]ο

277 881 347 919 καί
372 880 640 932 δεδειγμένοις
666 877 793 933 τυχὸν
825 881 1031 935 διαπορεῖν
1057 878 1207 929 ὁποίοις
1245 876 1296 922 ἂν
1321 879 1390 921 καί
1419 880 1681 935 χρησαίμεθα

275 940 407 995 λόγοις
437 941 516 983 ὑπὸ
539 944 748 993 δικασταῖς
780 944 1116 997 πολεμιωτάτοις,
1145 943 1298 1000 καί,τῷ
1332 946 1562 1000 πραχθέντι
1587 945 1680 985 λίαν

273 1005 519 1059 ἀχθομένοις
550 1007 608 1063 τῷ
633 1011 705 1061 τῆς
729 1008 890 1056 ἐλπίδος
923 1008 1208 1063 ἡμαρτηκέναι.
1233 1006 1442 1060 “Ρωμαίου
1466 1008 1512 1048 δὲ
1533 1006 1681 1061 ἀνδρὸς

152 1073 263 1109 P.115
275 1071 527 1122 διαιτῶντος,
563 1070 670 1120 τίνος
698 1067 750 1113 ἂν
776 1070 901 1127 χάριν
931 1073 1030 1126 ἡμῖν
1051 1070 1096 1113 τὸ
1118 1074 1378 1126 γεγενημένον
1403 1068 1681 1126 άπαρνηθείης

271 1134 318 1176 τί
332 1135 377 1175 δὲ
401 1136 471 1175 καί
487 1135 781 1189 ἀπολογεῖσθαι
797 1135 934 1191 χρεών
956 1138 1054 1191 παρ’
1070 1137 1171 1188 ὑμῖν
1192 1133 1343 1188 αὐτοῖς,
1380 1132 1475 1177 ἀνθ’
1492 1130 1550 1176 uir
1571 1135 1730 1188 ὗμᾶςιὸ

272 1193 322 1239 εὖ
347 1197 618 1253 πεποιήκαμεν
643 1198 708 1242 τὸν
745 1202 949 1256 τύραννον
982 1199 1215 1252 ἆνελόντες,·
1256 1197 1352 1242 οὐδὲ
1393 1198 1470 1254 γάρ
1511 1201 1681 1252 μεταδα-

271 1268 362 1305 τέον
390 1262 502 1318 αὐτῷ
520 1264 591 1305 τοῦ
614 1266 766 1316 σεμνοῦ
787 1266 859 1318 τῆς
885 1266 1095 1316 βασιλείας
1124 1262 1318 1316 ὀνόματος
1326 1296 1339 1315 ,
1378 1263 1679 1319 ἆλλοτριωτάτῳ

273 1327 344 1369 διὰ
361 1328 443 1369 τῶν
463 1325 590 1381 ἔργων
611 1329 791 1382 φανέντι·
833 1330 966 1369 καίτοι
991 1332 1097 1381 μέγα
1119 1326 1362 1383 κεκράγασιν
1389 1325 1427 1367 οἱ
1451 1326 1679 1380 κατήγοροι,

273 1391 346 1433 καί
379 1389 491 1432 δεινά
512 1393 789 1445 τετολμῆσθαί
814 1406 941 1446 φασιν
951 1426 964 1445 ,
1007 1389 1065 1441 ὥς
1098 1390 1147 1445 δὴ
1183 1392 1384 1444 βασιλέως
1414 1389 1682 1446 ἀνῃρημένου·

271 1454 352 1511 χρὴ
381 1457 426 1497 δὲ
451 1455 499 1496 οὗ
536 1456 585 1511 τῇ
607 1453 740 1511 πόρπῃ
773 1455 843 1497 καὶ
862 1456 916 1512 τῷ
934 1454 1149 1511 χλαμυδίῳ
1191 1454 1261 1496 καί
1296 1460 1380 1503 τοῖς
1403 1453 1515 1502 ἐκτὸς
1541 1464 1734 1508 ‹patim-2⁰

270 1522 407 1572 μένοις
445 1521 801 1574 ε’γκαλλωπίσμασι
847 1518 996 1574 ταύτην
1029 1522 1270 1575 προσνέμειν
1305 1517 1379 1572 τὴν
1421 1516 1682 1570 ἐπωνυμίαν,

364 1598 396 1642 4.
431 1597 661 1642 οῑχησόμεθα
699 1598 736 1629 R.
765 1602 800 1630 et
818 1598 925 1642 Intpr.
964 1605 998 1631 et
1033 1597 1226 1630 moriemur
1270 1596 1378 1641 (ct),
1410 1588 1450 1627 οἶ
1467 1591 1683 1639 χρησόμεθα

364 1643 458 1688 vulg.
554 1644 583 1676 5.
609 1642 811 1687 γινώσκειν
845 1644 881 1675 R.
956 1654 1003 1676 ιι.
1040 1641 1313 1686 δεδιττομένοις
1348 1652 1374 1673 ε.
1437 1641 1529 1674 otius
1563 1638 1682 1672 δεδει-

364 1687 560 1734 διγμένοις
583 1690 674 1722 coni.
690 1688 878 1732 Cl.‚1ntpr.
904 1689 1030 1723 timore
1052 1688 1221 1733 perculsi.
1275 1689 1326 1721 16.
1352 1684 1397 1719 ου’
1420 1685 1501 1726 eit,
1518 1683 1567 1717 ου’
1590 1685 1679 1729 vulg.

364 1746 418 1767 20.
444 1733 581 1779 πόρπῃ.
612 1734 710 1766 Hane
741 1735 967 1767 certissimam
1004 1735 1070 1767 Ios.
1095 1733 1262 1777 Scaligeri
1290 1731 1571 1765 emendationem
1595 1741 1680 1763 con-

364 1779 480 1812 firmat
493 1781 533 1816 R.
555 1780 597 1812 cf.
621 1790 654 1823 p.
674 1790 746 1822 ¹72·
763 1778 817 1812 ed.
831 1781 941 1812 Bonn.
961 1789 991 1813 v.
1006 1791 1040 1824 9.
1053 1802 1063 1819 ,
1101 1779 1431 1824 (ionfivulg.,1ntpr.
1457 1778 1496 1810 in
1506 1787 1678 1821 purpura.

274 1839 497 1885 Imperatoris
516 1841 627 1873 nostri
649 1851 703 1873 res
724 1850 767 1872 ex
785 1845 885 1882 parte
909 1845 1153 1880 conservatam
1178 1839 1265 1872 adeo
1287 1843 1327 1870 ut
1346 1838 1483 1870 etiamsi
1506 1839 1594 1871 mori
1618 1848 1682 1870 nos

276 1885 480 1930 contigerit,
504 1885 657 1919 libentes
679 1885 736 1918 vel
759 1885 809 1918 sic
831 1885 938 1917 simus
967 1885 1161 1928 amplexuri
1183 1885 1293 1918 veluti
1316 1883 1462 1916 amicum
1492 1889 1528 1916 et
1554 1883 1680 1915 volun-

277 1932 406 1965 tarium
433 1931 488 1971 id,
513 1931 608 1976 quod
629 1935 682 1964 est
712 1930 875 1964 acerbum
907 1935 943 1962 ct
979 1936 1157 1970 coactum,
1191 1934 1228 1962 et
1258 1930 1448 1961 moriemur
1482 1928 1680 1972 pulcherri—

278 1989 374 2011 mum
396 1975 464 2010 hoc
486 1975 530 2009 ad
547 1977 761 2009 alacritatem
778 1976 1143 2021 tranquillitatemque
1159 1977 1268 2008 animi
1297 1974 1459 2006 viaticum
1489 1973 1658 2006 habentes
1671 1997 1680 2013 ‚

277 2023 433 2056 conscire
449 2021 553 2055 nobis
574 2023 676 2066 ipsis,
692 2021 787 2068 quod
810 2023 977 2054 Romanos
995 2020 1108 2054 adhuc
1131 2021 1168 2052 in
1193 2018 1339 2053 Colchos
1370 2019 1556 2062 imperium
1585 2017 1682 2050 obri«-

277 2073 402 2104 nentes
437 2068 703 2112 reliquerimus,
744 2077 858 2113 neque
884 2065 975 2099 illud
1001 2067 1086 2109 ipsis
1111 2065 1154 2097 ab
1182 2065 1261 2098 aliis
1292 2069 1459 2107 ereptum.
1507 2063 1555 2095 >Si
1585 2063 1680 2096 enim

277 2113 452 2147 Persicum
472 2119 564 2146 esset
579 2114 675 2147 istud
690 2113 866 2153 tribunal,
893 2122 1082 2157 eorumque
1104 2110 1236 2144 iudicio
1260 2109 1362 2143 nobis
1386 2108 1548 2141 standum
1576 2113 1678 2148 esset,

279 2159 424 2192 omnino
447 2159 550 2192 nobis
580 2160 769 2204 negatione
793 2169 923 2196 eorum,
942 2167 1031 2200 quae
1051 2157 1147 2191 facta
1171 2162 1264 2196 sunt,
1284 2157 1376 2188 foret
1397 2164 1503 2198 opus,
1529 2155 1678 2187 extime—

279 2204 499 2248 scendaeque
519 2210 634 2238 essent
647 2204 891 2249 probationes;
913 2213 1121 2246 magnopere
1139 2202 1245 2233 etiarn
1266 2202 1516 2239 laboraremus,
1544 2199 1677 2245 quibus

278 2249 396 2283 verbis
420 2260 477 2282 eas
510 2251 741 2283 refutaremus
771 2249 865 2294 apud
895 2247 1030 2281 iudices
1072 2247 1330 2281 inimicissimos
1365 2246 1583 2291 graviterque
1611 2244 1679 2278 hoc

280 2295 373 2328 facto
399 2296 549 2328 offensos
561 2320 571 2335 ‚
619 2297 678 2329 uia
698 2306 759 2340 spe
782 2306 843 2328 sua
864 2298 980 2327 essent
1002 2294 1167 2326 frustrati.
1217 2293 1304 2325 Cum
1323 2303 1405 2326 vero
1423 2290 1530 2324 iudex
1547 2290 1595 2322 sit
1607 2291 1677 2323 Ro-

282 2350 425 2380 manus,
458 2351 562 2384 quam
585 2353 604 2373 ο
655 2351 793 2378 causam
817 2351 837 2373 a
860 2339 963 2372 nobis
987 2338 1116 2372 factum
1139 2345 1303 2382 negetur,
1328 2342 1389 2371 aut
1412 2337 1499 2381 quid
1523 2346 1609 2378 opus
1626 2340 1679 2368 est

281 2395 447 2419 excusare
469 2386 563 2428 apud
590 2396 651 2418 vos
686 2386 744 2426 id,
771 2397 840 2431 quo
874 2386 950 2428 ipso
981 2384 1072 2417 bene
1107 2383 1151 2416 de
1174 2384 1274 2416 vobis
1300 2394 1418 2417 sumus
1442 2382 1581 2420 meriti,
1614 2379 1677 2424 qui

279 2437 465 2475 tyrannum
487 2431 748 2464 interfecimus?
792 2431 915 2475 Neque
939 2431 1033 2462 enim
1057 2429 1284 2462 tribuendum
1309 2430 1343 2463 ei
1365 2433 1418 2461 est
1438 2425 1677 2460 venerandum

280 2478 371 2521 regis
405 2486 554 2516 nomen,
579 2477 640 2522 qui
662 2476 706 2508 ab
728 2487 770 2509 eo
789 2476 1022 2508 alienissimus
1046 2487 1082 2507 rc
1115 2475 1190 2519 ipsa
1209 2481 1262 2507 est
1286 2473 1540 2517 deprehensus,
1563 2481 1677 2516 quan-

279 2523 408 2556 tumvis
440 2523 618 2555 clamitent
645 2526 877 2561 accusatores,
911 2526 948 2553 et
971 2525 1070 2553 atrox
1098 2532 1117 2553 a
1149 2521 1251 2554 nobis
1275 2520 1410 2554 facinus
1440 2522 1676 2562 perpetratum

285 2567 424 2609 dicant,
458 2572 582 2612 utpote
616 2578 695 2612 rege
721 2567 918 2602 interfecto.
965 2567 1114 2609 Oportet
1147 2567 1238 2599 enim
1267 2577 1338 2599 non
1362 2564 1492 2597 fibulae
1517 2567 1553 2595 et
1579 2560 1675 2594 chla-

283 2613 379 2656 mydi
413 2613 715 2659 exterioribusque
749 2612 960 2647 ornamentis
982 2611 1072 2644 hanc
1093 2613 1367 2657 appellationem
1398 2609 1578 2646 tribuere,
1613 2605 1676 2639 sed

291 2659 324 2699 ci
347 2659 408 2711 qui
432 2660 602 2699 iustitiam
630 2663 787 2699 exercet,
818 2663 854 2695 et
879 2657 1131 2703 cupiditatibus
1160 2658 1230 2694 suis
1267 2656 1408 2692 modum
1441 2664 1512 2688 non
1537 2650 1674 2689 exeedlt
