1832 3152
617 138 994 182 Hls'romARUM
1033 142 1084 182 V.
1115 141 1180 187 16.
1331 159 1333 161 ·
1505 121 1538 177 3
1551 143 1568 177 1
1581 121 1614 178 3

179 246 290 292 ἑλεῖν
317 251 533 304 δυνηθεῖεν
555 240 903 302 ἅπαγγελοῦντας.
933 245 1045 290 οὕτω
1071 251 1116 291 τὲ
1145 250 1313 291 διετέλει
1335 245 1489 286 ’ἕκαστα
1514 259 1620 298 γνω-
1630 254 1670 289 Α,
1685 256 1723 290 c,
1738 257 1804 293 553

176 313 372 368 ματεύων
397 315 469 355 καί
495 311 795 366 διανοούμενος·
825 313 973 364 νυκτὸς
1002 316 1048 356 δὲ
1075 313 1392 369 ἐπιγιγνομένης,
1422 303 1646 366 φρυκτοῦ-Ι
1666 303 1692 336 Ῑ·
1709 305 1752 338 32

176 381 272 436 ριἀς
297 375 452 434 ἇνῆπτε
479 377 632 427 πολλὰς
659 377 731 419 ἐπὶ
754 381 860 433 μέγα
886 381 961 421 τοῦ
988 380 1130 421 πεδίου
1160 376 1505 429 σκεδαννυμένας,
1544 376 1613 417 ἵνα
1623 371 1738 408 Ρ·16ῑ

177 442 234 500 δὴ
260 442 298 485 οἱ
323 446 512 496 πολέιιιοι
539 441 715 499 ὁρῶντες
743 445 922 499 οἰηθεῖεν
947 447 1144 498 μέγιστον
1183 441 1288 485 εἶναι
1328 439 1374 481 τὸ
1414 438 1614 495 στράτευ-

150 517 262 563 5μα,
290 515 384 558 ταῖς
409 514 562 564 πυραῖς
591 508 936 564 ἀναμετροῦντες·
974 509 1047 551 καὶ
1071 509 1212 551 τοίνυν
1254 504 1362 548 οὕτω
1393 504 1443 560 δι’]
1473 500 1612 563 ᾤοντο,

173 573 250 616 καὶ
283 572 465 623 δεδιότες
501 574 697 628 ἠρέμουν.
738 573 840 630 ἆτάρ
873 575 948 616 οὔκ
985 576 1248 616 ἐπιπλεῖστον
1283 577 1377 621 ταῖς
1402 569 1613 619 τοιαύταις

172 636 351 689 ἆπάταις
378 640 853 695 καταστρατηγούμενοι,
899 639 1081 695 ἡσυχίαν
1122 635 1233 695 ἦγον·
1276 636 1503 694 ἠκηκόεσαν
1530 633 1608 691 γάρ

172 700 254 761 ἤδη
282 706 341 755 ὥς
367 703 584 759 ἐλάχιστος
619 704 682 760 εἴη
723 705 744 748 ὃ
769 707 852 747 τῶν
874 703 1092 759 Ῥωμαίων
1122 705 1323 761 στρατὸς,
1368 701 1439 744 καί
1464 699 1610 756 ἥκιστα

173 767 315 820 αὐτοῖς
341 771 587 825 ἀξιόμαχος·
633 769 739 826 πλὴν
775 772 865 812 ἀλλ’
901 770 939 812 οἱ
975 773 1229 828 στρατιῶται
1269 770 1418 824 πολλῆς
1455 767 1611 822 εἴχοντο

122 840 426 894 ἱοπροθυμίας,
455 839 804 893 περιφρονοῦντες
829 840 908 890 μὲν
932 836 1031 887 τούς
1059 836 1337 889 ἀντιπάλους,
1367 835 1406 876 εἰ
1432 835 1504 875 καί
1527 849 1612 886 μυ-

170 902 256 959 ρίοι
282 899 372 944 ὅσοι
399 901 733 958 ἐπιφοιτήσαιεν,
772 903 824 959 τῇ
866 905 1047 960 σφετέρᾳ
1087 905 1134 945 δὲ
1175 900 1297 959 ἀρετῇ
1325 899 1510 954 μάλιστα
1538 915 1611 940 πε-

168 967 385 1021 ποιθότες,
427 965 501 1008 ἅτε
532 965 580 1022 ὃν)
605 968 812 1020 Ῥωμαῖοί
832 983 877 1022 γε
915 963 1050 1020 ὄντες,
1089 967 1162 1009 καί
1186 966 1376 1023 ἐμπειρίᾳ
1416 965 1641 1019 μεγάλωνΒ

165 1027 249 1088 ἤδη
290 1030 492 1075 κινδύνων
517 1030 567 1074 τοὶ
596 1033 773 1085 πολέμια
801 1033 1151 1087 ἐκμελετήσαντες.
1204 1029 1534 1084 συναισθόμενος
1563 1031 1610 1071 δὲ

169 1097 191 1138 ὅ
220 1097 470 1154 Βελισάριος
495 1099 571 1153 τ’ἢς
597 1100 681 1139 τῶν
709 1099 874 1153 ἀνδρῶν
902 1097 1288 1155 μεγαλοφροσύνης,
1318 1097 1391 1140 καί
1416 1094 1488 1150 ὅτι,
1516 1112 1610 1149 μει-

117 1160 297 1213 ι5ζόνως
333 1157 435 1218 ἤπερ
476 1163 606 1218 ἐχρῆν
641 1161 713 1204 ἐπὶ
749 1169 836 1212 τοῖς
876 1162 1070 1219 φθάσασι
1112 1162 1255 1213 πόνοις
1292 1161 1608 1219 βρενθυόμενοι,

165 1228 248 1271 τῶν
287 1231 334 1271 ἐν
359 1227 462 1270 ποσὶ
497 1230 868 1284 κατολιγωροῢσιν,
905 1228 1055 1271 ἐδεδίει
1091 1227 1251 1284 μήποτε
1290 1224 1372 1285 ἄρα
1414 1228 1610 1270 ἐντεῦθεν

165 1293 365 1349 μεγίστην
401 1293 668 1350 εὐρυχωρίαν
706 1299 797 1342 ταῖς
825 1293 963 1335 ἐλπίσι
998 1294 1277 1348 παράσχοιεν,
1326 1290 1612 1349 παρεισδῦναί

165 1375 212 1402 τε
248 1357 403 1407 αὐτους
435 1358 509 1400 καί
546 1355 718 1413 ἆπάγειν
755 1355 848 1400 ὅποι
889 1361 962 1400 καί
998 1358 1219 1414 βούλονται
1257 1361 1314 1416 τῷ
1353 1357 1499 1415 ῥᾳδίας
1537 1356 1611 1398 καί

166 1431 388 1482 προσηνεῖς
411 1424 663 1481 ὑποφαίνειν
691 1422 766 1474 τὰς
790 1426 874 1466 τῶν
904 1425 1216 1481 ἐγχειρημάτων
1245 1423 1446 1478 ἐκβάσεις.
1475 1421 1532 1473 ὥς
1555 1418 1607 1464 ἂν

112 1486 240 1534 :ovim
252 1489 311 1545 μὴ
327 1487 433 1532 οὕτω
443 1492 574 1532 ταῦτα
591 1493 809 1544 σ-υμβαῖεν,
826 1484 1025 1546 ἤθροισεν
1036 1487 1221 1541 ἅπαντας
1241 1491 1284 1539 ἐς
1306 1489 1450 1542 ταύτὸ,
1468 1486 1604 1544 ὥσπερ

164 1549 246 1612 ἤδη
270 1557 346 1598 τοῦ
367 1555 523 1610 α’γῶνος
541 1555 824 1611 ἐφεστηκότος·
840 1556 912 1597 καί
933 1555 1079 1612 φανείς
1098 1558 1141 1606 ἐς
1155 1557 1297 1609 μέσον,
1318 1553 1428 1606 ἔλεξε
1449 1557 1639 1599 τοιάδε.(]

260 1647 290 1671 1·
302 1628 640 1680 ἄπαγγελλοῦντας
652 1636 690 1668 R.
757 1647 805 1668 12.
822 1636 888 1669 Pro
905 1645 950 1680 γε
964 1638 1001 1670 R.
1017 1645 1066 1670 τε.
1134 1638 1184 1671 15.
1198 1635 1334 1672 πόνοις
1345 1647 1410 1669 om.
1431 1635 1606 1668 Suid.s.v.

256 1682 525 1728 βρενθύεσθαι.
670 1692 720 1726 17.
749 1681 1027 1726 παρεισδοῦναι
1051 1685 1115 1724 R„
1147 1681 1401 1729 παρεισδήναι
1428 1681 1504 1726 sph.
1531 1682 1606 1714 Par.

258 1740 315 1764 20.
339 1725 410 1764 οὖν
435 1740 502 1762 om.
535 1729 577 1761 R.
703 1731 912 1774 συμβαῖνον
935 1730 975 1766 R.
1144 1741 1204 1764 21.
1229 1728 1479 1776 ἐφεστηκότος
1502 1729 1539 1761 R.
1571 1733 1608 1761 et

257 1776 379 1822 Intpr„
394 1776 616 1817 imminente,
640 1775 918 1817 καθεστηκότος
940 1777 1033 1822 vulg.

163 1859 301 1900 posset,
336 1859 373 1887 et
397 1855 688 1894 dinumerarent,
716 1860 753 1888 et
786 1856 816 1888 si
843 1855 931 1901 quid
960 1855 1059 1889 aliud
1085 1856 1215 1889 rescire
1241 1860 1400 1900 possent,
1414 1853 1604 1887 renuntia-

164 1907 268 1935 rent:
309 1912 424 1947 eoque
458 1903 497 1935 in
531 1907 627 1935 statu
654 1902 798 1942 mansit,
839 1903 979 1947 singula
1013 1904 1198 1947 pensitans
1226 1907 1263 1934 et
1288 1913 1367 1934 cum
1392 1903 1512 1934 animo
1539 1912 1603 1932 suo

164 1948 376 1989 revolvens,
411 1949 618 1994 multosque
644 1949 681 1981 in
707 1948 864 1993 speculis
900 1951 1006 1994 longe
1039 1950 1187 1994 lateque
1224 1959 1290 1992 per
1314 1959 1435 1993 agrum
1473 1947 1603 1990 sparsis
1639 1966 1643 1970 ·

165 1994 264 2039 ignes
289 1994 475 2036 accendit,
508 2001 550 2028 ut
574 1994 696 2028 hostes
731 2006 792 2027 eos
819 1996 1030 2040 conspicati,
1066 1997 1260 2028 maximum
1297 2006 1372 2028 esse
1405 1994 1604 2026 exercitum

163 2045 351 2086 putarent,
385 2053 428 2074 ex
462 2042 599 2087 ignium
636 2053 867 2075 accensorum
904 2043 1140 2076 multitudine
1178 2053 1259 2075 eum
1294 2043 1497 2074 metientes.
1557 2039 1603 2072 Et

165 2086 312 2133 quidem
335 2089 387 2121 ita
417 2088 523 2132 plane
555 2088 759 2133 putabant,
786 2089 942 2135 ideoque
967 2095 1171 2122 metuentes
1198 2089 1282 2129 sibi,
1317 2089 1434 2133 quieti
1463 2085 1601 2119 substi-

164 2138 298 2167 terunt.
346 2134 514 2168 Ceterum
545 2146 620 2167 non
653 2134 789 2168 dudum
820 2135 890 2168 hoc
928 2136 1076 2169 militari
1115 2141 1192 2168 astu
1229 2135 1321 2168 elusi
1346 2135 1597 2179 conquierunt.

162 2178 362 2214 Audieram.
383 2181 479 2214 enim
499 2182 572 2214 iam
597 2193 703 2227 quam
719 2182 909 2214 minimum
935 2193 1012 2215 esse
1032 2184 1226 2215 Romanum
1246 2181 1454 2220 exercitum,
1479 2190 1599 2224 neque

161 2237 298 2272 parem,
323 2227 386 2273 qui
410 2239 490 2260 cum
514 2227 603 2272 ipsis
627 2229 766 2272 proelio
798 2227 990 2262 decernere
1015 2234 1146 2274 posset.
1195 2228 1359 2261 Belisarii
1380 2227 1514 2260 milites
1541 2226 1602 2258 in-

162 2278 261 2306 terea
286 2272 390 2307 valde
415 2278 518 2314 erant
545 2275 702 2315 alacres,
738 2274 949 2320 hostemque
984 2275 1286 2316 contemnebant,
1319 2274 1459 2307 etiamsi
1484 2274 1600 2306 maxi-

162 2319 231 2352 mis
261 2320 375 2364 copiis
404 2320 443 2353 in
486 2331 524 2354 se
558 2321 734 2365 impetum
775 2322 926 2365 faceret3
969 2323 1104 2355 virtute
1126 2324 1210 2355 'sua
1243 2322 1376 2355 bellica
1406 2321 1598 2365 praecipue

163 2365 268 2407 freti,
295 2367 432 2411 quippe
453 2366 549 2412 quod
573 2367 722 2400 Romani
755 2375 894 2409 essent,
929 2374 967 2402 et
1002 2371 1235 2402 maximorum
1268 2367 1509 2413 periculorum
1535 2378 1599 2399 ex-

161 2413 343 2458 perientia
369 2413 407 2446 in
434 2424 472 2446 re
502 2413 635 2446 bellica
662 2415 957 2448 exercitatissimi.
1007 2415 1198 2448 Belisarius
1222 2426 1320 2455 vero,
1352 2413 1598 2447 animadversa

162 2459 229 2492 illa
246 2459 445 2492 animorum
466 2459 621 2493 elatione
634 2485 644 2501 ,
663 2459 838 2506 ,quodque
857 2463 969 2505 magis
997 2474 1104 2507 quam
1125 2467 1308 2507 oporteret
1330 2461 1374 2494 de
1393 2459 1596 2504 praeteritis

161 2505 350 2539 laboribus
387 2506 601 2550 gloriantes,
625 2508 826 2551 praesentia
855 2514 1146 2550 contemnerent,
1177 2508 1379 2547 verebatur,
1409 2517 1455 2539 ne
1486 2506 1596 2538 nimis

162 2553 236 2586 suis
262 2564 277 2585 s
307 2551 394 2585 ebus
413 2551 569 2586 habenas
587 2553 762 2594 laxarent,
787 2565 879 2599 quae
905 2556 1004 2600 ipsos
1035 2562 1251 2589 transversos
1270 2563 1485 2599 quocunque
1518 2551 1596 2584 vel-

161 2597 242 2632 lent
257 2563 486 2643 abriperent,
511 2610 554 2632 eo
579 2598 676 2644 quod
701 2600 824 2634 faciles
849 2601 1040 2635 admodum
1064 2613 1194 2642 rerum,
1218 2613 1304 2646 quas
1337 2597 1596 2644 aggredieban-

161 2649 234 2686 tur,
262 2651 410 2680 eventus
432 2645 503 2679 sibi
543 2645 744 2690 fingebant:
770 2647 868 2692 quod
888 2648 1033 2694 quidem
1062 2661 1107 2682 ne
1135 2650 1184 2681 ita
1213 2648 1373 2681 eveniret
1395 2671 1404 2682 ‚
1429 2645 1597 2678 omnibus

162 2691 202 2724 in
219 2703 330 2725 unum
347 2693 480 2726 coactis
494 2717 503 2732 ,
528 2692 643 2725 veluti
667 2693 808 2736 proelio
836 2695 907 2727 iam
933 2696 1164 2735 imminente,
1184 2694 1261 2739 ipse
1279 2694 1318 2728 in
1335 2691 1493 2727 medium
1511 2702 1598 2737 pro-

162 2748 328 2783 gressum,v
345 2739 384 2773 in
402 2738 662 2776 huncfflmodum
678 2739 786 2775 verba
802 2740 900 2776 fecit.
