1722 3146
218 152 344 191 XVIII
879 148 1006 189 VITA
1036 152 1039 156 ⁴

218 251 260 289 id
273 257 405 289 tamen
424 255 581 290 certum
595 248 705 288 foret
722 248 944 288 indicium:
968 247 1136 298 etenim,
1153 247 1390 288 dominante
1410 247 1614 301 religione

216 313 475 364 Christiana,
503 326 656 366 paucos
684 312 777 352 illos
793 313 970 366 gentiles
1000 312 1071 364 qui
1096 312 1458 365 Constantinopoli
1489 313 1615 363 dege—

215 377 316 416 bant
341 377 437 415 talia
467 383 564 415 nota
589 376 779 416 habuisse
804 390 887 415 non
909 375 1095 428 estquod
1113 375 1370 414 dubitemus:
1399 381 1520 427 atque
1542 372 1614 413 ubi

216 440 260 478 id
283 441 442 492 profert
467 440 748 480 Christianum
774 441 1015 492 loquentem
1037 439 1213 482 inducit.
1249 440 1393 478 Mitem
1411 452 1508 477 vero
1529 438 1616 476 ani-

215 517 327 541 mum
361 504 403 542 in
444 503 799 557 reprehendendis
835 503 981 543 alienis
1014 504 1163 553 sacris,
1203 503 1282 542 nisi
1319 502 1504 555 improba
1532 501 1615 541 sint

214 573 336 618 atque
367 567 583 614 immania;
624 574 665 606 et
688 567 991 620 indulgentiam
1020 581 1124 619 quae
1148 567 1279 606 errori
1301 567 1342 604 in
1376 565 1614 605 huiusmodi

214 631 350 679 rebus,
375 638 516 685 utpote
539 646 620 670 non
638 632 888 682 voluntario,
913 631 1075 671 veniam
1092 631 1315 681 tribuit29);
1345 630 1457 670 inter
1473 643 1614 669 saevos

214 692 327 733 illius
345 695 434 733 aevi
459 696 619 734 furores
649 695 715 734 vix
741 695 840 734 alibi
867 701 1123 747 exspectares
1144 708 1268 746 quam
1298 694 1408 747 apud
1438 708 1509 733 eos
1539 693 1614 746 qui

214 757 516 797 dominantium
536 759 780 797 crudelitate
807 765 848 797 et
878 759 1044 797 saevitia
1059 764 1306 797 vexarentur
1327 757 1420 810 ipsi.
1463 756 1610 809 ltaque

209 821 422 874 probabile
449 828 520 871 est,
547 821 695 874 gentili
723 828 838 874 patre
859 828 1138 874 procreatum,
1169 821 1504 875 graecanicisqne
1529 826 1612 859 stu-

211 885 289 923 diis
321 885 565 924 innutritum
595 891 635 923 et
662 886 927 936 delectatum,
962 899 1011 924 ne
1043 886 1182 938 legum
1202 886 1353 938 poenis
1371 884 1612 923 hominum-

209 961 291 999 que
313 947 534 987 violentiae
561 949 766 988 obnoxius
792 954 921 998 esset,
953 963 1036 988 non
1069 948 1280 1002 opinionis
1302 948 1344 989 vi
1373 948 1610 997 adductum,

209 1011 456 1051 Christianis
480 1026 523 1051 se
553 1013 802 1054 adiunxisse.

315 1075 583 1114 Historiarum
620 1076 715 1114 libri
748 1077 875 1129 vulgo
909 1090 960 1115 ex
991 1075 1136 1116 codice
1168 1074 1437 1128 Lugdunensi
1460 1074 1610 1113 inscri-

206 1138 362 1178 buntur
394 1135 490 1190 περὶ
518 1139 590 1191 τῆς
628 1137 928 1180 Ἰουστινιανοῦ
970 1136 1196 1190 βασιλείαςε
1235 1139 1334 1177 vitio
1367 1138 1609 1177 manifesto:
1675 1157 1677 1160 ·

204 1215 331 1254 quum
345 1202 520 1254 scriptor
536 1217 579 1242 se
602 1203 652 1242 de
683 1209 814 1242 morte
837 1203 987 1242 lustini
1011 1202 1209 1242 Germani
1226 1203 1323 1241 f.—
1339 1201 1412 1254 qui
1441 1201 1609 1239 iubente

204 1266 361 1304 Iustino
394 1265 479 1306 iun.
514 1266 619 1319 Imp.
651 1273 821 1307 necatus
846 1273 907 1306 est
933 1289 986 1296 —
1012 1268 1084 1306 lv.
1105 1280 1166 1305 22.
1183 1281 1223 1319 p.
1244 1266 1334 1306 255.
1357 1281 1366 1303 ε
1411 1271 1533 1317 atque
1557 1264 1608 1303 de

204 1328 395 1368 Chosrois
425 1330 508 1368 fine
532 1329 649 1382 (577.)
676 1331 746 1370 lv.
770 1344 832 1382 29·
861 1345 902 1383 p.
928 1343 1016 1382 272.
1044 1330 1253 1368 dicturum
1277 1342 1370 1368 esse.
1387 1329 1609 1381 promittat.

202 1392 257 1430 At
285 1393 396 1431 idem
431 1393 563 1432 codex
589 1399 718 1442 recte,
743 1407 819 1446 pro
840 1394 954 1433 illius
977 1394 1118 1432 aetatis
1135 1406 1264 1441 more,
1286 1406 1410 1444 quem
1430 1391 1485 1430 ab
1505 1391 1612 1430 Eva..

203 1456 291 1508 grio
307 1485 318 1506 ,
365 1457 520 1495 Ioanne
561 1457 887 1510 Epiphaniensi,
945 1457 1121 1510 aliisque
1160 1462 1366 1496 servatum
1406 1454 1609 1505 videmus,

206 1519 335 1558 libros
362 1515 511 1568 τόμους
533 1526 667 1559 vocat.

310 1583 485 1623 Codices
511 1583 654 1636 scripti
679 1583 876 1637 perpauci
899 1589 1133 1637 supersunt.
1172 1585 1235 1622 De
1258 1581 1548 1635 Rebdigerano
1566 1586 1607 1620 et

202 1646 488 1699 Lugdunensi,
517 1647 668 1699 quibus
692 1661 910 1696 usussum,
941 1647 1040 1685 dixi.
1069 1646 1316 1686 Vaticanum
1343 1645 1604 1685 membrana-

205 1723 325 1748 ceum
349 1723 452 1757 esse,
480 1710 710 1762 antiquum,
728 1709 1095 1762 mihisignificavit
1113 1710 1218 1761 Ang.
1232 1709 1364 1749 Maius
1383 1724 1422 1752 v.
1449 1709 1510 1750 ill.
1533 1708 1607 1760 qui

202 1773 408 1812 variantes
434 1773 656 1826 scripturas
677 1787 728 1811 ex
761 1774 898 1825 quarti
922 1773 1018 1811 libri
1038 1772 1156 1811 initio
1179 1773 1379 1812 delibatas
1410 1771 1606 1826 specimi-

203 1837 268 1876 nis
291 1837 384 1876 loco
406 1837 526 1878 misit.
550 1838 634 1876 Eae
655 1852 750 1877 cum
767 1837 1056 1890 Rehdigerano
1078 1837 1183 1875 libro
1206 1837 1262 1875 ita
1277 1837 1538 1876 conveniunt
1559 1842 1608 1875 ul:

201 1901 322 1941 valde
345 1901 556 1953 probabile
581 1901 634 1939 sit
663 1901 776 1940 hunc
809 1901 907 1940 inde
941 1901 1194 1953 exscriptum
1225 1915 1324 1941 esse.
1361 1900 1607 1952 Exscriptus

202 1971 342 2004 autem
366 1970 427 2003 est
453 1978 504 2004 ex
533 1965 676 2004 codice
703 1965 887 2018 integroz
917 1971 963 2004 ut
980 1965 1218 2013 Vaticanus,
1249 1971 1446 2003 monente
1480 1963 1606 2013 Maio,

202 2042 314 2066 nunc
332 2028 502 2080 quidem
527 2035 599 2078 est,
622 2029 821 2082 suppletis
839 2043 862 2067 a
885 2029 1118 2068 recentiore
1135 2042 1260 2066 manu
1283 2029 1444 2080 aliquot
1465 2027 1579 2066 foliis
1593 2055 1604 2072 ‚

201 2093 275 2132 sed
305 2092 502 2144 quoniam
532 2106 579 2130 ea
605 2093 830 2145 aliquando
868 2092 1052 2141 deerant,
1091 2092 1188 2130 inde
1221 2099 1332 2131 ortae
1361 2097 1458 2130 sunt
1485 2092 1605 2129 lacu—

203 2169 287 2197 nae
306 2156 346 2192 in
372 2156 561 2195 versione
582 2157 811 2202 Personae;
840 2156 939 2195 licet
961 2155 1096 2195 codici
1127 2170 1215 2207 quov
1239 2155 1272 2194 is
1298 2169 1395 2194 usus
1425 2161 1605 2194 estcum

164 2257 170 2263 ,
200 2218 491 2272 Rehdigerano
511 2219 697 2272 proxima
728 2219 956 2258 intercedat
986 2219 1175 2258 affinitas.
1217 2220 1372 2258 Tamen
1398 2217 1467 2257 bic
1490 2217 1603 2259 Vati-

202 2296 326 2321 canus
359 2282 490 2320 codex
515 2288 562 2321 ut
594 2283 818 2334 aliquando
849 2283 1115 2335 inspiciatur,
1145 2283 1371 2334 optandum
1403 2288 1486 2327 est;
1516 2294 1602 2333 quo

200 2346 325 2397 plane
343 2345 393 2384 de
418 2346 498 2384 fide
525 2351 648 2398 atque
672 2347 910 2385 auctoritate
935 2346 1211 2397 Rehdigerani
1241 2351 1428 2384 constare
1461 2343 1599 2397 possit.

200 2409 418 2448 Praeterea
437 2423 488 2449 ex
505 2409 832 2449 Montefalconio
851 2410 1059 2448 Harlesius
1079 2409 1269 2448 Fabricio
1287 2408 1517 2461 adscripsit,
1534 2406 1602 2444 in-

199 2477 362 2525 tegrum
386 2486 490 2526 opus
515 2478 674 2512 exstare
689 2488 832 2525 graece
853 2475 963 2512 inter
973 2473 1139 2513 codices
1154 2474 1326 2526 scriptos
1352 2470 1602 2512 ottobonia-

204 2549 298 2582 nos3
329 2542 452 2589 atque
482 2537 525 2575 in
551 2538 643 2580 cod.
664 2539 827 2581 MMIV.
847 2537 1124 2578 bibliothecae
1150 2538 1374 2578 vaticanae
1403 2534 1600 2587 antiquae

248 2635 305 2680 29)
329 2636 417 2670 Hist.
443 2638 467 2670 Ι.
489 2647 522 2682 7.
547 2648 580 2681 p.
609 2639 664 2672 28.
