1832 3152
532 115 911 159 msromAnnm
948 118 1018 157 iv.
1046 121 1114 160 12.
1474 93 1545 148 23
1559 112 1578 146 1

135 238 224 275 νες,
265 221 358 264 τότε
378 219 429 276 δὴ
458 215 637 269 ἅπαντες
667 219 710 268 ἐς
736 213 868 260 οἶκτον
891 214 1142 273 ἐτράποντο,
1182 212 1506 270 ἀποβεβληκότες
1532 210 1580 253 τὸ
1596 212 1764 250 A.c;555

131 292 402 343 -χαλεπαῖνον.
441 283 514 327 καί
536 283 607 327 ἐπὶ
629 284 796 334 τούτοις
820 284 990 326 ἐλέλυτο
1020 284 1099 336 μὲν
1122 278 1145 323 ὅ
1169 279 1293 337 ἅγιόν·
1336 279 1375 322 οῖ
1399 281 1447 322 δὲ
1469 275 1583 321 Κόλ-
1593 261 1621 295 ¹·
1640 261 1667 295 L
1680 272 1726 307 ²9

135 369 210 408 χοι
232 348 360 402 αὖθις
377 351 588 393 διετέλουν
610 345 722 392 εὖνοι
740 345 853 400 ’ὀντες
876 351 919 399 ἐς
943 346 997 390 τὰ
1018 347 1203 402 μάλιστα
1229 345 1486 400 “Ρωμαίοις,
1513 347 1587 386 καί

136 417 208 461 τὸν
233 417 436 474 πρότερον
463 412 759 470 ἀνανεούμενοι
781 415 950 472 τρόπον.

110 485 137 527 5
249 483 319 537 ιβ’.
379 481 549 525 Τούτων
575 483 878 538 γεγενημένων,
907 479 960 524 τὰ
982 484 1062 536 μὲν
1085 481 1170 523 τῶν
1204 476 1435 533 Ῥωμαίων
1458 487 1628 534 σφα-Β

135 548 295 592 τόπεδα
327 547 588 602 διεχείιιαζεν
622 543 705 590 ἆνὰ
738 545 791 589 τά
819 545 1058 600 πολίσματά
1086 561 1131 588 τε
1161 546 1234 586 καί
1266 544 1475 601 φρούρια,
1505 540 1589 586 ὥσ-

137 633 194 671 πη
225 610 386 672 ἑκάστῳ
418 615 670 656 διετέτακτο.
707 613 751 656 έν
776 613 909 672 τούτῳ
938 615 985 654 δὲ
1013 607 1164 668 ἄνδρες
1192 611 1275 653 τῶν
1305 608 1422 665 παρὰ
1449 613 1589 652 Μισι-

135 685 303 734 μιανοϊς
332 677 645 721 δυνατωτάτων
676 681 720 728 ές
746 676 934 735 Ἰβηρίαν
957 677 1072 733 παρὰ
1104 676 1174 719 τὸν
1198 675 1459 731 Ναχοραγὰν
1484 676 1589 731 dspe-

139 743 324 799 κόμενοι,
362 741 526 786 ἅπαντά
550 742 588 786 οἱ
615 744 849 799 διήγγειλαν
880 743 930 786 τοὶ
968 743 1040 786 ἐπὶ
1062 740 1291 799 Σωτηρίχῳ
1315 739 1420 796 πρὸς
1447 736 1589 782 αύτῶν

92 812 436 866 ιοτετολμημένα·
462 807 539 864 τήν
569 811 649 863 μὲν
678 808 967 864 ἀληθεστάτην
1004 807 1140 850 αἰτίαν
1159 805 1296 863 ἧρέμα
1323 804 1591 862 ὖποκρυπτό-

138 891 285 931 μενοι,
323 878 504 930 λέγοντες
535 877 604 929 δὲ,
633 874 690 925 ὥς
729 873 872 931 ἐπειδη
907 876 1148 917 ἐκπλείστου
1179 872 1231 915 τοὶ
1254 873 1438 929 Περσῶν
1468 869 1591 925 ἐτύγ-

129 957 268 997 ·χανον
291 938 518 998 ᾑρημένοι,
557 940 948 997 προπηλακίζεσθαι
975 941 1088 997 σφᾶς
1112 939 1195 982 ύπό
1228 955 1272 981 τε
1303 936 1489 992 Κόλχων
1512 932 1592 978 αύ-

137 1009 221 1050 τῶν
244 1005 318 1048 καί
353 1004 604 1060 ιΡωμαίων,
633 1005 706 1048 καί
727 1007 774 1049 ἐν
801 1012 888 1056 τοῖς
912 1003 1183 1060 ἀτιμοτάτοις
1205 1003 1432 1059 τετάχθαι,
1460 1005 1591 1059 πέρας

139 1066 189 1116 δὲ
220 1070 462 1129 Σωτήριχον
480 1071 622 1122 αὐτοῖς
643 1072 885 1129 ἐπιστῆναι,
923 1072 1027 1131 λόγῳ
1047 1073 1126 1125 μὲν
1153 1071 1210 1121 ὥς
1230 1069 1281 1126 δη
1305 1072 1482 1126 χρυσίον
1503 1073 1590 1117 τοῖς

90 1138 376 1192 ιόξυμμάχοις
400 1138 695 1191 διανεμοῦντα,
724 1136 831 1196 ἔργῳ
862 1139 908 1180 δὲ
935 1137 986 1180 τὰ
1019 1138 1091 1179 ἐπὶ
1116 1135 1229 1194 λύμῃ
1261 1152 1306 1177 τε
1330 1137 1403 1177 καί
1433 1137 1626 1178 ›ruffin-C

131 1205 256 1260 -Qe'aec
275 1203 351 1245 τοῦ
374 1201 530 1252 παντὸς
546 1206 690 1259 γένους
711 1204 1058 1261 διαπραξάμενον.
1098 1201 1283 1259 ,,Παρόν
1305 1201 1445 1244 τοίνυν
1459 1200 1588 1255 ἦμΐν”

141 1268 308 1326 ἔφασαν
326 1266 366 1311 οἶ
393 1271 588 1326 πρέσβεις
614 1266 671 1324 ,,ἢ
697 1265 833 1326 ἄρδην
859 1266 1141 1322 α’πολωλέναι,
1166 1265 1193 1325 ἢ
1212 1267 1493 1325 προτερήσασι
1516 1262 1638 1309 ‹56-v.
1648 1274 1692 1310 85

141 1339 218 1387 ξαν
245 1335 324 1389 μέν
353 1351 449 1377 τινα
477 1333 579 1384 ἴσως
609 1337 712 1392 παρ’
734 1335 860 1384 ἐνίοις
884 1335 1195 1390 ἀπενέγκασθαι
1219 1331 1468 1390 προπετείας
1481 1366 1495 1385 ,
1521 1329 1596 1373 καὶ

142 1400 202 1450 ὥς
229 1398 384 1443 τοιοίδε
407 1399 673 1454 κακιζεσθαι,
712 1399 919 1455 βιοτεύειν
958 1403 1006 1443 δὲ
1041 1398 1152 1454 ὅμως
1181 1399 1243 1442 ἔτι
1265 1402 1354 1442 κατ’
1384 1399 1591 1450 ἐξουσίαν,

90 1465 222 1510 ποκαί
241 1465 293 1508 τὰ
313 1465 494 1522 ἡμέτερα
517 1462 660 1509 αύτῶν
682 1461 711 1524 ᾗ
735 1462 786 1509 ἂν
811 1465 1021 1509 συνοίσειν
1048 1465 1184 1521 δοκοίη
1214 1465 1463 1516 διατιθέναι,
1482 1461 1593 1506 εἱλό-

234 1535 269 1568 6.
293 1533 546 1579 πολιτεύμενα
569 1545 603 1568 κ.
632 1546 674 1579 φ.
700 1536 737 1567 R.
835 1546 874 1579 7.
900 1534 943 1569 ἐν
965 1533 1096 1579 τούτῳ.
1145 1534 1241 1567 Haec
1266 1543 1380 1579 usque
1413 1531 1459 1565 ad
1482 1530 1594 1565 verba

230 1579 345 1618 ἔθνος
369 1579 533 1614 ἐλπίδων
568 1592 602 1626 Ρ.
641 1583 719 1616 233.
762 1580 817 1615 ed.
843 1582 956 1615 Bonn.
981 1593 1012 1615 v.
1050 1593 1084 1615 2.
1113 1582 1227 1614 relata
1274 1584 1360 1614 sunt
1390 1579 1485 1612 inter
1516 1578 1590 1611 Ex-

235 1635 359 1672 cerpta
395 1626 440 1661 de
464 1627 721 1672 legationibus,
769 1630 987 1666 Μυσιανοῖς
1012 1628 1096 1662 Exc.
1126 1633 1163 1661 et
1187 1629 1297 1671 Intpr.
1392 1638 1426 1670 9.
1451 1624 1490 1660 οἱ
1517 1635 1590 1658 om.

233 1675 318 1709 Exc.
367 1670 413 1707 τὰ
439 1685 507 1708 om.
530 1675 570 1709 R.
697 1687 747 1710 ια.
778 1675 880 1719 σφᾶς
905 1686 972 1708 om.
998 1676 1037 1707 R.
1136 1674 1188 1718 ¹4·
1221 1674 1352 1711 αὐτοῖς
1380 1673 1420 1705 P..
1443 1672 1528 1706 Exc.
1554 1675 1591 1704 et

235 1721 348 1766 Intpr.
375 1721 459 1762 sibi,
477 1712 597 1755 αὐτόν
613 1722 709 1768 vulg.
784 1723 839 1758 16.
854 1719 1141 1769 διαπραξάθεον
1154 1724 1194 1757 R.
1269 1722 1323 1758 18.
1348 1721 1411 1762 τῆς
1436 1718 1540 1753 addit
1550 1719 1590 1752 R.

235 1774 322 1802 ante
350 1770 590 1814 προπετείας.

144 1825 264 1860 nentis
289 1826 385 1872 leges
410 1826 550 1867 vereri,
583 1829 620 1859 et
636 1824 786 1859 nefariis
807 1824 980 1859 caedibus
1003 1824 1198 1859 abstinere.
1230 1823 1421 1869 Postquam
1444 1833 1529 1857 vero
1550 1821 1590 1856 hi

140 1872 324 1918 capitibus
348 1870 497 1906 'fuerunt
521 1873 702 1913 truncati,
727 1871 772 1905 ad
794 1872 1145 1905 commiserationem
1170 1872 1264 1904 versi
1284 1882 1427 1904 omnem
1449 1871 1591 1903 animo-

143 1930 223 1954 rum
247 1921 483 1953 offensionem
510 1918 779 1963 deposuerunt:
807 1923 917 1964 atque
949 1917 1001 1951 ita
1034 1922 1230 1952 conventus
1253 1917 1465 1951 iudiciarias
1491 1917 1591 1950 solu-

139 1970 228 2008 ωας
262 1965 390 2001 Colchi
418 1977 503 2002 vero
531 1966 572 2000 in
583 1976 648 2000 sua
669 1977 750 2012 erga
774 1967 951 2000 Romanos
975 1964 1047 1999 fide
1071 1976 1113 1999 ac
1135 1964 1394 1999 benevolentia
1418 1964 1590 1998 acerrime
1636 1975 1639 1979 ·

143 2013 394 2057 perstiterunt.
1460 2026 1461 2029 ¹

242 2070 294 2094 12·
341 2058 407 2092 nis
450 2060 504 2094 ita
536 2059 712 2105 peractis,
763 2059 1006 2094 Romanorum
1054 2059 1181 2105 copiae
1218 2070 1285 2104 per
1319 2058 1427 2092 urbes
1459 2062 1498 2092 et
1530 2068 1591 2092 ca-

144 2105 250 2138 stella
286 2104 423 2139 divisae
459 2105 701 2152 hibernarunt
721 2131 730 2147 ,
764 2112 874 2152 prout
906 2107 1037 2153 cuique
1067 2105 1275 2141 mandatum
1313 2111 1400 2139 erat.
1449 2106 1593 2140 Interea

143 2151 214 2185 viri
238 2150 385 2198 quidam
419 2154 637 2198 praecipuae
666 2153 763 2187 inter
795 2153 1022 2187 Misimianos
1055 2153 1243 2199 potentiae
1279 2153 1318 2186 in
1353 2151 1510 2188 Iber-iam
1546 2151 1593 2184 ad

143 2197 438 2244 Nachoraganem
463 2210 543 2232 cum
566 2200 840 2244 pervenissent,
866 2201 987 2233 omnia
1016 2201 1051 2233 ei
1082 2200 1313 2241 nuntiarunt,
1337 2211 1428 2245 quae
1458 2199 1498 2232 in
1523 2199 1590 2231 So-

144 2243 325 2278 terichum
356 2251 652 2290 perpetrassent5
686 2246 907 2280 verissimam
939 2245 1087 2292 quidem
1125 2257 1267 2279 causam
1295 2246 1442 2280 silentio
1468 2244 1591 2279 occul-

145 2295 263 2325 tantes
279 2316 289 2332 ‚
321 2291 482 2326 dicentes
506 2303 613 2334 vero,
644 2292 756 2338 quod,
781 2305 861 2326 cum
883 2305 904 2326 a
932 2294 1046 2328 multo
1075 2298 1239 2338 tempore
1266 2294 1452 2326 Persarum
1471 2297 1593 2338 partes

146 2343 268 2372 essent
290 2339 436 2379 secuti,
475 2339 676 2384 ignominia
709 2339 940 2374 afficerentur
967 2346 1004 2374 et
1034 2340 1079 2374 ab
1110 2340 1198 2385 ipsis
1229 2339 1372 2373 Colchis
1401 2345 1438 2372 et
1469 2351 1489 2372 a
1520 2339 1592 2371 Ro-

144 2384 284 2426 manis,
309 2390 417 2430 atque
450 2385 546 2419 inter
569 2386 762 2420 vilissimos
793 2393 1027 2421 censerentur
1049 2401 1058 2421 :
1084 2387 1233 2420 tandem
1252 2397 1337 2420 vero
1362 2384 1593 2420 soterichum

144 2432 264 2477 ipsum
283 2431 543 2476 supervenisse,
575 2432 695 2467 verbis
726 2432 874 2479 quidem
902 2445 987 2479 prae
1003 2445 1040 2467 se
1059 2433 1249 2471 ferentem,
1276 2432 1375 2477 quod
1403 2431 1595 2476 pecuniam

147 2479 254 2512 sociis
281 2477 498 2511 distribuere
518 2478 642 2520 vellet,
673 2490 711 2512 re
735 2485 855 2512 autem
882 2481 973 2524 ipsa,
1014 2491 1106 2526 quae
1126 2479 1171 2512 ad
1206 2479 1404 2523 perniciem
1435 2477 1593 2510 eversio-

145 2535 301 2570 nemque
326 2525 438 2557 totius
462 2525 578 2569 gentis
598 2526 845 2570 pertinebant,
873 2527 1094 2560 molientem.
1122 2525 1234 2564 „Cum
1259 2525 1382 2570 itaque
1407 2529 1593 2568 oporteret

146 2583 213 2605 nos
248 2569 443 2616 (dicebant
469 2571 647 2618 oratores)
671 2573 730 2605 vel
759 2572 922 2606 funditus
954 2573 1099 2618 perire,
1137 2572 1192 2604 vel
1222 2569 1491 2615 praeveniendo
1522 2571 1593 2603 Ro-

145 2629 269 2651 manos
305 2617 416 2651 calidi
452 2617 615 2651 fortassis
640 2629 683 2651 ac
706 2619 917 2664 praecipitis
946 2619 1034 2652 facti
1062 2619 1272 2663 opinionem
1303 2617 1400 2662 apud
1435 2616 1596 2650 nonnul-

147 2664 203 2693 'iu
225 2665 409 2698 incurrere
424 2689 434 2704 ‚
470 2674 587 2710 eoque
615 2664 760 2698 nomine
783 2666 877 2700 male
899 2665 1026 2698 audire
1041 2690 1050 2705 ‚
1082 2670 1183 2698 vetus
1210 2668 1329 2697 tamen
1353 2668 1514 2697 nostrum
1535 2662 1592 2696 vi-

149 2705 259 2740 vendi
289 2710 347 2746 ius
372 2710 554 2752 retinere,
581 2714 619 2745 et
643 2710 688 2746 de
718 2710 824 2746 rebus
855 2712 1009 2754 nostris,
1029 2716 1138 2757 prout
1154 2710 1461 2746 consultissimum.
1478 2711 1595 2746 vinnm
