1832 3152
183 422 675 483 ΑΓΑΘῙΟΤ
754 418 1585 479 ΣΧΟΛΛΣΤῙΚΟΥ

634 519 1036 563 ιΣΤοΡΙΩΝ
1086 519 1140 560 Δ.

123 599 757 684 ἈθΑΤΙ-ΙΙΑΕ
849 618 1581 682 SCHOLASTICI

529 719 923 760 HISTORIARUM
965 719 1134 760 LIBER
1161 719 1236 763 IV.

708 905 1053 940 ARGUMENTUM.

250 990 434 1027 Iudicium
458 989 502 1026 de
528 988 639 1026 caede
657 991 829 1031 Gubazis‚
853 991 1060 1025 Athanasio
1080 991 1305 1039 quaesitore,
1328 991 1564 1038 instituitur(
1571 988 1613 1038 1).

155 1040 318 1074 Primum
341 1039 548 1072 Iustiniani
571 1039 720 1072 litterae
747 1038 800 1071 ad
820 1039 993 1086 Rufinum
1019 1038 1153 1078 datae,
1177 1039 1311 1084 quibus
1337 1039 1519 1073 Gubazem
1538 1042 1613 1084 By-

157 1088 324 1121 zantium
355 1086 453 1119 mitti
488 1087 667 1125 iusserat,
694 1086 904 1119 recitantur
921 1085 983 1131 (2).
1035 1086 1166 1119 Oratio
1191 1094 1448 1119 accusatorum
1473 1085 1614 1119 adver-

155 1145 218 1168 sus
240 1132 412 1180 Rufinum
436 1140 472 1166 et
494 1132 670 1166 Ioannem
693 1130 742 1176 (3,
763 1131 797 1175 4,
821 1131 855 1172 5,
883 1130 930 1177 6).
984 1132 1052 1165 Vix
1085 1129 1222 1165 sedatis
1244 1132 1353 1176 vulgi
1375 1132 1612 1172 clamoribus,

156 1180 198 1214 1ιὶ
219 1180 332 1225 longa
367 1180 539 1212 oratione
575 1190 612 1212 se
637 1176 840 1224 defendunt
860 1176 910 1223 (7,
935 1180 969 1217 8,
991 1189 1026 1223 9,
1054 1177 1119 1223 1ο).
1172 1179 1294 1211 Causa
1322 1178 1507 1224 utrimque
1527 1190 1614 1224 per-

96 1259 106 1268 „
157 1234 291 1266 orata,
322 1224 549 1260 Athanasius
579 1236 661 1258 reos
696 1223 891 1258 damnatos
921 1222 974 1257 ad
1009 1224 1229 1271 supplicium
1260 1223 1349 1258 duci
1381 1225 1483 1258 iubet
1524 1225 1612 1271 (11).

156 1272 455 1308 Μίεἰιηίαηονιιηι
477 1271 594 1317 legati
613 1271 796 1305 auxilium
818 1279 981 1316 petentes
1005 1272 1158 1305 comiter
1180 1283 1203 1304 a
1222 1269 1496 1316 Nachoragane
1514 1274 1615 1306 exci-
1655 1272 1659 1274 ’

155 1320 311 1366 piuntur
333 1317 418 1363 (ιιι).
466 1318 684 1363 Insequenti
710 1330 812 1351 anno
839 1319 1020 1358 Romani,
1047 1319 1190 1351 Baraze
1215 1326 1250 1352 et
1271 1317 1477 1352 Phar-sante
1505 1318 1614 1353 duci*-

156 1366 250 1406 bus,
278 1364 504 1400 Misimianis
531 1365 664 1398 bellum
698 1364 889 1410 infir-unt.-
923 1366 965 1398 in
987 1364 1136 1411 finibus
1162 1365 1389 1411 Apsiliorum
1415 1366 1614 1400 Persarum

157 1412 340 1447 exercitus
365 1411 411 1444 iis
435 1411 585 1444 obviam
613 1412 719 1444 venit
740 1410 825 1456 (13).
873 1411 1030 1445 Romani
1055 1412 1210 1444 Hunnos
1235 1412 1392 1444 Sabiros
1414 1410 1485 1446 hoc
1510 1424 1612 1446 anno

158 1470 238 1494 cum
261 1458 383 1492 Persis
407 1457 608 1491 militantes
632 1469 676 1491 ex
702 1457 903 1502 improviso
925 1456 1050 1490 adorti
1066 1458 1300 1492 vehementer
1313 1466 1495 1501 premunt;
1523 1460 1615 1493 Per-

156 1517 280 1539 sarum
325 1503 490 1538 exercitu
526 1505 811 1549 superveniente
842 1502 1020 1537 recedunt
1049 1501 1133 1549 (14).
1195 1505 1348 1537 Interim
1385 1505 1612 1546 Elminzur,

155 1550 232 1585 dux
257 1551 499 1585 Romanorum
516 1583 518 1586 ,
534 1562 559 1583 a
589 1550 733 1584 Iustino
758 1552 907 1590 missus,
931 1548 1190 1595 Rhodopolin,
1216 1551 1390 1584 Lazicum
1415 1550 1611 1596 oppidum,

156 1611 180 1633 a
206 1598 329 1632 Persis
370 1598 457 1630 olim
483 1605 757 1643 expugnatum,
796 1597 919 1630 subito
955 1608 1149 1642 aggressus
1187 1605 1352 1642 occupat.
1401 1598 1616 1632 Misimiani

153 1645 295 1690 legatos
314 1643 536 1688 Apsiliorum
558 1644 664 1688 pacis
687 1655 799 1678 causa
825 1656 849 1677 a
868 1644 1041 1676 Romanis
1061 1646 1189 1677 missos
1207 1641 1382 1678 occidunt
1398 1643 1484 1690 (15).
1525 1645 1612 1679 Ira-

154 1691 188 1724 ti
217 1690 376 1724 Romani
394 1690 492 1737 fines
515 1702 638 1724 eorum
665 1688 855 1724 invadunt
878 1698 911 1723 et
946 1689 1145 1723 exercitum
1168 1692 1336 1724 vincunt.
1391 1691 1488 1725 Victi
1514 1692 1613 1726 Tza-

154 1735 271 1778 char‚
296 1737 484 1770 castellum
508 1737 810 1775 munitissimum,
836 1747 873 1770 se
898 1737 1087 1782 recipiunt
1109 1736 1195 1782 (16).
1248 1735 1356 1780 Quod
1368 1737 1528 1771 Romani
1552 1750 1611 1773 se-

153 1785 280 1828 gniter·
302 1781 509 1817 obsidentes
542 1782 588 1815 ab
617 1783 763 1817 Ioanne
795 1782 955 1822 Dacna,
993 1795 1098 1826 quem
1125 1783 1318 1817 Martinus
1342 1782 1395 1816 ad
1417 1794 1477 1818 eos
1501 1787 1611 1819 mise-

154 1837 228 1870 rat,
263 1840 362 1863 novo
402 1827 526 1863 studio
563 1829 774 1863 incitantur
801 1829 890 1874 (¹7)·
944 1829 1096 1863 Centum
1132 1842 1272 1871 eorum,
1310 1830 1382 1863 Illo
1408 1829 1514 1871 duce,
1545 1843 1610 1865 ex-

150 1875 299 1920 plorato
325 1876 473 1916 itinere,
498 1873 553 1909 ad
573 1875 745 1920 oppidum
771 1876 835 1908 sub
860 1877 940 1920 ipsa
964 1887 1051 1909 arce
1088 1877 1198 1910 situm
1230 1885 1343 1910 noctu
1376 1875 1609 1911 adscendunt

151 1921 241 1967 (18).
291 1923 557 1968 Oppressisper
579 1924 699 1956 noctis
730 1923 901 1955 tenebras
928 1921 1162 1963 custodibus,
1193 1935 1316 1956 omnes
1350 1924 1495 1958 incolas
1521 1936 1605 1958 cru·
1644 1944 1647 1948 ·

153 1967 332 2002 delissime
357 1966 550 2002 trucidant
568 1967 652 2014 (19).
702 1967 776 2002 Sed
798 1969 872 2014 ipsi
882 1969 996 2013 paulo
1007 1977 1091 2014 post
1115 1982 1138 2002 a
1153 1969 1379 2003 Misimianis
1403 1982 1483 2004 cum
1501 1983 1605 2016 mag-

154 2025 204 2048 na
228 2013 332 2049 clade
361 2013 620 2048 detruduntur.
671 2015 925 2049 Verumtamen
960 2015 1134 2049 Romanis
1165 2015 1286 2050 nihilo
1325 2016 1444 2050 secius
1469 2019 1603 2051 castel-

150 2060 226 2093 lum
253 2061 560 2114 oppugnantibus,
583 2061 793 2095 Misimiani
813 2073 939 2107 pacem
965 2070 1089 2101 orant,
1116 2073 1226 2108 quam
1250 2064 1410 2096 Ioannes
1433 2063 1604 2098 concedit

153 2105 225 2151 20).
273 2108 570 2141 Miszm1·anorum
608 2108 716 2141 rebus
747 2109 976 2153 compositis,
1018 2109 1250 2142 Iustinianus
1284 2121 1456 2142 summum
1487 2111 1603 2156 impe—

151 2153 247 2186 rium
269 2153 435 2187 Martino
460 2153 675 2200 abrogatum
702 2155 844 2188 Iustino
869 2153 988 2188 tradit
1005 2154 1090 2201 (21).
1139 2156 1300 2189 Ioannes
1324 2155 1475 2200 quidam
1499 2158 1600 2202 Aser,

150 2198 266 2233 venia
301 2210 324 2232 a
359 2200 501 2234 Iustino
535 2202 743 2246 impetrata,
768 2201 917 2245 nefario
942 2199 1029 2234 dolo
1054 2213 1076 2234 a
1099 2202 1399 2247 provincialibus
1447 2204 1602 2238 ecunias

151 2243 269 2288 exigit
297 2243 381 2291 (22).
442 2246 619 2282 Chosroes
649 2246 957 2291 Nachoraganem
999 2255 1151 2293 propter
1188 2248 1328 2282 cladem
1371 2261 1392 2282 a
1459 2250 1600 2284 Phasin

151 2291 275 2324 urhem
312 2301 495 2336 acceptam
534 2294 726 2328 excoriari
758 2294 860 2327 iubet
885 2293 972 2340 (23).
1029 2295 1218 2339 Digressio
1250 2294 1294 2330 de
1328 2296 1422 2329 novi
1453 2298 1597 2332 Persici

150 2337 296 2383 imperii
321 2338 464 2379 regibus
493 2338 566 2384 (24,
583 2340 640 2379 25,
660 2342 717 2379 26,
741 2351 798 2385 27,
823 2339 892 2384 28).
940 2340 1114 2380 Cabadis,
1139 2342 1330 2375 Persarum
1351 2342 1474 2387 regis,
1497 2344 1594 2389 sata.

149 2395 231 2418 cum
253 2383 435 2416 similibus
452 2386 615 2419 Zenonis
637 2386 763 2420 Isauri
789 2394 826 2420 et
841 2387 992 2433 Nepotis
1013 2388 1159 2421 casibus
1175 2397 1448 2435 comparantur.
1483 2390 1594 2424 Chos-

149 2430 226 2463 rois
241 2454 250 2468 ‚
278 2430 472 2463 novissimi
504 2433 612 2473 regis,
636 2433 801 2476 ingloria
836 2445 932 2466 mors
959 2433 1048 2479 (29).
1096 2434 1219 2479 Sergii
1257 2437 1470 2480 interpretis
1503 2435 1593 2469 dili-

148 2476 274 2519 gentia
312 2475 506 2510 laudatur.
539 2478 714 2513 Chosroes
732 2491 799 2523 per
826 2479 978 2513 Zichum
1009 2480 1170 2527 legatum
1200 2482 1419 2526 Byzantium
1445 2482 1591 2516 missum

149 2521 319 2556 inducias
349 2533 430 2557 cum
463 2524 674 2559 Iustiniano
712 2525 918 2571 paciscitur
936 2525 1022 2572 (3ο).
