1794 3112
288 112 392 180 144
847 126 1120 171 AeAmiAE

97 237 137 272 A.
159 237 270 282 0554
377 229 424 271 δ’.
456 224 575 270 Οἷῖτω
599 229 646 270 δὲ
656 226 726 268 ἐπὶ
746 227 827 268 τῶν
845 228 980 270 ἵππων
1001 225 1145 283 ἥμενοι
1162 226 1349 282 ἅπαντες,
1377 229 1601 284 διελέγοντο
1615 224 1694 271 ἆλ-

143 283 169 316 Ῑ“
185 286 210 316 Ῑ·
225 289 405 348 28λη’λοις
428 290 536 340 ὅπως
555 291 606 332 τοὶ
627 288 810 346 παρόντα
827 293 981 333 θετέον·
1007 292 1079 334 καί
1089 293 1228 335 τοίνυν
1250 293 1271 334 ὁ
1295 294 1535 342 “Ρούστικος
1561 287 1690 347 ,,ἇ’γε”

276 356 358 412 ἔφη
385 351 446 409 „03
471 358 511 397 Γ
510 356 676 409 ουβάζη,
715 351 825 403 ὅπως
846 353 945 409 ἡμῖν
984 355 1180 412 συνάροιο
1221 356 1292 398 καί
1327 356 1582 414 συνεπιλήψῃ
1612 357 1691 398 τοῦ

275 420 407 462 πόνου
434 418 538 461 κατὰ
558 420 738 474 Περσῶν
753 421 876 470 ἰοῦσι,
907 418 1066 461 τούτων
1085 419 1133 475 δη
1150 422 1231 462 τῶν
1250 423 1293 470 ἐς
1312 419 1553 476 Ὀνόγουριν
1572 419 1692 477 ἱδρυ-

273 487 416 537 μένων.
447 482 621 538 αἰσχρὸν
645 482 723 538 γάρ
742 485 781 524 εἰ
795 484 1066 524 καθεδοῦνται
1081 485 1212 534 ἀδεῶς
1237 487 1490 526 ἐπιπλεῖστον
1515 485 1558 526 ἐν
1579 482 1713 540 μέσῃ5

173 556 206 590 Ρ.
218 556 263 594 76
275 551 324 604 τῇ
358 549 534 605 ἡμετέρᾳ
570 547 710 604 χώρᾳ,
761 548 831 587 καί
858 549 990 588 ταῦτα
1024 544 1214 601 ὀλίγιστοι
1253 543 1366 598 ὄντες
1392 548 1466 590 καί
1498 548 1691 601 οὖδαμῶς

273 610 535 665 ἆξιόμαχοι”.
591 612 710 664 ,,α’λλ’
727 611 836 663 ὑμᾶς
858 627 903 665 γε
925 611 1103 663 μόνους”
1132 606 1161 666 ἦ
1181 613 1227 652 δὲ
1255 610 1275 652 ὅ
1299 614 1338 654 Γ
1336 610 1512 667 ουβάζης
1537 609 1692 666 „o'wdr-

273 694 322 731 κη
337 710 348 728 ,
385 673 421 718 εὖ
439 681 641 730 γενναῖοι,
677 678 721 717 ἐν
752 677 854 732 τῷδε
887 677 1212 729 διαγωνίσασθαι
1226 709 1238 729 ,
1265 674 1324 726 ὦς
1348 675 1420 718 καί
1439 677 1589 729 μόνους
1606 677 1690 718 τῶν

272 741 594 794 ξυνενεχθέντων
625 740 904 788 αἰτιωτάτους.
945 741 984 780 εἰ
1007 740 1084 795 γὰρ
1111 739 1168 794 μὴ
1209 739 1396 798 ῥᾳστώνῃ
1425 741 1550 796 πολλῇ
1577 735 1692 794 ἀμφὶ

271 803 323 846 τοὶ
350 806 532 859 πρακτέα
565 803 729 856 εἴχεσθε
761 802 832 844 καί
862 803 1079 862 ὄλιγωριζκ,
1118 799 1203 846 οὔτ’
1226 802 1277 846 ἂν
1299 803 1346 846 τὸ
1371 802 1572 861 φρούριον
1591 803 1742 859 ἧμΐνιο

270 870 390 910 τοῦτο
418 866 710 920 ἐπετειχιζετο,
758 862 851 908 οὕτε
881 865 1014 917 οὕτως
1048 869 1177 909 ἀκλεᾶ
1203 867 1340 924 φυγὴν
1374 867 1446 910 καὶ
1474 865 1690 921 ἀσχήμονα

270 931 518 980 ὑποστάντες
544 930 860 986 ἑδραπετεύετε,
890 927 983 973 οὔτε
1009 927 1108 974 ἄλλο
1133 950 1175 974 τι
1191 933 1365 986 ἐγίγνετο
1390 933 1473 975 τῶν
1493 931 1544 972 οὖ
1566 946 1692 986 προσ-

274 996 470 1050 ηκόντων.
507 997 582 1038 νῦν
608 994 658 1049 δὴ
692 992 788 1048 οὖν,
833 992 868 1038 ὦ
887 998 1056 1052 λῷστοι,
1097 995 1140 1037 εἴ
1162 1013 1206 1051 γε
1235 995 1354 1053 δόξης
1385 994 1562 1052 ἐρασταὶ
1587 991 1699 1036 εἶναι’

272 1077 376 1116 φατε
398 1062 468 1102 καί
488 1063 742 1116 στρατηγικῷ
773 1060 1006 1116 φρονήματι
1025 1059 1247 1114 γάννυσθε,
1273 1059 1318 1102 τὸ
1337 1061 1578 1117 παρειμένον
1591 1057 1693 1111 ὑμῖν

277 1122 534 1179 ἆνακλητέον.
573 1122 629 1189 (ὃς
659 1123 782 1178 ἔγωγε
817 1120 866 1166 οὗ
893 1140 991 1165 ποτε
1015 1127 1194 1178 ἕψομαι,
1222 1121 1318 1166 οῦδὲ
1340 1122 1744 1175 ξυνδιακινδυνεύ-ιό
1778 1141 1780 1143 ’

270 1205 416 1241 σαιμι,
454 1190 552 1243 πρὶν
576 1185 627 1229 ἂν
652 1186 812 1230 ἅπαντα
834 1189 1158 1244 ἕκθεραπευθείη
1177 1187 1275 1244 πρὸς
1298 1189 1416 1241 ὑμῶν
1431 1188 1484 1230 τὰ
1507 1186 1694 1242 ἡμαρτη-

245 1254 428 1305 Βμένα”.
493 1251 649 1294 τούτων
669 1254 715 1292 δὲ
732 1253 976 1307 εἰρημένων,
1005 1249 1175 1304 αὐτίκα,
1214 1249 1349 1307 ὥσπερ
1377 1253 1448 1306 τῆς
1466 1247 1695 1304 ἀντιλογίας

273 1313 520 1371 ἀποχρώσης
543 1315 647 1370 πρὸς
668 1316 832 1369 ἔλεγχον
864 1317 938 1357 τοῦ
963 1317 1176 1370 μηδισμοῦ
1205 1315 1276 1357 καί
1300 1314 1540 1370 τυραννίδος
1567 1327 1694 1366 μεμε-

271 1381 512 1435 λετημένης,
552 1378 573 1419 ὁ
601 1379 793 1433 Ἰωάννης
824 1381 999 1431 ἐκεῖνος,
1043 1379 1068 1419 ὅ
1102 1381 1183 1420 τῶν
1212 1381 1356 1420 δεινῶν
1389 1375 1694 1434 ἀγγελιαφόρος,

168 1448 211 1483 V·
224 1453 266 1489 55
276 1443 536 1496 σπασάμενος
562 1440 696 1498 ἦρέμα
723 1442 767 1485 τὸ
797 1443 1064 1499 ἐγχειριδιον,
1098 1443 1214 1485 παίει
1240 1442 1310 1485 τὸν
1335 1446 1376 1485 Γ
1374 1441 1551 1497 ουβάζην
1580 1437 1745 1496 ἆμφίαο

272 1507 317 1551 τὸ
342 1509 530 1563 στέρνον,
569 1503 685 1548 οἷῖπω
716 1507 894 1563 καιρίαν.
930 1507 951 1549 ὃ
985 1509 1043 1561 δὲ,
1082 1508 1319 1564 (ἐτύγχανέν
1337 1507 1415 1563 γὰρ
1443 1503 1690 1560 ἐναλλάγδην

274 1572 384 1627 ἔχων
410 1570 466 1614 τώ
490 1569 591 1612 πόδε
609 1571 715 1628 ὑπὲρ
739 1570 810 1613 τὸν
832 1573 990 1626 αὐχένα
1009 1574 1083 1614 τοῦ
1098 1573 1258 1629 ἴππου,)
1285 1571 1440 1628 ἀθρόον
1462 1572 1692 1622 κατέπεσεν,

366 1667 397 1700 5.
419 1666 514 1711 μέσῃ
550 1676 616 1697 om.
643 1665 681 1696 R.
754 1676 805 1698 10.
830 1665 1019 1710 παρακτέα
1041 1665 1114 1698 Par.
1197 1665 1247 1700 15.
1274 1660 1691 1707 ξυνδιακινδυνεύσαιμι

365 1714 416 1753 R„
441 1710 793 1757 διακινδυνεύσαιμι
815 1711 906 1754 vulg.

363 1796 393 1839 4.
442 1795 496 1828 Ita
523 1805 605 1827 vero
644 1793 743 1838 equis
770 1792 968 1826 insidentes
1004 1803 1146 1833 omnes,
1182 1792 1403 1826 disserebant
1426 1792 1521 1826 inter
1543 1801 1619 1825 sese
1645 1790 1690 1826 de

271 1841 452 1886 praesenti
484 1850 600 1874 rerum
625 1845 717 1872 statu
743 1839 998 1883 componendo.
1049 1840 1140 1871 Tum
1170 1839 1352 1878 Rusticus,
1378 1837 1468 1882 Age,
1502 1838 1642 1882 inquit,
1666 1850 1688 1871 ο

273 1888 438 1926 Gubaze,
470 1887 644 1929 coniunge
675 1890 711 1918 te
736 1891 878 1918 nostrae
904 1885 943 1917 in
979 1885 1099 1917 Persas
1125 1884 1368 1928 expeditioni,
1401 1889 1437 1916 et
1470 1894 1689 1917 communem

271 1934 457 1967 nobiscum
478 1932 638 1964 laborum
657 1935 792 1975 partem
815 1930 907 1970 suhi,
931 1931 970 1963 in
991 1931 1074 1963 illos
1099 1930 1293 1974 Onogurim
1314 1928 1521 1962 insidentes.
1569 1930 1690 1974 Turpe

273 1981 370 2012 enim
391 1978 499 2011 fuerit
513 1979 542 2010 si
563 1977 698 2009 diutius
716 1987 775 2009 eos
793 1977 831 2008 in
849 1976 967 2008 media
983 1980 1104 2008 nostra
1120 1977 1264 2020 regione
1283 1985 1406 2008 secure
1419 1975 1574 2008 residere
1593 1976 1689 2019 pati-

271 2037 389 2064 amur,
414 2023 605 2068 praecipue
621 2033 699 2055 cum
728 2027 765 2054 et
782 2022 987 2066 paucissimi
1014 2021 1086 2054 sint
1101 2045 1111 2060 ,
1147 2031 1264 2065 neque
1287 2031 1389 2064 pares
1418 2022 1481 2064 qui
1500 2020 1689 2054 nobiscum

270 2071 411 2116 proelio
437 2069 643 2102 decernant.
690 2068 781 2100 Tum
802 2067 986 2106 Gubazes,
1009 2066 1057 2099 At
1085 2077 1146 2099 vos
1162 2091 1171 2106 ‚
1196 2067 1338 2111 inquit,
1361 2066 1450 2099 boni
1474 2067 1562 2107 viri,
1593 2066 1688 2099 solos

272 2126 417 2149 necesse
439 2116 544 2148 estin
563 2113 631 2146 hoc
650 2113 829 2146 elaborare
842 2137 851 2153 ,
875 2123 984 2156 penes
1010 2123 1098 2156 quos
1119 2113 1214 2144 solos
1236 2122 1357 2144 eorum
1376 2121 1466 2156 quae
1483 2112 1687 2146 acciderunt

273 2163 388 2195 omnis
406 2161 510 2204 culpa
529 2159 700 2192 consistit.
750 2158 827 2191 Nisi
846 2159 941 2190 enim
961 2157 1089 2200 supina
1111 2157 1261 2202 quadam
1290 2157 1431 2201 ignavia
1449 2158 1686 2202 vecordiaque

274 2209 313 2240 in
343 2206 448 2240 rebus
475 2205 637 2250 gerendis
667 2203 870 2248 praepediti
899 2203 1078 2242 fuissetis,
1119 2214 1236 2247 neque
1265 2203 1568 2247 propugnaculum
1593 2202 1688 2236 illud

273 2264 375 2286 muro
405 2253 559 2284 cinctum
583 2255 694 2289 esset,
717 2248 952 2294 neque.adeo
983 2248 1176 2292 ignobilem
1209 2254 1421 2292 turpemque
1445 2248 1562 2293 fugam
1595 2249 1686 2282 arri-

273 2298 451 2342 puissetis,
475 2307 591 2341 neque
614 2295 803 2340 quicquam
823 2306 955 2334 eorum,
977 2305 1066 2338 quae
1083 2293 1182 2326 haud
1198 2305 1260 2338 par
1288 2298 1374 2334 erat,
1396 2294 1528 2327 sactum
1547 2294 1682 2328 fuisset.

274 2344 377 2376 Nunc
396 2354 478 2376 vero
491 2367 500 2382 ,
523 2343 591 2374 viri
611 2342 755 2384 optimi,
779 2341 809 2374 si
822 2351 882 2373 vos
908 2340 1040 2384 gloriae
1061 2340 1206 2383 cupidos
1229 2350 1304 2372 esse
1319 2359 1322 2362 ⁴
1340 2339 1458 2372 dicitis
1479 2345 1516 2373 et
1545 2340 1575 2372 si
1604 2340 1685 2374 ani-

274 2401 350 2422 mos
374 2390 412 2422 in
432 2392 575 2432 pectore
595 2387 784 2429 praefectis
812 2386 1027 2419 militaribus
1059 2385 1183 2429 dignos
1211 2385 1353 2429 geritis,
1378 2385 1595 2418 intermissio
1618 2385 1686 2418 ista

275 2435 381 2468 officii
400 2434 499 2467 vobis
518 2438 571 2465 est
594 2431 823 2464 resarcienda.
872 2431 997 2475 Neque
1016 2432 1111 2463 enim
1132 2442 1286 2474 unquam
1308 2442 1370 2465 vos
1395 2441 1543 2474 sequar,
1567 2441 1685 2474 neque

275 2481 411 2514 bellum
427 2476 547 2518 adibo,
567 2477 680 2510 donec
694 2477 824 2516 omnia,
846 2487 938 2521 quae
957 2488 979 2509 a
990 2476 1091 2509 vobis
1109 2481 1252 2519 peccata
1265 2482 1358 2515 sunt,
1370 2480 1524 2509 correcta
1539 2475 1684 2508 fuerint.

276 2526 339 2558 His
372 2525 476 2558 dictis
503 2523 701 2564 confestim,
731 2522 878 2566 perinde
906 2533 948 2554 ac
978 2523 1008 2554 si
1029 2522 1261 2555 contradictio
1291 2522 1402 2566 ipsius
1429 2521 1571 2554 evidens
1601 2522 1684 2554 satis

277 2576 370 2604 esset
398 2574 644 2614 argumentum
668 2568 880 2601 defectionis
923 2567 967 2601 ad
998 2568 1117 2600 Persas
1153 2572 1190 2600 et
1215 2566 1414 2610 tyrannidis
1443 2567 1622 2599 affectatae
1645 2577 1686 2599 ac

276 2617 568 2661 praemeditatae,
594 2615 742 2648 Ioannes
769 2614 844 2654 ille,
875 2615 937 2658 qui
966 2614 1135 2646 malorum
1156 2614 1326 2650 nuncium
1350 2612 1536 2651 attulerat,
1561 2613 1683 2646 stricto

277 2663 364 2695 clam
383 2663 537 2708 pugione
559 2659 693 2694 Gubazi
713 2665 837 2705 pectus
859 2659 963 2700 serit,
989 2659 1147 2692 nondum
1169 2664 1287 2692 tamen
1303 2657 1468 2695 letaliter.
1514 2657 1582 2691 Hic
1601 2668 1682 2693 vero
