1794 3112
558 138 936 180 HISTORIARUM
978 141 1030 179 11.
1059 137 1127 184 26.
1324 168 1327 170 .
1484 132 1503 166 1
1517 110 1587 166 23

147 247 218 288 διν
237 239 538 294 ·ἇπὲκτειναν,·
571 242 645 282 καί
662 237 850 287 ’πολλοὺς
882 240 964 281 τῶν
1000 235 1093 280 ὅσοι
1127 237 1411 292 ὅμογνώμονες
1452 233 1637 289 ἒκείνῳΑ.
1658 240 1695 275 C.
1717 239 1786 284 554

149 295 377 366 ἐτύγχανον
407 302 545 360 ὄντες,
585 306 643 356 ὥς
667 306 741 348 οὖκ
770 305 859 357 ἐξὸν
888 311 974 355 τοῖς
1000 303 1148 359 μάγοις
1175 305 1234 360 τῷ
1253 302 1450 358 βασιλείῳ
1473 289 1736 356 θώκῳῙ·Ῑ·“8

146 376 451 432 ἐνωραΐζεσθαι
484 371 558 414 καί
587 371 758 424 ἱζάνειν.
798 367 904 412 οὕτω
934 373 980 413 δὲ
1012 371 1154 419 αὐτοῖς
1187 366 1234 411 οὗ
1270 366 1417 423 μιαροὶ
1449 365 1597 415 ἔδοξαν

147 435 255 483 εἶναι
287 437 326 480 οἱ
359 437 506 494 φόνοι,
555 439 714 491 μᾶλλον
742 439 822 490 μὲν
849 433 925 479 οὖν
959 437 1031 477 καί
1050 437 1236 488 μείζονος
1273 429 1381 483 ἄξιοι
1411 429 1596 485 μνήμης,
1615 437 1643 470 Β

121 502 254 556 fidiora
281 505 426 558 ἀμέλει
445 503 521 559 τὴν
545 501 689 546 στάσιν
712 503 871 557 ἐκείνην
900 500 1155 558 Μαγοφόνια
1180 497 1327 555 ἑορτὴν
1352 497 1640 550 ὀνομασθῆ-ἺῙ·
1653 496 1694 542 47

148 586 218 614 ναι
229 604 241 623 ,
281 568 364 612 καί·
386 570 542 618 θυσίας
566 571 849 610 ἐπιτελεῖσθαι
874 567 1182 623 χαριστηρίους.
1233 565 1308 606 νῦν
1343 565 1389 604 δὲ
1423 563 1600 614 τιμαῖσιν

146 633 299 684 αὖτοὺς
322 630 502 683 ἅπαντες
525 635 599 675 καί
617 631 924 689 ὖπεράγανται,
952 633 1026 673 καί
1045 629 1095 672 τά
1116 646 1160 672 τε
1181 629 1299 671 κοινὰ
1323 633 1416 677 ταῖς
1442 625 1597 668 τούτων

145 703 318 754 βουλαῖς
343 701 415 741 καί
442 697 765 754 προαγορεύσεσι
795 696 1075 749 διατάττεται,
1113 697 1186 737 καί
1216 694 1303 752 ἰδίᾳ
1336 690 1492 749 ἑκάστῳ
1517 692 1598 732 τῶν

146 762 491 818 συμβαλλόντων,
519 759 547 818 ἢ
574 765 691 818 δίκην
711 763 981 817 λαγχάνοντι,
1011 763 1257 817 ἐφίστανται
1281 758 1596 805 διασκοποῦντες

101 827 203 872 ποτὰ
224 829 453 885 ποιούμενα
465 863 477 882 ,
518 831 591 871 καί
607 828 903 885 ἐπικρίνοντες,
943 828 1015 869 καί
1035 824 1156 869 οὐδὲν
1183 825 1320 868 ὗτιοῦν
1343 822 1456 879 παρὰ
1477 824 1598 877 Πέρ-

146 910 240 943 σαις
261 894 417 944 δόξειεν
441 890 492 936 ἂν
515 892 686 947 ἔννομόν
708 909 754 935 τε
781 890 889 936 εἶναι
912 894 983 935 καί
1005 893 1187 946 δίκαιον,
1230 887 1299 946 ὅγε
1329 888 1389 945 μὴ
1408 886 1490 930 ὑπὸ
1513 887 1598 941 μά-

144 974 219 1013 γου
243 959 518 1014 ἐμπεδωθείη.

256 1021 322 1074 ιζ’.
344 1026 530 1078 Λέγεται
554 1025 601 1065 δὲ
618 1022 691 1079 τὴν
717 1025 794 1066 τοῦ
824 1020 1089 1080 Ἀρταξάρου
1114 1023 1278 1079 μητέρα
1300 1023 1486 1077 Παβέκῳ
1514 1021 1599 1061 τινί

145 1079 444 1146 ξυνῳκηκέναι,
496 1089 737 1131 παντάπασι
776 1091 855 1142 μὲν
882 1088 1130 1146 ἀσημοτιίτῳ
1159 1091 1232 1130 καί
1257 1085 1493 1143 σκυτοτόμῳ
1521 1083 1597 1139 τὴν

94 1156 320 1209 Ιότέχνην,
348 1155 424 1210 τῆς
451 1156 497 1197 δὲ
519 1155 603 1197 τῶν
631 1151 818 1210 ἄστε’ρων
841 1157 1012 1211 πορείας
1038 1152 1358 1210 ὸαημονεστάτῳ
1374 1186 1387 1204 ‚
1427 1149 1499 1192 καὶ
1521 1151 1632 1208 οἴῳῦ

146 1219 299 1278 ῥᾳδίως
328 1219 382 1261 τοὶ
406 1217 582 1273 ἐσόμενα
609 1222 941 1263 διασκοπεῖσθαι·
988 1215 1123 1276 ἄνδρα
1146 1221 1192 1262 δὲ
1217 1217 1478 1273 στρατιώτην
1507 1214 1593 1258 Σά-

145 1300 270 1326 σανον
294 1278 427 1338 ὄνομα
440 1318 453 1338 ‚
482 1283 552 1326 διὰ
578 1287 650 1339 τῆς
666 1287 967 1339 Καδουσαίων,
997 1282 1104 1327 οὕτω
1128 1284 1391 1338 ξυνενεχθὲν,
1421 1280 1596 1338 πορευόι-

145 1365 271 1402 μενον
293 1350 459 1406 χώρας,
488 1351 798 1406 ἐπιξενωθῆναί
811 1367 856 1394 τε
885 1353 942 1408 τῷ
967 1353 1150 1409 Παβέκῳ
1166 1385 1178 1403 ,
1208 1350 1281 1392 καὶ
1298 1352 1341 1400 ἐς
1362 1348 1410 1390 τὸ
1434 1350 1592 1390 ἐκείνου

147 1413 359 1468 δωμάτιον
390 1418 675 1470 καταχθῆναι·
710 1415 778 1458 τὸν
810 1419 857 1458 δὲ
897 1417 1103 1475 ὃτῳὸηοῧν
1146 1414 1298 1473 τρόπῳ,
1329 1412 1422 1467 ἅτε,
1450 1410 1590 1466 οἶμαι,

91 1479 319 1533 2ομοίντιν,
360 1480 578 1534 ἐπιγνόντα
603 1479 660 1530 ὦς
679 1482 705 1536 ἦ
734 1483 807 1523 τοῦ
834 1485 952 1532 ξένου
985 1481 1082 1536 γονὴ
1117 1483 1266 1537 ἀρίστη
1299 1497 1343 1522 τε
1376 1479 1491 1522 ἔσται
1519 1478 1593 1520 καὶ

144 1542 365 1602 ἀρίδηλος,
403 1545 476 1587 καί
495 1545 568 1587 ἐπὶ
584 1547 693 1601 μέγα
717 1545 986 1602 εὖδαιμονίας
1011 1546 1220 1604 χωρήσει,
1262 1545 1403 1588 ἀλύειν
1426 1547 1503 1599 μὲν
1521 1543 1594 1586 καί

235 1652 269 1676 2.
294 1639 381 1681 ἐξῆν
403 1641 441 1672 R.
570 1642 723 1684 βασιλεῖ
744 1643 856 1687 Lugd.
999 1641 1111 1687 θώκῳ
1139 1644 1175 1675 R.
1190 1667 1199 1682 ‚
1223 1640 1329 1686 θώκῳ
1355 1641 1448 1685 vulg.
1555 1641 1587 1674 8.

233 1684 619 1767 προαζὶορευὲσεσιιΒῚ
643 1689 754 1733 Intpr.
776 1688 1108 1735 praedictionibus,
1133 1689 1467 1734 προσαγοσεύσεσι
1495 1688 1588 1732 vulg.

235 1745 268 1779 9.
291 1746 311 1776 η
371 1758 401 1775 .,
425 1743 441 1766 ε
460 1744 479 1770 ς
500 1746 547 1770 vu
563 1745 594 1780 g.

147 1835 372 1878 sententiam
398 1834 496 1880 quod
517 1835 570 1868 fas
601 1847 675 1869 non
702 1840 795 1870 esset
818 1837 928 1882 magis
951 1837 1089 1882 regium
1119 1836 1249 1869 solium
1278 1838 1445 1870 affectare
1477 1837 1586 1882 eique

142 1880 312 1924 insidere,
336 1887 550 1928 tantumque
574 1882 717 1923 abfuit,
738 1889 778 1915 ut
792 1884 993 1927 piaculares
1012 1885 1096 1916 illae
1121 1882 1246 1917 caedes
1263 1883 1351 1927 ipsis
1378 1885 1451 1916 sint
1474 1885 1585 1924 visae,

142 1933 184 1960 ut
204 1929 325 1971 potius
345 1929 453 1961 etiam
469 1929 604 1962 maiore
627 1930 801 1962 memoria
825 1929 950 1974 dignas
980 1929 1197 1970 iudicarint,
1226 1935 1338 1974 utque
1367 1930 1587 1964 seditionem

142 1973 244 2007 illam
267 1974 400 2007 festum
418 1976 582 2009 vocarint
598 1975 828 2021 μαγοφόνια
853 1977 1002 2016 dictum,
1024 1975 1093 2010 hoe
1114 1982 1169 2009 est
1189 1988 1374 2021 magorum
1396 1976 1535 2016 caedes,
1548 1982 1585 2010 et
1641 1973 1645 1977 ’

143 2019 316 2053 sacrificia
326 2019 396 2054 diis
406 2033 470 2066 pro
484 2023 675 2067 gratiarum
695 2023 836 2055 actione
847 2023 1086 2056 instituerint,
1113 2022 1218 2056 Nunc
1238 2035 1319 2056 vero
1340 2024 1435 2067 magi
1457 2034 1583 2056 omnes

144 2065 185 2098 in
209 2077 346 2100 summo
364 2067 460 2112 apud
483 2079 543 2101 eos
568 2075 652 2102 sunt
680 2068 818 2102 honore
847 2081 888 2102 ac
917 2070 1172 2109 veneratione,
1206 2070 1428 2114 publicaque
1459 2071 1584 2103 omnia

147 2121 271 2145 eorum
292 2115 452 2147 consiliis
473 2115 860 2161 praedictionibusque
883 2115 1181 2149 administrantur
1194 2141 1203 2155 ,
1230 2122 1267 2149 et
1287 2116 1483 2162 unicuique
1503 2118 1585 2159 pri-

143 2157 267 2199 vatim,
291 2171 383 2206 quae
403 2159 448 2193 ad
462 2161 579 2194 dicam
601 2173 816 2208 causamque
841 2174 942 2195 suam
956 2163 1152 2207 pertinent,
1171 2162 1392 2202 intentanti,
1414 2169 1588 2207 praesunt

146 2204 254 2248 magi,
283 2206 347 2250 qui
367 2213 582 2252 cognoscant
614 2209 705 2254 quid
735 2214 883 2253 agatur,
919 2214 956 2242 et
985 2208 1178 2242 arbitrium
1207 2221 1312 2242 suum
1330 2210 1586 2253 interponant3

143 2261 265 2295 neque
295 2251 488 2298 quiequam
514 2256 663 2289 omnino
693 2256 806 2288 Persis
839 2254 983 2288 videtur
1011 2256 1214 2300 legitimum
1241 2267 1318 2290 esse
1350 2261 1387 2289 et
1407 2267 1578 2302 aequum,

145 2296 243 2341 quod
259 2304 334 2331 non
350 2310 371 2331 a
388 2310 489 2344 mago
519 2302 767 2334 confirmatum
790 2301 1065 2347 stabilitumque
1085 2302 1206 2335 fuerit.

238 2354 293 2387 27.
340 2344 468 2378 Fertur
486 2347 597 2379 etiam
616 2347 780 2381 Artaxari
797 2354 912 2381 mater
931 2348 1068 2381 Pabeco
1087 2347 1230 2382 cuidam
1263 2349 1446 2392 nupsisse,
1473 2349 1580 2393 igno-

142 2387 214 2422 bili
232 2389 338 2432 plane
356 2389 514 2432 homini,
539 2393 692 2427 coriario
714 2394 853 2428 scilicet
871 2395 945 2427 sive
965 2396 1091 2435 sutori,
1114 2396 1335 2439 peritissimo
1354 2400 1474 2427 tamen
1494 2408 1578 2428 cur-

143 2445 202 2467 sus
223 2440 414 2476 astrorum,
439 2439 577 2484 quique
590 2439 694 2473 facile
715 2441 837 2474 futura
856 2442 1090 2486 prospiceret.
1117 2441 1244 2474 Virum
1257 2447 1379 2474 autem
1395 2441 1579 2487 quendam

143 2480 352 2523 militarem,
376 2483 523 2516 nomine
541 2484 728 2528 Sasanum,
752 2499 817 2532 per
836 2487 1106 2521 Cadusaeorum
1123 2488 1307 2533 regionem
1321 2488 1413 2520 forte
1432 2488 1578 2520 fortuna

140 2525 212 2559 iter
226 2527 441 2568 facientem,
471 2530 567 2573 apud
588 2532 762 2566 Pabecum
786 2533 946 2578 hospitio
969 2539 1159 2578 exceptum
1181 2539 1218 2567 et
1239 2535 1277 2568 in
1299 2534 1398 2566 illius
1420 2533 1577 2566 domun-

142 2572 222 2606 cula
242 2573 451 2617 divertisse3
474 2574 574 2609 hunc
592 2587 675 2611 vero
697 2591 914 2626 quocunque
935 2580 1081 2614 tandem
1106 2580 1213 2613 modo
1238 2579 1468 2625 (crediderim
1481 2585 1578 2613 certe

139 2620 344 2666 utvatem),
372 2632 452 2653 cum
473 2622 710 2665 praevidisset
729 2636 827 2666 eum,
851 2627 915 2672 qui
936 2638 980 2659 ex
999 2626 1143 2670 hospite
1167 2627 1230 2659 illo
1257 2627 1473 2670 gigneretur,
1498 2626 1576 2659 fore

139 2666 362 2710 praeclarum
396 2667 624 2715 maximeque
642 2670 817 2704 illustrem
843 2677 879 2705 et
914 2672 960 2706 ad
979 2685 1157 2707 summum
1182 2672 1367 2706 felicitatis
1391 2671 1574 2717 fastigium

142 2721 346 2758 evasurum3
371 2712 532 2755 doluisse
558 2715 706 2762 quidem
728 2723 765 2752 ct
790 2718 973 2756 fortunam
999 2730 1102 2754 suam
1130 2719 1357 2764 deplorasse,
1381 2718 1479 2764 quod
1502 2717 1574 2752 sibi
