1832 3152
429 330 911 381 AGATHIAE
976 337 1656 395 EPIGRAMMATA

816 437 1040 472 LATINE
1082 441 1254 476 VERSA

1002 517 1075 545 FER
1423 541 1425 543 -

477 573 773 610 IOSEPIIUM
823 577 1192 616 SCALIGERUM
1236 585 1579 625 1UL.CAES.F.

1006 726 1069 763 δέ

345 792 515 837 Quisquis
542 802 632 823 amas
648 814 657 829 ‚
688 792 818 824 eavesis
843 791 980 826 deiecto
1006 800 1147 838 pectore
1171 797 1300 832 fractus

385 837 612 881 Supplicibus
635 837 747 869 solvas
771 836 901 871 flebilis
930 851 989 871 ora
1013 838 1137 878 modis,

335 883 510 926 Propositi
535 882 640 914 solidi
666 881 733 913 tibi
768 894 850 915 cura
875 884 944 924 sit,
982 890 1019 917 et
1043 886 1110 918 tibi
1138 894 1300 923 constent

380 928 526 960 Lumina
549 932 725 959 contracto
748 938 861 971 parca.
877 931 1077 972 supercilim

334 973 419 1005 Nam
445 973 550 1005 nimis
576 973 685 1004 clatos
711 975 907 1011 contemnit
930 975 1085 1013 foemina
1110 977 1241 1020 fastus,

376 1020 419 1050 Et
443 1018 545 1050 nimis
565 1017 742 1050 abiectum
767 1018 861 1054 ridet
886 1021 997 1052 amica
1021 1022 1142 1054 virum.

330 1063 394 1096 Ille
418 1065 551 1107 peritus
575 1063 662 1102 crit,
694 1063 897 1109 quicunque
919 1064 1005 1098 haec
1027 1068 1170 1108 miscet,
1205 1075 1354 1105 amator:

372 1109 416 1141 Et
438 1107 575 1142 modico
602 1109 640 1141 iu
663 1108 754 1141 fastu
778 1114 919 1153 pectora
943 1111 1052 1149 fracta
1075 1113 1170 1156 gerit·

328 1231 435 1276 Quod
459 1231 598 1264 Polemo
624 1231 686 1264 ille
709 1231 816 1270 facit,
850 1232 1013 1275 Glyceres
1038 1235 1101 1278 qui
1125 1237 1282 1281 coniugis
1307 1240 1421 1274 aufert

371 1278 410 1308 In
436 1275 607 1319 Thymele
633 1278 745 1309 crines
762 1301 771 1316 ‚
800 1277 903 1312 docte
926 1279 1256 1325 Menandre‚„tua,

324 1322 399 1354 Hoc
422 1331 532 1354 novus
559 1322 716 1354 instituit
739 1322 878 1354 Polemo
905 1333 1013 1360 meust
1061 1325 1126 1358 Ille
1151 1326 1376 1363 Rhodanthes

368 1367 502 1399 Audaci
527 1366 639 1399 cultas
669 1365 817 1399 abstulit
842 1378 958 1411 ungue
981 1380 1103 1403 comas.

324 1411 539 1444 Criminibus
565 1411 706 1456 tragicis
729 1412 878 1445 mutavit
901 1414 1033 1447 comica
1058 1419 1164 1459 gesta.

368 1456 500 1488 Inssixit
524 1461 665 1490 tenerae
692 1457 838 1492 verbera
862 1469 965 1492 saeva
990 1461 1073 1492 cuti.

320 1501 372 1535 Al,
400 1502 510 1534 scelus
534 1502 739 1546 indignum!
786 1502 930 1536 Nostros
955 1506 1119 1540 miserata
1143 1507 1280 1542 dolores

366 1547 473 1624 quod
495 1551 632 1580 tantum
657 1545 802 1580 admisit
825 1553 928 1594 turpe
951 1551 1070 1594 puella
1094 1552 1220 1585 nefas?

320 1593 383 1625 Pro
399 1605 410 1624 ι
435 1592 553 1625 dolor!
601 1593 885 1638 Exsculpensque
909 1596 1029 1630 oculos
1053 1597 1347 1635 radicitus-ambo

365 1637 520 1670 Invidiae
546 1639 712 1671 informes
737 1637 840 1671 duxit
864 1640 900 1673 in
924 1651 983 1673 ore
1005 1647 1115 1675 notas.

319 1683 388 1716 Sed
412 1687 530 1715 tamen
555 1684 584 1716 is
611 1683 720 1716 fuerit
743 1683 981 1719 Misumenos:
1016 1692 1070 1720 ast
1092 1699 1155 1733 ego
1182 1696 1302 1725 contra

374 1729 562 1771 Dyscolos,
592 1730 764 1773 aspiciens
790 1741 860 1764 nec*
884 1731 1174 1771 Rericiromenen.

991 1810 1024 1845 8,

316 1863 481 1907 Quamvis
508 1873 591 1896 cana
617 1867 712 1896 aetas
737 1864 804 1897 iam
827 1869 862 1897 te
886 1866 1077 1909 tepefecit,
1110 1869 1200 1901 etin
1219 1875 1254 1902 te

361 1909 426 1942 Ille
447 1909 628 1952 cupidinei
652 1919 770 1944 mucro
789 1911 916 1944 furoris
940 1910 1067 1944 hebet:

312 1953 495 1987 Debueras
515 1954 679 1986 iuvenum
700 1965 798 1987 curas
817 1956 1058 1994 miserescere,
1083 1967 1202 1992 eorum

358 2000 530 2042 Expertus
552 2000 646 2031 noris
673 2010 750 2031 cum
765 2025 775 2039 ‚
799 2000 989 2041 Cleobule,
1016 2002 1129 2042 suem,

312 2043 384 2075 Nec
410 2055 513 2087 super
532 2045 681 2076 assuetis
707 2045 913 2078 stomachari
941 2047 1062 2087 rebus,
1096 2048 1282 2083 honestum

356 2090 538 2122 Foeminei
561 2090 685 2133 capitis
709 2101 774 2122 nec
799 2092 966 2135 populare
991 2092 1104 2124 decus.

310 2134 398 2177 Ergo
423 2140 600 2168 momento
625 2147 718 2168 nunc
744 2136 798 2168 illi
822 2147 940 2170 versus
964 2138 1001 2170 in
1024 2137 1160 2170 hostem
1188 2152 1241 2180 es,

357 2179 458 2222 Quae
481 2186 518 2214 te
535 2181 618 2213 olim
639 2181 758 2224 potuit
786 2182 894 2226 patris
917 2193 1030 2216 amare
1054 2183 1142 2217 loco.

977 2260 1009 2298 9.

310 2313 443 2345 Plectra
464 2313 608 2356 gerens,
640 2314 792 2348 citharae
814 2318 933 2361 tetigit
951 2318 980 2349 si
1004 2317 1061 2350 fila
1082 2329 1228 2352 canorae
1242 2344 1251 2358 ‚

357 2357 499 2392 Aemula
528 2359 776 2404 Terpsichores
801 2373 876 2395 orsa
901 2364 996 2395 canit
1020 2363 1158 2397 fidibus.

311 2402 587 2449 Graudiloquam
610 2407 738 2450 tragico
763 2418 881 2440 vocem
911 2409 940 2439 si
965 2409 1096 2452 rumpit
1120 2409 1238 2449 hiatu,

354 2449 576 2491 Melpomene
600 2451 747 2484 bombos
775 2453 940 2495 exprimit
967 2464 1026 2486 ore
1052 2455 1154 2498 gravi.

308 2493 343 2525 Si
369 2500 461 2526 mota
488 2502 540 2528 cst
570 2497 698 2529 sui-mae
724 2498 767 2530 lis
793 2498 836 2530 ‹le
864 2499 1075 2538 certamine,
1115 2500 1240 2532 victam

351 2539 503 2584 Cyprida
529 2542 583 2574 vel
609 2542 714 2575 iudex
741 2542 869 2576 dixerit
894 2545 968 2587 ipse
993 2545 1095 2581 Paris,

345 2626 355 2642 θ
369 2627 515 2656 Numerus
535 2629 648 2657 indica«
670 2630 825 2663 ordinem,
851 2640 910 2666 quo
932 2631 1144 2666 epigrammata
1164 2633 1274 2660 Graeca
1295 2634 1323 2660 in
1347 2634 1417 2660 edit.
1440 2633 1532 2661 Bonn.
1555 2634 1701 2668 leguntur.
