1832 3152
506 121 884 164 HISTORIARUM
922 123 991 164 IV.
1020 127 1061 172 9.
1443 116 1556 177 227

107 223 356 280 συμμαχίαν
376 223 530 277 αἰτεῖν,
558 219 884 273 ἇποδεικνύντας
908 222 981 266 καὶ
997 221 1044 266 vd
1066 215 1238 278 εῧλογον
1255 223 1328 279 τῆς
1347 221 1559 277 αἰτήσεως·
1569 222 1608 257 Α·
1621 221 1658 256 C·
1673 222 1739 257 555

108 294 181 334 καί
216 290 357 334 τοίνυν
395 289 646 343 (ἷντεβόλουν
689 288 762 331 καί
792 290 1077 332 ἀπεδείκνυον.
1119 288 1141 332 ὃ
1165 292 1236 343 δὲ,
1275 289 1464 344 καθάπερ
1498 284 1556 336 ὥς
1572 270 1698 314 1’1'²9

108 352 279 412 ἆληθιῐίς
311 353 508 410 βασιλεύς
534 371 598 404 τις
633 351 742 397 εἶναι
776 354 1089 408 πεπιστευκώς,
1139 354 1211 397 καί
1236 354 1294 404 ὥς
1318 351 1411 404 ἐξὸν
1441 348 1597 408 αὗτῷΒ

110 424 203 464 κατ’
219 420 415 472 ἐξουσίαν
438 422 584 475 βιοῦν,
628 419 990 478 συστρατεύεσθαι
1021 422 1100 474 μὲν
1127 420 1230 475 ἡμῖν
1252 419 1324 462 ἐπὶ
1350 416 1397 461 τὸ
1425 417 1559 475 φρού-

86 488 202 545 5ριον
234 482 333 529 οὗδὲ
356 486 486 543 μέχρι
517 488 596 528 τοῦ
633 492 827 543 παρεῖναι
857 489 956 542 γοῦν
986 484 1110 540 μόνον
1135 487 1337 541 ἠνείχετο.
1386 481 1436 526 οὔ
1473 481 1558 539 μὴν
1600 507 1604 509 >

112 548 214 596 οὖὸὲ
239 553 416 607 σκήψεις
436 550 576 606 τινας,
606 554 647 594 εἰ
672 552 744 595 καί
777 553 997 609 ἀπρεπεῖς,
1037 549 1128 593 ἀλλ’
1146 554 1189 601 ἐς
1210 550 1489 607 προκάλυμμα
1512 564 1558 603 γε

110 615 226 673 ὅμως
252 619 326 675 τῆς
353 614 626 675 ἆπορῥήσεως
645 616 919 675 εὐπρόσωπον
940 619 1195 673 ἐμηχανᾶτο·
1225 614 1491 669 ἀπεπέμπετο
1512 615 1560 655 δὲ

111 682 230 739 μα’λα
276 685 436 737 σεμνῶς
477 683 551 725 καί
590 683 876 740 σοβαρώτερον
913 678 940 739 ἢ
983 681 1088 725 κατὰ
1122 679 1340 736 μισθωτὸν
1381 678 1559 735 ὑπήκοον

112 749 189 806 τὴν
220 745 403 799 ἀξίωσιν.
454 749 526 791 καί
552 748 654 806 πρός
684 766 730 804 γε
765 751 948 803 νεμεσῶν
979 750 1152 791 διετέλει
1187 754 1273 797 τοῖς
1307 751 1560 803 στρατηγοῖς,

63 814 188 859 renat*
211 815 426 868 δυσμενῶς
444 816 522 868 μὲν
544 816 603 864 εἰς
621 813 778 865 αὐτούς
795 815 1054 871 (ἐφυβρίζων,
1084 811 1221 870 ὥσπερ
1242 810 1418 868 ἀνδρίαν
1438 811 1560 853 τοῦτο

112 878 363 936 ἡγούμενος,
401 879 475 922 καὶ
503 882 723 934 βασιλεῦσι
752 882 920 936 πρέπον·
950 876 980 936 ἦ
1002 878 1081 936 γὰρ
1116 878 1163 921 τὸ
1193 877 1428 936 διαῤῥήὸην
1451 877 1558 935 ὑπὲρ

112 947 198 990 τῶν
212 940 293 1000 ἤδη
307 947 647 1000 μεμελετημένων
680 946 1026 1000 ἄναισχυντῆσαι.
1052 942 1142 988 εἶτα
1165 946 1402 998 διαμέλλειν
1428 944 1559 999 ἐχρῆν

115 1013 188 1064 :cai
219 1010 413 1064 μείζονας
431 1008 652 1064 ἀναμένειν
669 1013 867 1066 ἐλέγχους
887 1013 960 1052 καί
981 1010 1028 1052 τὸ
1044 1011 1256 1064 βασίλειον
1276 1009 1450 1066 γράμμα
1476 1011 1562 1050 δει-

116 1074 274 1129 κνύειν,
302 1078 373 1133 ἐφ’
399 1071 433 1136 ᾧ
449 1074 553 1119 κατὰ
575 1075 623 1119 τὸ
647 1077 882 1128 Βυζάντιον
909 1073 1143 1132 ἀφικέσθαι
1166 1074 1241 1119 τὸν
1269 1078 1378 1132 μηδὲ
1406 1076 1479 1131 τῆς
1501 1076 1599 1120 οἶ-(Ζ

65 1141 231 1192 ι5κείας
251 1140 396 1198 χώρας
417 1139 531 1192 ἐντὸς
555 1142 760 1198 βραχεῖάν
787 1157 880 1184 τινα
913 1140 1110 1183 διανύσαι
1138 1140 1312 1198 πορείαν
1345 1138 1563 1194 ἑλόμενον,-

63 1222 66 1224 ’
113 1205 189 1250 καὶ
203 1201 291 1257 πῶς
311 1203 399 1250 οἶόν
420 1223 466 1248 τε
481 1201 545 1263 ἦν,
568 1206 650 1262 εἴγε
681 1209 865 1250 στέλλειν
883 1202 1017 1249 αὗτόν
1038 1203 1148 1248 οὕτω
1171 1206 1440 1261 χαλεπαίνειν
1464 1208 1562 1248 καθ’

114 1272 235 1328 ἡμῶν
254 1273 513 1328 προηγμένον
537 1273 892 1328 ἐπετηδεύσαμεν,
921 1271 979 1328 μὴ
999 1271 1099 1327 οὖχί
1120 1271 1314 1329 ταραχάς
1341 1287 1385 1314 τε
1402 1273 1561 1329 μυρίας

117 1335 191 1380 καί
215 1337 371 1395 φόνους
405 1336 583 1387 πολλοῦς
607 1339 843 1395 ἐμφυλίους
873 1337 946 1380 καί
973 1335 1270 1394 μεταχώρησιν
1291 1338 1462 1395 ἐμφανῆ
1491 1337 1564 1380 καὶ

211 1429 247 1463 3.
271 1426 356 1468 ἐξῆν
373 1427 412 1460 Β.
505 1427 539 1460 6.
561 1426 596 1459 εἰ
610 1428 647 1461 R.
661 1426 758 1474 (Cl.),
783 1423 806 1469 ἢ
830 1427 923 1473 vulg.
963 1427 1016 1463 εἰς
1031 1428 1068 1461 R.
1083 1427 1177 1473 vulg.
1255 1438 1287 1472 7.
1313 1426 1561 1473 ἀπεπέμπετο

212 1475 278 1515 R„
312 1473 597 1519 ἄπεξεπέμπετο
623 1475 717 1518 vulg.
859 1475 890 1508 8,
917 1474 1027 1518 Intpr.
1053 1472 1133 1506 add.
1172 1477 1256 1507 ante
1291 1473 1468 1515 ὑπήκοον
1502 1482 1563 1508 at·-

212 1532 295 1570 que.
406 1531 442 1565 9,
466 1524 546 1557 τοῖς
574 1516 877 1567 στρατηγοῖς-ἦ
900 1517 975 1566 γὰρ
1001 1531 1068 1553 om.
1088 1521 1126 1552 R.
1228 1532 1279 1554 11.
1305 1520 1419 1554 Locus
1444 1521 1564 1566 impc-

213 1566 437 1608 ditissimus,
472 1566 518 1600 ad
542 1578 649 1612 quem
673 1566 873 1600 sanandum
903 1577 1022 1611 neque
1048 1566 1144 1599 liber
1167 1565 1436 1611 Rehdigeranus
1451 1591 1461 1608 ,
1496 1578 1564 1600 ne-

214 1625 286 1660 que
322 1614 502 1658 Interpres
529 1614 720 1660 quicquam
744 1614 822 1658 opis
846 1615 1021 1646 afferunt:
1052 1613 1161 1657 paulo
1186 1613 1314 1646 melius
1339 1613 1568 1659 procederet,

213 1661 245 1694 ai
262 1658 335 1706 μὲν
357 1666 440 1703 post
465 1658 659 1706 δυσμενῶς
682 1660 877 1695 deleretur.
925 1655 945 1702 ἦ
972 1651 1047 1704 γὰρ
1071 1656 1113 1692 τὸ
1139 1660 1298 1702 positum
1323 1672 1399 1693 esse
1422 1659 1567 1694 videtur
1612 1664 1614 1667 '

212 1717 280 1753 pro
307 1702 327 1748 ἦ
350 1699 427 1752 γὰρ
452 1705 562 1740 τοῦτο
589 1702 646 1748 ἦν.
705 1719 755 1741 12.
768 1706 1078 1752 μεμελετημένων
1088 1707 1124 1738 R.
1139 1705 1250 1750 Lugd.
1277 1718 1305 1742 ι.
1320 1717 1365 1739 m.
1391 1713 1427 1741 et
1451 1706 1567 1751 Intpr.

211 1752 526 1800 praemeditatus,
562 1753 934 1799 πεπλημμελημένων
955 1752 1035 1786 edd.
1063 1763 1107 1785 ex
1136 1754 1232 1787 coni.
1258 1752 1361 1787 Vulc.
1452 1753 1568 1799 ἐχρῆν

217 1801 276 1842 R„
296 1800 396 1847 χρῆν
417 1801 510 1846 vulg.
607 1811 657 1846 ¹7·
677 1801 929 1846 προηγμένων
949 1799 1027 1843 sph.
1048 1799 1120 1832 Par.
1211 1799 1264 1834 18.
1276 1800 1422 1838 πόνους
1436 1801 1474 1833 R.

126 1883 205 1914 erat
239 1878 312 1914 dux
345 1882 527 1923 nationis,
553 1886 591 1916 et
615 1881 790 1916 auxilium
819 1881 865 1916 ab
903 1893 946 1915 eo
974 1881 1216 1926 poscendum,
1262 1880 1446 1928 aequitate
1472 1877 1569 1924 peti-

125 1926 236 1960 tionis
263 1928 298 1960 ei
326 1926 579 1962 demonstrata.
631 1930 813 1974 Rogarunt
843 1929 968 1975 itaque
991 1934 1028 1962 et
1058 1928 1362 1962 demonstrarunt.
1411 1926 1477 1959 Ille
1508 1935 1571 1957 ve—

128 1983 192 2014 ro,
224 1973 338 2007 veluti
367 1986 486 2020 regem
512 1975 691 2020 quendam
719 1987 757 2009 se
789 1987 912 2010 revera
941 1986 1018 2010 esse
1049 1975 1121 2009 sibi
1152 1974 1371 2020 persuadens
1391 1999 1402 2014 ,
1436 1978 1473 2006 et
1502 1982 1570 2016 pe·-

128 2017 232 2051 rinde
256 2030 297 2052 ac
320 2021 351 2053 ai
383 2022 454 2066 ipsi
482 2022 625 2056 licitum
651 2028 747 2056 esset
777 2034 842 2067 pro
874 2033 943 2056 suo
977 2020 1151 2056 arbitratu
1183 2022 1302 2055 vivere
1323 2046 1332 2062 ,
1366 2031 1412 2053 ne
1445 2017 1570 2051 adesse

129 2063 278 2109 quidem
312 2066 440 2108 nobis,
477 2069 612 2102 nedum
642 2068 810 2102 adversus
841 2069 1103 2114 propugnaculi
1131 2068 1231 2101 illius
1267 2067 1571 2113 expugnationem

129 2111 249 2155 copias
277 2123 356 2146 suas
389 2114 606 2160 coniungere
636 2116 762 2148 voluit.
811 2115 883 2148 Sed
910 2126 1030 2162 neque
1060 2116 1311 2148 excusationes
1336 2111 1485 2159 quidem
1508 2111 1570 2143 ul-

128 2157 208 2197 las,
239 2159 380 2192 etiamsi
410 2171 539 2205 parum
570 2160 718 2195 idoneas
753 2173 794 2195 ac
827 2161 973 2195 decoras
994 2186 1004 2202 ,
1038 2163 1240 2206 speciosum
1264 2167 1386 2194 tamen
1413 2159 1572 2203 aliquem

129 2203 364 2257 recusationis
399 2217 485 2240 suae
515 2213 741 2252 praetextum
769 2207 968 2250 habentes,
1006 2208 1371 2251 comminiscebatur3
1405 2205 1470 2239 sed
1502 2216 1572 2249 po-

129 2255 203 2284 uus
239 2251 390 2295 graviter
429 2253 622 2288 fastuosius
651 2266 696 2288 ue
736 2267 844 2301 quam
890 2255 1152 2289 mercenarium
1192 2254 1378 2289 subditum
1422 2251 1574 2286 decebat

128 2297 312 2342 postulata
346 2299 545 2334 reiiciebat.
593 2267 740 2335 Adhaec
771 2301 810 2335 in
841 2313 905 2335 suo
939 2302 1108 2336 adversus
1135 2302 1336 2348 praefectos
1375 2299 1459 2334 odio
1490 2309 1574 2343 per-

131 2343 281 2384 sistens,
305 2343 486 2380 hostiliter
508 2347 547 2380 in
573 2347 669 2391 ipsos
696 2353 774 2381 erat
798 2348 1108 2391 contumeliosus3
1150 2347 1406 2382 fortitudinem
1430 2345 1470 2378 id
1496 2355 1572 2377 esse

131 2400 305 2435 regesque
337 2390 462 2426 decere
481 2417 491 2433 ‚
526 2404 684 2427 censens.
739 2395 895 2428 Dicebat
934 2395 1030 2428 enim
1062 2399 1197 2440 aperte,
1222 2405 1283 2427 eos
1314 2395 1353 2428 in
1391 2393 1457 2432 iis,
1481 2402 1572 2435 quae

132 2437 204 2469 iam
236 2442 400 2470 accurate
429 2443 578 2473 tractata
607 2445 710 2474 erant
729 2466 738 2482 ‚
773 2442 1003 2487 impudenter
1030 2453 1068 2474 se
1108 2441 1268 2487 gessisse.
1329 2441 1462 2473 Eratne
1495 2442 1572 2468 tum

133 2482 270 2516 diutius
297 2483 556 2526 cunctandum,
579 2492 641 2519 aut
667 2488 818 2521 maiores
844 2488 1077 2533 probationes
1100 2486 1383 2532 exspectandae,
1416 2488 1478 2516 aut
1501 2484 1574 2514 Im-

131 2530 332 2574 peratoriae
352 2530 494 2564 litterae
513 2533 768 2574 ostendendae,
791 2534 921 2580 quibus
944 2533 1182 2567 mandabatur
1201 2538 1242 2566 ut
1254 2532 1460 2575 Byzantium
1488 2531 1571 2569 iret,

133 2586 217 2609 cum
249 2587 296 2610 ne
333 2577 379 2610 ad
419 2577 667 2612 brevissimum
705 2580 854 2625 quidem
881 2581 952 2614 iter
989 2582 1084 2614 intra
1116 2585 1277 2615 nostram
1313 2578 1497 2623 regionem
1535 2586 1572 2608 se

133 2621 318 2667 accingere
345 2623 457 2657 vellet
473 2624 489 2657 ἐ’
536 2625 582 2658 Et
609 2637 680 2670 quo
708 2632 812 2670 pacto
845 2627 924 2661 fieri
949 2632 1115 2672 poterat,
1150 2628 1181 2659 si
1210 2625 1315 2658 illum
1341 2633 1456 2668 usque
1482 2621 1572 2654 adeo

135 2667 240 2702 hobis
260 2669 443 2703 infensum
465 2671 678 2715 Byzantium
702 2673 846 2707 mittere
872 2674 1025 2718 aggressi
1055 2673 1267 2711 fuissemus,
1301 2671 1391 2717 quin
1412 2667 1572 2702 infinitas

135 2708 488 2763 turbassmultasque
517 2717 645 2753 caedes
667 2718 858 2755 intestinas
883 2719 1162 2755 concitassemus
1177 2742 1187 2760 ‚
1218 2717 1309 2764 quin
1329 2717 1440 2752 etiam
1470 2724 1574 2761 aper-
