1794 3112
290 128 391 182 138
653 119 656 121 ’
853 144 1130 188 AGATHIAE

90 244 128 278 A·
150 245 185 276 C·
204 246 269 287 554
279 241 448 296 ἅπαντα,
469 244 510 284 εἰ
526 245 598 285 καί
619 245 859 300 μακροτέρῳ
885 245 1138 300 ἐξείργασται
1170 243 1273 302 λόγῳ
1285 278 1298 298 ,
1326 245 1396 288 καί
1415 241 1464 288 οὗ
1491 249 1583 289 λίαν
1600 247 1691 302 ἔχε-

143 291 168 322 l'
183 291 207 324 Ι·
222 292 264 326 ²8
277 323 345 348 ται
365 308 446 348 τῶν
465 308 697 363 προτέρων,
747 303 835 347 ἀλλ’
861 304 910 348 οὗ
935 309 1099 363 περιττά
1119 326 1162 363 γε
1191 309 1290 359 ἴσως
1315 308 1466 361 δόξειεν
1487 308 1566 365 ἂν,
1591 313 1690 354 οὐδὲ

275 366 486 425 ἄχρηστα,
522 373 676 423 μᾶλλον
704 372 782 424 μὲν
817 367 892 412 οὖν
925 371 997 413 καὶ
1021 371 1066 414 τὸ
1090 376 1260 427 θέλγον,
1297 375 1353 424 ὥς
1381 376 1453 428 ἐμὲ
1485 376 1688 430 ἡγεῖσθαι,

274 433 348 484 ξύν
376 436 433 489 τῷ
461 434 655 492 ω’φελᾲιῳ
684 432 950 491 ἀπειληφότα.
977 436 1108 478 ἐθέλω
1130 437 1230 492 γὰρ,
1259 439 1297 479 εἰ
1316 439 1378 479 ἐπ’
1399 439 1494 491 ἐμοὶ
1514 438 1590 494 εἴη,
1619 439 1692 481 καί

272 501 558 552 περιπλείστου
588 501 810 552 ποιοῦμαι,
857 505 948 547 ταῖς
976 499 1193 553 Μούσαις,
1233 501 1361 557 φασὶ,
1399 502 1473 553 τὰς
1499 504 1712 559 Χάριταςό

234 564 579 616 Βκαταμιγνύναι.
631 563 762 604 καίτοι
796 560 979 619 ἑτέρωθί
1003 580 1056 617 με
1087 566 1356 608 καθέλκουσιν
1383 567 1428 608 αἱ
1461 569 1686 623 φροντίδες,

273 628 346 667 καί
375 627 530 679 ἓπομαί
550 643 594 682 γε
622 624 715 668 οὔτι
745 625 848 668 ἑκών
879 625 985 670 εἶναι
1007 631 1055 685 τῇ
1081 628 1328 686 περιαγούσῃ
1361 627 1523 688 ἀνάγκῃ.
1560 631 1587 685 ἦ
1610 631 1684 686 γάρ

272 705 346 742 μοι
375 690 608 746 ξυγγραφῆ,
645 693 765 732 τοῦτο
793 690 842 746 δὴ
861 691 906 733 τὸ
927 690 1119 747 μέγιστόν
1138 709 1182 734 τε
1211 692 1282 734 καί
1305 693 1548 746 σεμνότατον
1569 693 1687 750 ἔργον

273 753 345 794 καί
370 753 501 808 πάσης
527 756 725 808 α’σχολίας
749 756 995 813 ὑπέρτερον,
1053 759 1160 799 εἴποι
1184 754 1234 799 ἂν
1257 758 1283 812 ἢ
1314 757 1419 814 λύρα
1445 757 1470 813 ἦ
1490 761 1687 812 Βοιωτία,
1711 783 1713 786 -

275 815 373 858 ὁδοῦ
403 835 447 858 τε
471 820 542 860 καί
573 819 667 872 βίου
699 821 901 876 πάρεργον
929 823 1127 876 γίγνεται,
1176 823 1247 864 καί
1271 819 1344 864 οὗκ
1368 821 1508 864 ἔνεστί
1529 837 1602 875 μοι
1629 823 1740 872 ὦςιο

172 889 205 921 Ρ.
221 889 265 927 73
276 879 421 936 ἥδιστα
445 884 647 936 ἐμβιῶσαι
676 892 760 934 τοῖς
781 889 1065 939 ποθουμένοις.
1113 889 1205 928 δέον
1231 886 1309 944 γὰρ
1341 886 1438 938 τούς
1462 886 1588 929 πάλαι
1615 903 1687 929 σο-

269 945 375 1000 φούς
396 940 664 1004 σχολαίτερον
683 949 958 1004 ἀναλέγεσθαι
978 950 1192 1006 μιμήσεως
1215 954 1348 1004 ἕκατι,
1388 948 1550 994 ἅπαντά
1568 968 1611 994 τε
1633 950 1685 993 τὰ

268 1009 502 1064 ἑκασταχοῦ
531 1014 818 1069 ξυμφερὸμενα
845 1016 1122 1068 γνωματεύειν
1146 1018 1188 1066 ἐς
1221 1015 1267 1057 τὸ
1296 1013 1462 1070 ἀκριβὲς
1491 1014 1564 1057 καί
1583 1015 1686 1057 α’να-

266 1073 574 1128 πυνθάνεσθαι,
616 1078 827 1130 ἀνειμένον
858 1094 903 1119 τε
942 1075 1055 1135 ἆμφί
1081 1081 1214 1121 ταῦτα
1243 1079 1354 1134 ἔχειν
1385 1079 1459 1122 τὸν
1486 1081 1584 1123 νοῦν
1615 1080 1688 1120 καί

266 1138 500 1194 ἐλεύθερον·
537 1140 627 1181 ἀλλ’
652 1140 798 1195 ἔγωγε,
823 1139 968 1197 ἥμενος
987 1146 1033 1185 ἐν
1058 1146 1109 1199 τῇ
1132 1146 1327 1201 βασιλείῳ
1349 1146 1473 1202 στοᾷ,
1500 1142 1738 1198 βιβλάΐιαιὸ
1777 1141 1779 1144 ⁴

266 1202 396 1243 πολλοὶ
422 1204 544 1245 δικῶν
566 1203 746 1247 ἀνάπλεα
770 1206 842 1247 καί
867 1206 1121 1262 πραγμάτων
1139 1210 1183 1258 ἐξ
1205 1205 1382 1250 ἑωθινοῦ
1403 1210 1531 1264 μέχρι
1548 1210 1620 1249 καί
1641 1210 1684 1257 ἐς

263 1262 379 1321 ἥλιον
412 1267 642 1310 καταδύντα
668 1271 867 1322 ἑκμελετεό
900 1271 972 1311 καί
1007 1269 1218 1313 ιῖνελίττω·
1245 1271 1317 1313 καὶ
1337 1271 1430 1315 λίαν
1453 1274 1531 1325 μὲν
1551 1267 1684 1326 ἄχθο-

263 1348 343 1384 μαι
370 1337 455 1380 τοῖς
477 1334 736 1386 ἐνοχλοῦσιν,
777 1331 960 1387 ἆνιῶμαι
995 1337 1040 1376 δὲ
1070 1332 1196 1384 αὖθις
1220 1337 1259 1376 εἰ
1282 1335 1341 1391 μὴ
1364 1337 1588 1390 ἐνοχλοῖεν,
1625 1337 1683 1386 ὦς

265 1392 344 1448 οὐχ
365 1393 452 1437 οἷόν
477 1397 524 1438 τέ
548 1412 621 1448 μοι
644 1392 692 1439 ὂν
723 1400 803 1438 τῶν
826 1398 1057 1452 ἀναγκαίων
1090 1397 1367 1455 ἀποχρώντως
1394 1399 1681 1453 ἐμπίπλασθαι

263 1453 359 1499 ἄνευ
383 1457 505 1515 πᾷνου
524 1459 596 1501 καὶ
615 1462 884 1511 ὃυσπαθείας.
923 1463 1028 1517 πλὴν
1055 1461 1145 1505 ἀλλ’
1168 1465 1261 1506 οὐδ’
1278 1462 1335 1514 ὥς
1357 1461 1493 1519 ἀνήσω
1513 1462 1736 1518 τοῧμὸνρι)

227 1529 252 1559 Β
266 1520 364 1563 οὐδὲ
393 1521 687 1577 ἀποπαύσομαι
709 1525 791 1567 ἔστ’
813 1523 864 1567 ιῖν
885 1526 909 1568 ὅ
940 1526 1043 1583 ἔρως
1059 1543 1114 1580 με
1136 1523 1214 1585 ἆγῃ
1226 1562 1239 1580 ,
1279 1529 1319 1569 εἰ
1351 1529 1428 1570 καί
1441 1529 1522 1582 μοί
1532 1545 1593 1577 τις
1617 1544 1682 1570 νε-

260 1586 475 1642 μεσήσειεν
498 1589 553 1639 ὥς
566 1590 801 1647 ὑπερτέρων
818 1593 1035 1649 ἐφιεμένῳ,
1061 1591 1154 1645 καί,
1181 1593 1226 1636 τὸ
1255 1592 1482 1648 λεγόμενον,
1509 1596 1553 1636 ἐν
1568 1595 1679 1650 πίθῳ

351 1693 383 1715 2.
408 1680 553 1721 δόξοιεν
573 1682 609 1714 R.
753 1694 805 1727 ¹9·
831 1679 874 1716 ὂν
894 1683 968 1716 τῶν
990 1684 1028 1716 Β.
1063 1683 1168 1729 (CL),
1201 1681 1319 1717 ὄντων
1341 1683 1432 1728 vulg.
1567 1685 1680 1731 ἐμπί-

349 1728 522 1760 πλασθαι
541 1729 577 1761 R.
591 1752 601 1768 ,
625 1727 888 1773 ἐμπιπλᾱσθαι
911 1730 1004 1774 vulg,
1121 1741 1175 1764 21.
1200 1727 1474 1775 (ἔποπαύσομαι
1497 1731 1556 1772 R.,
1579 1731 1678 1764 παῦ-

350 1783 468 1819 σομαι
494 1773 584 1817 vulg.
702 1776 766 1806 καὶ
789 1770 839 1820 μὴ
865 1776 903 1807 Β.

258 1853 381 1887 dantia
405 1867 478 1888 non
502 1857 608 1901 plane
622 1857 814 1900 pertinent.
863 1858 935 1891 Sed
962 1868 1080 1903 neque
1101 1867 1360 1902 supervacanea
1385 1859 1536 1904 fortasse
1560 1859 1676 1896 videri

256 1901 394 1944 possint
419 1912 535 1946 neque
564 1903 727 1943 inutilia,
751 1903 839 1948 quin
862 1903 981 1948 potius
997 1929 1009 1945 ,
1030 1914 1109 1936 meo
1128 1903 1274 1948 quidem
1299 1904 1452 1946 iudicio,
1472 1907 1562 1940 utile
1577 1907 1676 1941 dulci

257 1946 484 1980 coniunctum
503 1947 682 1982 habentia.
729 1948 843 1992 Cupio
863 1950 976 1990 enim,
1004 1951 1034 1982 si
1054 1951 1093 1982 in
1110 1960 1165 1981 me
1185 1955 1294 1990 esset,
1320 1953 1538 1996 maximique
1566 1953 1675 1995 facio,

254 1991 388 2032 Musis,
413 1993 510 2038 quod
534 1995 652 2035 aiunt,
682 1994 821 2027 Gratias
841 1997 1071 2038 permiscere:
1096 1995 1136 2028 in
1154 1994 1335 2028 diversum
1352 2008 1434 2030 vero
1458 2009 1514 2031 me
1537 1998 1675 2043 abripi-

255 2043 321 2069 unt
341 2049 466 2079 curae,
502 2050 703 2086 sequorque
731 2041 893 2073 illibenti
923 2042 1041 2075 animo
1069 2041 1366 2087 circum-‘agentem
1391 2053 1449 2077 me
1479 2044 1675 2085 necessita-

257 2088 341 2115 tem.
400 2085 576 2118 Historiae
613 2087 709 2118 enim
738 2086 882 2130 scriptio
916 2087 1109 2120 maximum
1141 2098 1219 2119 cum
1245 2088 1291 2120 sit
1312 2088 1673 2136 augustissimumque

255 2140 363 2172 opus,
391 2132 559 2175 omnique
600 2132 830 2176 occupatione
856 2134 1113 2177 praestantius,
1156 2134 1387 2167 accessorium
1417 2135 1607 2180 quoddam,
1631 2139 1674 2168 ut

250 2175 398 2207 Boeotia
422 2177 497 2218 lyra
531 2178 680 2216 dixerit,
714 2179 794 2211 viae
820 2179 925 2211 simul
950 2185 987 2214 et
1013 2179 1108 2211 vitae
1131 2181 1315 2223 occupatio
1339 2180 1497 2214 efficitur.
1545 2181 1673 2226 Neque

253 2221 349 2252 enim
379 2222 468 2254 mihi
492 2222 576 2255 licet
598 2225 635 2256 in
661 2225 706 2256 iis
731 2234 821 2267 quae
845 2224 996 2257 maxime
1021 2225 1159 2265 vellem,
1181 2227 1384 2259 suavissime
1411 2227 1521 2260 vitam
1544 2227 1670 2260 tradu-

253 2277 340 2298 cere.
388 2267 478 2299 Nam
497 2280 574 2300 cum
594 2275 774 2312 oporteret
796 2275 955 2303 veterum
979 2271 1178 2314 sapientum
1206 2271 1345 2316 scriptis
1377 2272 1576 2316 relegendis
1603 2273 1672 2305 im—

250 2312 402 2352 morari,
426 2313 590 2346 imitandi
608 2315 776 2347 videlicet
797 2314 910 2355 causa,
935 2321 972 2349 et
992 2327 1223 2361 quaecunque
1240 2317 1371 2361 passim
1386 2317 1526 2351 utiliter
1540 2319 1672 2351 litteris

250 2357 391 2401 prodita
417 2365 511 2399 sunt,
522 2366 682 2393 accurate
715 2361 914 2405 expendere
940 2367 976 2394 et
1007 2363 1244 2405 perscrutari,
1268 2365 1498 2408 animumque
1523 2363 1568 2396 ab
1587 2364 1667 2396 aliis

252 2403 342 2436 curis
361 2404 515 2437 solutum
534 2417 574 2437 ae
592 2405 747 2440 liberum
771 2407 815 2438 iis
834 2407 1058 2451 impendere:
1097 2419 1160 2452 ego
1182 2420 1266 2444 vero
1285 2409 1410 2442 sedens
1432 2409 1476 2442 ad
1488 2409 1666 2452 porticum

250 2449 398 2494 regiam,
422 2450 566 2484 libellos
587 2451 712 2484 litibus
738 2452 940 2485 forensibus
961 2458 997 2485 et
1023 2454 1196 2487 molestiis
1217 2455 1342 2498 plenos
1371 2466 1390 2487 a
1417 2465 1519 2488 mane
1547 2454 1587 2487 in
1603 2465 1666 2487 ve-

251 2507 392 2539 sperum
409 2507 521 2541 usque
539 2497 730 2529 tractandis
753 2503 789 2530 et
809 2498 988 2531 versandis
1011 2510 1088 2531 sum
1111 2506 1320 2544 occupatus:
1346 2505 1382 2532 et
1399 2501 1568 2533 molestae
1583 2501 1665 2544 qui-

199 2555 206 2565 ·
251 2540 331 2573 dem
352 2540 442 2574 mihi
457 2541 683 2576 vehementer
701 2543 867 2576 accidunt
880 2545 1036 2577 forenses
1054 2545 1143 2578 istae
1157 2546 1464 2590 interpellationes
1477 2549 1513 2578 et
1526 2545 1664 2586 turbae,

251 2588 438 2619 molestum
457 2599 541 2621 vero
569 2599 686 2621 rursus
709 2589 799 2622 mihi
823 2588 921 2623 hisce
946 2590 1119 2624 molestiis
1137 2602 1255 2625 carere
1270 2616 1279 2632 ‚
1298 2603 1376 2624 cum
1392 2589 1561 2624 videlicet
1585 2591 1667 2624 ahs-

252 2643 320 2676 quc
348 2632 531 2677 laboribus
558 2639 594 2666 et
631 2635 807 2668 molestiis
849 2637 1046 2669 necessaria
1075 2637 1164 2671 mihi
1200 2647 1426 2682 nequaquam
1459 2641 1662 2680 suppetant.

253 2679 419 2714 Ceterum
441 2691 490 2715 ne
503 2682 553 2713 sic
566 2679 711 2726 quidem
726 2681 990 2727 conquiescam,
1017 2683 1113 2727 quod
1140 2684 1184 2718 ad
1213 2694 1269 2717 me
1286 2684 1436 2724 attinet,
1457 2692 1574 2726 neque
1599 2681 1664 2716 de-
