1832 3152
550 145 928 188 nlsTORIARUM·
962 145 1030 186 1v.
1059 145 1126 190 26.
1291 153 1293 155 ·
1470 116 1578 176 265

134 247 219 305 εἶ’γε
250 243 335 306 ἄρα
363 248 413 304 δὴ
455 247 528 289 καί
557 247 772 302 ἐλάχιστα.
812 244 905 290 ἀλλ’
931 250 1058 290 έκεῖνο
1095 243 1167 287 καί
1202 243 1317 299 μάλα
1350 241 1615 295 θαύματοςΑ.
1640 249 1677 283 C.
1699 247 1770 284 556

136 312 253 367 ἄξιον
283 312 389 358 εἶναι
415 313 597 369 ἡγοῦμαι
605 348 618 366 ,
657 310 719 355 ὅτι
742 312 906 365 διεξιών
926 311 978 356 τά
1002 311 1100 369 περὶ
1118 310 1304 364 τούτων,
1329 306 1376 351 οὗ
1378 327 1408 363 χ
1433 299 1604 356 dni-off&
1619 299 1647 331 Ῐ·
1671 298 1715 333 3⁰

138 380 244 425 οὕτω
260 380 312 424 τὰ
342 381 582 435 ἐγνωσμένα
607 381 813 433 διέξεισιν,
843 380 934 421 ἀλλ’
963 379 1131 420 ἐπαινεῖ
1154 375 1228 419 τὸν
1259 374 1485 432 ’.Αρκάδιον
1512 370 1584 415 καί

138 445 426 501 ἀποσεμνύνει,
445 444 503 495 ὥς
522 444 672 503 ἀρίστῃ
689 446 951 501 χρησάμενον
973 440 1185 502 εὐβουλίᾳ.
1214 440 1320 500 φησί
1338 439 1418 496 γάρ
1450 437 1578 482 αὐτὸν
1588 442 1623 476 Ρ.
1636 441 1704 478 137

110 511 187 559 5⁰¹3
211 513 306 557 λίαν
328 508 526 568 ἀγχίνουν
553 507 659 554 εἶναι
680 509 734 553 τὰ
759 505 865 553 ἄλλα
893 507 1132 566 πεφυκότα,
1172 510 1218 552 ἐν
1240 505 1370 564 τούτῳ
1393 505 1445 562 δη
1465 502 1579 562 μόνῳ

136 577 323 637 φρενήρη
345 593 391 621 τε
412 577 486 621 καὶ
510 579 855 634 προμηθέστατον
877 577 1197 629 ἀποδεδεῖχθαι.
1233 575 1328 628 ἐμοὶ
1351 574 1398 614 δὲ
1419 573 1536 614 δοκεῖ
1552 567 1574 613 ὅ

134 646 258 688 τοῦτο
287 641 491 699 ἀγάμενος
519 639 568 685 οὖ
598 645 649 701 τῇ
670 641 812 701 πρώτῃ
836 640 948 699 ὅρμῇ
971 642 1046 684 τοῦ
1080 640 1367 696 βουλεύματος
1390 637 1437 680 τὸ
1458 632 1578 679 εὔλο-

136 727 208 765 γον
230 710 405 767 κρίνειν,
435 708 542 752 ἀλλὰ
567 711 624 768 τῷ
646 706 816 766 ὕστερον
837 706 1128 764 οἷποβεβηκότι.
1164 707 1256 749 ἐπεὶ
1274 706 1362 754 πῶς
1391 700 1444 746 ἂν
1469 699 1581 758 εἶχεν

139 779 275 828 καλῶς
291 777 418 833 ἀνδρὶ
437 772 584 835 ὄθνεάιυ
606 777 678 818 καί
695 772 911 834 βαρβάρῳ,
924 777 997 817 καί
1015 775 1161 828 γένους
1176 768 1352 828 ἄρχοντι
1374 773 1581 823 πολεμιω-

90 843 279 896 ιοτάτου,
303 844 376 885 καὶ
390 838 499 892 ὅπως
519 842 634 900 αὐτῷ
651 843 781 896 μετῆν
795 838 973 891 πιστεώς
991 856 1034 883 τε
1052 841 1124 882 καί
1145 835 1405 893 δικαιοσύνης
1428 832 1580 892 ἧγνοη-

143 911 276 967 μένῳ,
304 907 378 951 καὶ
397 908 503 964 πρός
529 924 576 963 γε
599 907 653 951 τά
682 910 726 958 ἐς
752 905 856 950 θεὸν
875 909 1171 964 πεπλανημένῳ
1197 903 1272 947 καί
1288 900 1587 958 ἅλλογνοόμονι,

135 973 186 1018 τὰ
212 973 395 1032 φίλτατα
423 975 712 1029 παραδοῦναις
742 977 782 1016 εἰ
819 974 866 1015 δὲ
897 974 1029 1029 μηδὲν
1059 971 1202 1015 ὁτιοῦν
1242 973 1312 1014 ἐπὶ
1349 971 1407 1028 τῷ
1434 970 1586 1025 βρέφει

137 1041 402 1098 ἡμάρτηται,
440 1036 545 1083 ἄλλά
574 1041 802 1096 μεμένηκεν
835 1037 862 1094 ἦ
901 1037 1058 1081 τούτου
1094 1036 1290 1093 βασιλεία
1331 1034 1586 1092 βεβαιότατα

137 1105 245 1164 πρὸς
276 1109 356 1150 τοῦ
377 1105 604 1162 κηδεμόνος
627 1105 950 1164 φυλαττομένη,
994 1107 1069 1148 καί
1097 1106 1230 1147 ταῦτα
1258 1102 1322 1146 ἔτι
1347 1100 1430 1148 ὖπὸ
1462 1101 1585 1160 μαζῷ

87 1174 448 1230 ιότιθηνουμένου
463 1207 476 1227 ,
516 1175 671 1215 ἐκεῖνον
697 1167 751 1215 ἂν
773 1173 933 1226 μᾶλλον
951 1172 1187 1214 ἐπαινετέον
1212 1171 1288 1226 τῆς
1317 1167 1584 1224 εὖγνωμοσύ-
1600 1181 1630 1217 Β

142 1255 236 1295 νης,
269 1234 298 1295 ἢ
328 1237 553 1296 ’Λρκάὸιον
577 1240 654 1281 τοῦ
678 1236 988 1294 ἐγχειρήματος.
1030 1236 1186 1279 τούτων
1221 1237 1300 1291 μὲν
1337 1230 1413 1278 οὖν
1441 1238 1590 1288 ἕνεκεν,

139 1301 258 1361 ὥσπη
296 1306 468 1355 ἕκαστος
497 1303 663 1361 γνώμης
688 1319 732 1347 τε
777 1305 850 1346 καί
884 1299 1102 1360 ἀκριβείας
1135 1301 1249 1357 ἔχοι,
1288 1296 1372 1345 ὧδε
1401 1303 1592 1358 κρινέτω.

141 1370 165 1414 ὅ
192 1373 239 1414 δὲ
271 1370 533 1427 Ἰσὸιγέρδης
571 1369 702 1413 εἴκοσι
737 1368 840 1426 πρὸς
879 1371 937 1428 τῷ
970 1367 1035 1412 ἑνὶ
1068 1367 1323 1423 βασιλεύσας
1356 1365 1592 1420 ἐνιαυτοὺς,

141 1432 295 1479 οὖδένα
315 1435 481 1478 πώποτε
508 1435 611 1478 κατὰ
638 1435 869 1489 “Ρωμαίων
887 1431 1020 1492 ἤρατο
1047 1433 1250 1489 πόλεμον,
1294 1433 1393 1476 οὐδὲ
1421 1429 1522 1475 ἄλλο
1550 1448 1593 1475 τι

85 1505 232 1544 aonoet’
263 1499 405 1544 αὐτῶν
436 1498 571 1558 ἄχαρι
596 1499 784 1556 ἔδρασεν·
832 1500 939 1543 ἀλλὰ
965 1503 1192 1556 μεμένηκεν
1223 1499 1341 1543 ἐσαεὶ
1371 1494 1520 1549 εὔνους
1548 1515 1593 1542 τε

141 1563 202 1612 ὢν
233 1566 306 1610 καί
334 1569 566 1624 εἰρηναῖος,
605 1566 690 1610 εἴτε
726 1563 836 1609 οὕτω
874 1566 1043 1622 συμβὰν
1060 1602 1074 1623 ,
1108 1565 1192 1610 εἴτε
1227 1567 1302 1610 καί
1330 1565 1389 1615 ὥς
1422 1565 1594 1621 ἀληθῶς

232 1682 263 1705 2.
290 1668 435 1703 τούτων
459 1669 497 1702 R.
523 1672 560 1702 et
583 1668 708 1714 Lugd.,
734 1669 871 1703 τοῦτον
902 1667 983 1702 edd.
1084 1681 1135 1707 ιι,
1171 1667 1270 1714 πρός
1297 1677 1342 1712 γε
1365 1664 1410 1700 τὰ
1436 1666 1473 1704 ἐς
1498 1662 1594 1721 θεὸν

232 1716 504 1800 ζὲπλὲἒιὶιημὲένῳ
540 1717 605 1750 καὶ
641 1728 710 1751 om.
736 1717 796 1758 R„
828 1717 938 1762 Intpr.
964 1727 1038 1750 non
1059 1715 1203 1761 legebat
1220 1716 1327 1750 verba
1348 1711 1393 1747 τὰ
1418 1713 1457 1752 ἐς
1485 1716 1594 1753 θεον.

141 1873 255 1899 meam
275 1868 360 1897 vero
384 1873 626 1909 nequaquam,
649 1862 712 1908 qui
738 1873 812 1895 non
830 1862 902 1896 nisi
934 1861 1261 1907 exiguam,utinam
1279 1861 1387 1897 modo
1410 1862 1590 1908 exiguam,

144 1910 270 1944 harum
307 1921 423 1943 rerum
451 1910 639 1943 scientiam
674 1908 841 1944 habeam.
897 1907 969 1942 Sed
1000 1907 1113 1950 illud,
1139 1913 1176 1942 et
1210 1907 1358 1954 quidem
1394 1908 1591 1943 vehemen-

143 1962 222 1998 ter,
256 1953 496 1991 admiratione
534 1956 682 2002 dignum
714 1967 864 1996 censeo,
915 1954 1014 2002 quod
1047 1967 1127 1989 cum
1154 1955 1395 1989 narrationem
1436 1955 1482 1990 de
1519 1956 1592 1990 Ar-
1646 1953 1649 1957 ⁴

146 2003 248 2037 cadio
277 2003 470 2043 instituit,
513 2015 588 2037 non
630 2003 846 2048 simpliciter
881 2002 932 2035 ita
961 2014 1053 2048 quae
1089 2002 1135 2037 ab
1180 2014 1222 2035 eo
1266 2007 1402 2036 statuta
1438 2002 1589 2038 suerunt

144 2055 284 2091 narrat,
308 2049 373 2083 sed
396 2049 520 2083 laudat
542 2050 661 2095 ipsum
684 2049 956 2094 magnificisque
982 2049 1102 2084 verbis
1128 2051 1253 2089 effert,
1289 2055 1463 2095 tanquam
1487 2051 1589 2095 opti—

143 2108 204 2130 mo
234 2097 386 2131 consilio
419 2108 536 2132 usum.
583 2096 647 2130 Ait
673 2097 783 2137 enim,
812 2096 930 2140 ipsum
961 2096 1044 2130 aliis
1076 2095 1116 2129 in
1149 2095 1255 2128 rebus
1285 2108 1360 2130 non
1394 2096 1588 2134 admodum

144 2144 262 2178 solere
285 2154 361 2177 esse
388 2142 626 2185 industrium,
650 2142 718 2176 hac
738 2153 822 2176 vero
849 2143 925 2176 sola
949 2142 988 2177 in
1013 2155 1051 2176 re
1076 2148 1113 2175 et
1137 2143 1338 2186 sapientem
1363 2147 1399 2176 et
1423 2143 1587 2188 pruden-

143 2191 324 2226 tissimum
347 2188 575 2224 declaratum.
623 2189 717 2224 Mihi
740 2201 824 2223 vero
847 2187 993 2222 videtur
1019 2190 1063 2230 is,
1090 2189 1153 2234 qui
1176 2189 1246 2222 hoc
1268 2188 1486 2232 admiratur,
1511 2202 1587 2224 uon

144 2248 190 2270 ex
214 2237 329 2282 primo
353 2237 496 2270 consilii
522 2237 680 2281 impetu,
715 2235 779 2270 sed
806 2247 851 2270 ex
876 2241 1008 2269 eventu
1059 2234 1105 2269 de
1140 2236 1216 2269 eius
1244 2235 1464 2271 rectitudine
1489 2237 1588 2271 iudi-

143 2294 236 2317 care.
285 2282 367 2328 Quo
391 2289 496 2329 pacto
522 2284 619 2317 enim
648 2282 846 2329 prudenter
868 2288 1040 2329 recteque
1073 2283 1208 2316 factum
1242 2281 1315 2316 dici
1343 2284 1460 2328 possit
1481 2308 1492 2324 ,
1523 2285 1591 2317 ho·

143 2330 236 2365 mini
261 2335 384 2363 extero
418 2335 455 2364 et
478 2329 630 2364 barbaro
652 2355 662 2371 ,
697 2336 736 2363 et
763 2331 838 2375 regi
874 2330 990 2375 gentis
1031 2330 1289 2365 infestissimae
1306 2355 1315 2370 ‚
1355 2341 1476 2376 neque
1502 2332 1588 2364 satis

144 2382 246 2417 noto,
270 2388 315 2410 an
339 2374 444 2410 fidem
458 2388 498 2410 ae
520 2377 698 2410 iustitiam
723 2377 875 2417 coleret,
901 2377 1038 2422 quique
1066 2381 1252 2421 praeterea
1285 2387 1460 2411 erroneae
1493 2382 1589 2411 esset

145 2422 191 2457 de
223 2423 292 2457 deo
313 2421 546 2470 diversaeque
572 2425 772 2468 opinionis,
797 2435 890 2470 quae
921 2422 1083 2457 habebat
1115 2424 1297 2456 carissima
1322 2423 1464 2457 tradere
1482 2422 1499 2456 ?
1547 2423 1586 2457 Si

142 2481 228 2505 vero
253 2469 348 2503 nihil
370 2470 515 2504 omnino
539 2471 579 2504 in
600 2471 775 2504 infantem
790 2470 861 2506 sibi
885 2470 1063 2503 creditum
1095 2469 1263 2515 deliquit,
1291 2471 1356 2504 sed
1381 2471 1488 2504 huius
1514 2471 1586 2503 im-

143 2517 286 2562 perium
311 2521 447 2551 sartum
484 2521 618 2551 tectum
651 2529 670 2550 a
701 2523 863 2550 curatore
899 2517 1104 2550 firmissime
1147 2523 1202 2550 est
1236 2522 1505 2556 conservatum,
1550 2520 1589 2550 et

171 2563 306 2603 uidem,
330 2574 410 2596 cum
431 2561 549 2596 adhuc
574 2563 636 2609 ilie
658 2564 808 2598 lacteret
831 2578 838 2597 :
864 2563 963 2597 illius
993 2565 1116 2609 potius
1147 2564 1309 2609 probitas
1347 2569 1402 2597 est
1431 2561 1587 2596 laudan-

171 2621 202 2651 a,
227 2621 336 2656 quam
365 2609 510 2644 Arcadii
539 2609 682 2643 factum.
743 2611 850 2644 Hisce
882 2611 991 2655 igitur
1030 2610 1074 2644 de
1114 2611 1252 2651 causis,
1284 2615 1393 2655 prout
1432 2610 1588 2655 quisque

144 2662 267 2693 mente
297 2668 339 2691 ae
361 2655 498 2692 iudicio
522 2657 658 2701 pollet,
682 2658 732 2690 ita
761 2656 906 2690 iudicet.
955 2657 1157 2702 Isdigerdes
1189 2667 1271 2690 vero
1300 2668 1380 2690 cum
1406 2668 1519 2690 uuum
1551 2661 1590 2689 et

144 2702 275 2747 viginti
300 2715 413 2741 annos
444 2708 647 2748 regnasset,
671 2704 810 2736 nullum
837 2715 993 2750 unquam
1025 2704 1194 2739 adversus
1232 2704 1409 2741 Romanos
1447 2703 1588 2737 bellum

145 2749 325 2796 suscepit,
353 2761 472 2799 neque
499 2750 573 2787 una
597 2761 658 2785 eos
682 2751 801 2788 affecit
825 2751 1013 2793 molestia,
1052 2751 1114 2787 sed
1145 2749 1279 2786 mansit
1312 2755 1489 2798 perpetuo
1518 2749 1585 2787 be-
