1794 3112
198 110 269 164 30
753 128 1031 170 -AGATHIAE

23 234 185 270 A,c‚552
198 240 262 279 ρις
285 222 362 278 γὰρ
388 220 458 263 καί
474 225 711 272 Βουτιλΐνος
741 224 880 279 ἐπειδὴ
901 225 973 282 τὴν
1003 226 1135 282 ἀρχὴν
1159 225 1261 267 κατὰ
1285 223 1497 277 Ῥωμαᾶον
1511 226 1601 266 ἔπι-ὲ

62 282 87 313 Ῑ·
103 283 127 314 Ῑ·
144 284 187 315 26
199 285 433 342 στρατεύειν
456 286 706 341 ὥρμηθήτην
723 320 735 341 ,
759 290 970 344 ἐπηρμένω
996 307 1040 344 γε
1067 286 1191 345 ἤστην
1209 285 1334 343 ἄμφω
1356 294 1446 336 ταῖς
1465 289 1601 330 ἐλπίσι

152 351 159 365 ’
195 351 266 393 καί
291 353 363 392 οἵω
389 350 461 391 οὐκ
483 349 543 391 ἔτι
563 353 608 391 ἑν
623 353 679 407 τῷ
703 355 928 394 καθεστῶτι
950 353 1084 411 τρόπῳ
1102 351 1314 406 βιοτεύειν.
1342 354 1512 409 Ναρσῆν
1524 353 1602 405 μὲν

196 414 272 470 γὰρ
301 412 372 456 τὸν
395 412 618 468 στρατηγὸν
651 416 751 456 οὐδὲ
778 415 851 470 τὴν
881 417 1110 472 προσβολὴν
1126 416 1429 470 ὑποστήσεσθαι
1453 412 1574 472 ᾤοντο
1589 447 1603 467 ,

197 478 358 521 ἅπασαν
386 479 432 519 δὲ
459 476 534 531 τὴν
554 476 730 520 Ἰταλίαν
769 482 914 522 οἰκεῖον
951 481 1090 529 αὐτοῖς
1127 480 1296 521 ἔσεσθαι
1335 483 1469 535 κτῆμα
1483 514 1494 532 ,
1532 480 1628 522 καὶὸ

195 543 298 598 πρός
319 557 363 595 γε
386 541 574 583 Σικελίαν
593 543 790 592 καθέξειν.
817 544 1048 595 θαυμάζειν
1075 546 1120 592 δὲ
1137 543 1296 598 ἔφασαν
1320 540 1402 585 τῶν
1419 547 1458 584 Γ
1456 543 1601 596 ότθων,

163 608 239 647 Βεῖ
260 606 375 659 μάλα
402 602 510 645 οὕτω
530 606 777 660 πεφρίκασιν
798 605 1019 661 ἄνδράριόν
1035 624 1074 648 τι
1099 607 1390 661 θαλαμηπόλον
1408 623 1605 662 σκιατρα-

199 672 276 730 φὲς
296 685 340 710 τε
370 671 441 710 καί
465 669 729 722 ἁβροδίαιτον
739 703 751 721 ,
780 669 851 710 καί
875 668 1015 725 πόρῥω
1046 673 1118 712 τοῦ
1145 667 1384 725 α’(ἶρενωποῦ
1411 670 1606 724 τεταγμέ*

199 749 279 776 νον.
309 733 344 774 οἱ
377 735 454 785 μὲν
487 731 536 786 dr)
564 731 860 787 βρενθυόμενοι
883 737 934 788 τῇ
957 733 1123 789 τοιαύτῃ
1147 732 1241 789 δόξῃ
1257 767 1268 785 ,
1295 735 1365 774 καί
1397 734 1605 788 ἀγέρωχον

199 797 434 848 ποιούμενοι
467 794 540 850 τὴν
580 795 830 850 παράταξιν,
879 796 922 838 ἐκ
962 813 1006 838 τε
1038 797 1287 849 ’Λλαμανῶν
1314 799 1384 838 καί
1402 795 1655 850 Φράγγωνιό

199 859 437 915 στράτευμα
471 863 513 909 ἐς
545 862 664 901 πέντε
696 860 766 901 καί
795 859 1070 915 ἑβδομήκοντα
1094 859 1288 915 χιλιάδας
1315 858 1496 913 ἆλκᾴιων
1531 858 1604 901 εἶν-ι

202 927 310 979 δρῶν
349 924 604 979 ἀγείραντες,
643 925 993 979 παρεσκευάζοντο
1034 924 1083 967 τά
1125 926 1300 978 πολέμια
1307 958 1320 978 ,
1365 925 1422 974 ὥς
1455 921 1603 965 αὐτίκα

195 987 312 1042 μάλα
331 990 373 1038 ἐς
398 987 470 1042 τὴν
489 989 662 1029 Ἰταλίαν
685 990 755 1029 καί
777 988 825 1043 δὴ
848 990 1124 1042 ἐμβαλοῦντες.

306 1053 346 1106 ’i-
402 1054 572 1107 Ναρσῆς
601 1054 644 1094 δὲ
673 1050 693 1093 ὃ
713 1054 792 1095 τῶν
807 1053 1020 1106 Ῥωμαίων
1040 1052 1278 1109 στρατηγὸς,
1307 1055 1345 1094 εἰ
1362 1055 1432 1093 καί
1448 1052 1543 1092 τάδε
1565 1051 1608 1098 ἐς

198 1117 244 1159 τὸ
268 1117 433 1171 ἀκριβὲς
463 1112 576 1157 οὔπω
609 1118 810 1158 ἐπέπυστο
825 1151 837 1170 ,
874 1114 977 1158 ἀλλὰ
1007 1117 1238 1174 προμηθείᾳ
1257 1133 1301 1172 γε
1316 1117 1478 1172 πλείστῃ
1493 1114 1658 1169 χρώ-15

197 1197 318 1235 μενος
344 1180 415 1221 καί
439 1180 613 1236 φθάνειν
645 1177 710 1222 ἆεί
729 1180 804 1230 τὰς
823 1184 905 1223 τῶν
930 1183 1132 1234 πολεμίων
1152 1183 1304 1222 ἐθέλων
1326 1179 1470 1235 ὗρμὰς,
1490 1179 1606 1220 αὖτί-

199 1263 251 1288 κα
274 1243 324 1286 τὰ
349 1246 391 1293 ἐς
421 1243 618 1286 Τουσκίαν
642 1243 894 1297 πολίσματα,
921 1244 1001 1286 ὑπὸ
1022 1247 1102 1286 τῶν
1117 1247 1157 1286 Γ
1156 1244 1286 1287 ότθων
1305 1243 1366 1286 ἔτι
1385 1241 1607 1295 κατεχόμε-

158 1320 270 1362 eva,
298 1307 444 1362 ἔγνωκε
471 1309 685 1361 βιαιότατα
711 1309 1068 1364 παραστήσασθαι.
1096 1304 1192 1350 οὔτε
1217 1308 1294 1363 γάρ
1322 1309 1372 1362 τῇ
1395 1306 1482 1362 νίκῃ
1502 1306 1607 1359 πέρα

201 1374 276 1414 τοῦ
299 1372 465 1426 μετρίου
499 1371 803 1427 φρυαττόμενος
821 1375 863 1421 ἐς
880 1371 1168 1427 ἀπειροκαλίαν
1188 1373 1348 1426 ε’πῆρτο,
1377 1364 1484 1421 οὔτε,
1507 1365 1606 1422 ὅπερ

202 1438 339 1494 ἕτερος
362 1432 412 1477 ἂν
437 1435 662 1489 ἐπεπόνθει,
682 1438 725 1484 ἐς
745 1436 954 1493 ῥᾳστώνην
974 1451 1018 1477 τε
1036 1438 1108 1478 καί
1124 1435 1380 1491 ἡδυπάθειαν
1394 1431 1496 1487 μετὰ
1512 1430 1660 1480 τοὺςαο

295 1535 324 1559 1,
349 1521 562 1566 στρατεύειν
583 1524 622 1560 R.
759 1535 791 1559 2.
816 1522 913 1556 Suid.
936 1534 964 1559 s.
985 1534 1016 1557 v.
1043 1524 1248 1556 καθεστῶτι
1271 1532 1334 1566 pro
1357 1531 1400 1565 γε
1422 1520 1532 1558 habet
1558 1518 1610 1557 δὲ,

292 1569 325 1605 5.
351 1568 505 1601 ἔσεσθαι
532 1569 651 1614 κτῆμα
676 1567 726 1608 R„
752 1579 803 1601 κτ.
829 1569 878 1602 ἔσ.
905 1569 997 1613 vulg,
1086 1571 1118 1603 6.
1140 1566 1224 1604 τούς
1249 1567 1404 1603 Γότθους
1429 1565 1607 1599 Suid.s.v.

293 1613 509 1658 α’νδράριον.
601 1626 635 1658 9,
648 1613 795 1659 τοιαύτῃ
820 1615 856 1646 Β.
882 1619 919 1647 et
941 1615 1049 1657 Intpr.
1069 1614 1150 1648 dum
1175 1614 1242 1646 ita
1269 1613 1454 1651 sentirent,
1476 1612 1611 1656 σφετέ-

295 1671 341 1703 ρᾳ
364 1661 456 1702 vulg.
564 1671 615 1692 11.
638 1660 756 1692 πέντε.
784 1661 892 1703 Intpr.
911 1657 993 1694 duo.
1089 1661 1138 1693 13.
1163 1660 1245 1692 Post
1267 1660 1327 1690 καὶ
1353 1651 1397 1698 δὴ
1425 1656 1502 1689 edd.
1530 1654 1608 1689 add.

293 1705 491 1743 Σικελίαν,
529 1704 625 1748 quod
652 1715 719 1737 om,
744 1706 781 1737 R.
814 1703 922 1748 Lugd.
954 1705 1062 1749 Intpr.
1170 1704 1219 1747 14.
1245 1704 1308 1736 Pro
1337 1704 1370 1734 εἰ
1394 1704 1454 1734 καὶ
1479 1703 1516 1735 R.
1542 1703 1608 1737 εἰς.

298 1751 349 1783 15.
374 1759 414 1793 γε
439 1748 517 1782 add.
541 1751 580 1785 R.
679 1761 730 1794 ¹7-
756 1750 830 1782 τῶν
855 1749 934 1782 add.
949 1751 985 1781 R.
1081 1749 1132 1782 18.
1156 1748 1294 1793 ἔγνωκε
1323 1749 1374 1788 Β.,
1398 1747 1495 1791 ἔγνω
1518 1747 1611 1790 vulg.

292 1795 484 1838 βιαιότατα
518 1796 556 1827 R.
587 1795 696 1838 Intpr.
721 1806 855 1828 summa
879 1795 941 1835 vi,
962 1793 1170 1838 βιαιότερον
1191 1794 1282 1837 vulg.
1370 1791 1611 1838 παραστήσα-

294 1843 386 1873 σθαι
409 1841 467 1881 R,
487 1840 796 1886 παραστήσεσθαι
820 1840 910 1884 vulg.
1001 1851 1055 1873 20.
1080 1849 1118 1872 τε
1141 1838 1220 1872 add.
1245 1841 1282 1871 R.

205 1918 250 1951 ad
275 1929 315 1951 ea
340 1928 431 1963 quae
456 1928 639 1962 coeperam
662 1917 968 1962 progrediendum.
1015 1916 1200 1950 Leutharis
1226 1917 1345 1960 itaque
1375 1919 1411 1947 et
1433 1914 1609 1947 Butilinus

205 1965 269 1997 ubi
285 1964 437 2008 primum
461 1965 634 1996 exercitus
659 1969 780 1996 contra
802 1965 973 1996 Romanos
996 1962 1123 1995 ducere
1147 1967 1358 2006 coeperunt,
1385 1971 1508 2004 magna
1533 1971 1610 1991 am-

204 2011 252 2043 bo
275 2021 336 2053 spe
360 2010 468 2042 erecti
493 2015 615 2050 erant,
633 2014 800 2053 tanquam
826 2020 899 2041 non
917 2009 1066 2052 amplius
1089 2019 1130 2040 eo
1153 2009 1191 2040 in
1211 2013 1302 2040 statu
1322 2007 1494 2038 mansuri:
1519 2005 1609 2037 Nar-

205 2067 278 2088 sem
312 2056 403 2088 enim
438 2066 482 2087 ne
515 2055 665 2099 primum
693 2054 836 2099 quidem
860 2055 1030 2097 impetum
1055 2054 1228 2086 sustinere
1258 2063 1360 2095 posse
1395 2050 1609 2092 credebant3

206 2111 345 2134 omnem
367 2111 450 2133 vero
476 2101 613 2132 Italiam
629 2125 638 2140 ‚
668 2111 738 2132 una
761 2111 837 2133 cum
862 2100 1003 2139 Sicilia,
1034 2099 1072 2131 in
1109 2099 1263 2142 ipsorum
1287 2102 1498 2141 potestatem
1520 2105 1611 2128 ven-

204 2151 327 2179 turam.
374 2145 496 2178 Mirari
521 2157 602 2179 vero
628 2157 664 2178 se
689 2145 823 2179 Gothos
854 2145 1038 2184 dicebant,
1073 2143 1102 2175 si
1131 2149 1316 2187 tantopere
1338 2141 1610 2174 homuncionem

206 2191 362 2224 thalamo
386 2196 424 2223 et
445 2191 625 2224 umbratili
650 2190 904 2236 delitiosaeque
927 2191 1020 2222 vitae
1046 2194 1242 2227 assuetum,
1278 2187 1440 2232 nihilque
1473 2188 1614 2219 mascuae'

205 2237 281 2269 lum
304 2241 340 2269 et
361 2235 463 2268 virile
486 2247 571 2280 prae
596 2247 634 2269 se
657 2237 828 2270 serentem
842 2260 853 2275 ,
876 2234 1155 2269 reformidarent.
1203 2233 1247 2266 Hi
1271 2235 1392 2278 itaque
1415 2243 1475 2264 sua
1501 2231 1611 2275 gloria

207 2283 290 2314 elati
316 2293 356 2314 ac
379 2281 545 2322 fastuosi,
569 2281 694 2314 validis
719 2282 830 2325 copiis
851 2281 1002 2321 coactis,
1027 2281 1254 2324 exercituque
1281 2290 1323 2311 ex
1346 2278 1549 2311 Alemannis
1575 2281 1611 2309 et

207 2327 350 2360 Francis
385 2327 429 2359 ad
453 2327 523 2360 duo
564 2333 599 2360 et
630 2328 851 2371 septuaginta
878 2333 1099 2360 strenuorum
1122 2325 1275 2357 virorum
1299 2325 1411 2356 millia
1437 2323 1610 2360 collecto,

209 2383 286 2406 sese
309 2372 354 2406 ad
374 2373 510 2406 bellum
534 2372 777 2411 instruebant,
803 2374 916 2405 veluti
940 2372 1080 2404 iamiam
1102 2371 1239 2403 Italiam
1265 2369 1430 2404 invasuri.

299 2420 331 2452 8.
376 2418 502 2450 Narses
517 2429 598 2451 vero
613 2419 843 2451 Romanorum
860 2418 931 2450 (lux
951 2417 1091 2450 tametsi
1106 2426 1226 2448 eorum
1248 2416 1393 2449 consilia
1415 2424 1487 2446 non
1505 2412 1610 2456 plane

208 2463 367 2497 habebat
391 2464 589 2508 explorata,
611 2465 763 2496 maxima
789 2469 907 2496 tamen
933 2468 1034 2496 utens
1058 2460 1268 2506 prudentia,
1298 2460 1521 2502 hostiumque
1551 2468 1611 2489 co-

208 2515 312 2542 natus
334 2521 471 2553 semper
493 2515 710 2542 antevertere
734 2510 878 2553 cupiens
892 2533 902 2547 ‚
933 2509 1051 2541 statim
1075 2506 1207 2551 oppida
1230 2505 1399 2551 quaedam
1421 2505 1460 2536 in
1485 2502 1611 2535 Tuscia

210 2565 298 2599 quae
321 2555 435 2587 adhuc
459 2555 496 2587 in
520 2554 716 2588 Gothorum
733 2559 911 2598 potestate
928 2558 1048 2593 erant,
1074 2563 1206 2585 summa
1227 2552 1262 2584 vi
1290 2550 1452 2594 subigere
1475 2548 1609 2580 statuit.

210 2599 333 2644 Neque
354 2601 448 2633 enim
467 2601 521 2634 vir
542 2601 602 2633 ille
629 2601 776 2634 victoria
814 2604 954 2644 praeter
979 2597 1122 2632 modum
1157 2597 1371 2630 insolescens
1406 2592 1610 2627 indecenter

212 2645 446 2688 efferebatur5
471 2656 610 2692 neque,
633 2644 730 2692 quod
753 2645 831 2679 aliis
856 2644 1014 2682 accidere
1037 2644 1151 2685 solet,
1185 2647 1266 2688 post
1288 2641 1427 2675 labotes
1446 2639 1525 2673 otio
1546 2649 1610 2672 vos-
