1794 3112
313 140 387 206 64
877 158 1148 205 AGA'rmAE

118 263 148 297 A
163 288 170 296 .
185 264 221 296 C.
243 257 403 305 553τοὺς
427 258 608 298 ἐκέλευεν
623 257 672 298 rc:
698 259 884 311 πολέμια,
901 259 972 300 καί
995 259 1274 319 ἒπερρώννυεν
1295 264 1363 306 τὸν
1379 265 1516 318 θυμὸν
1539 271 1629 317 ταῖς
1646 283 1719 311 κα..

183 310 249 341 1.1.
265 321 496 375 2’Ῐθημέραν
529 323 743 372 μελέταις·
788 323 1006 377 τροχάζειν
1038 342 1082 368 τε
1117 327 1350 381 ἀναγκάζων
1392 330 1464 371 καί
1492 331 1596 388 ὑπὲρ
1635 335 1718 375 τῶν

306 386 438 425 ἳππων
457 386 500 424 ἐν
534 382 667 441 κόσμῳ
691 386 999 428 οἷναπάλλεσθαι
1014 421 1026 441 ,
1052 389 1094 438 ἔς
1125 407 1168 432 τε
1185 389 1388 447 πυρῥίχην
1415 393 1531 443 [τινὰ
1556 393 1716 437 ἐνόπλι-

306 465 351 491 ον
393 444 587 502 ὄρχησιν]
619 451 940 504 περιδινεῖσθαι,
979 452 1050 493 καί
1078 454 1195 507 θαμὰ
1226 458 1277 511 τῇ
1290 456 1478 510 σάλπιγγι
1512 462 1718 512 καταβομ..

308 515 475 566 βεῖσθαι
499 510 542 553 τὸ
568 514 753 555 ἐνυάλιον
779 515 984 572 ε’πηχούσῃ
1002 549 1013 569 ,
1043 517 1099 566 ὥς
1123 517 1181 573 μὴ
1209 521 1378 572 πάμπαν
1409 523 1466 577 τῷ
1496 521 1741 574 άνειμένως5

305 575 581 629 διαχειμάζειν
627 579 929 632 ἐπιλελησμένοι
975 583 1049 622 τοῦ
1078 585 1284 636 πολέμου,
1318 581 1403 626 εἶτα
1432 587 1476 627 ἐν
1520 582 1631 644 αὐτῷ
1666 588 1717 642 δὴ

266 642 363 698 Οτῷ
383 637 511 694 ἆγῶνι
537 645 870 693 μαλθακισθεῖεν.
922 645 987 686 Ἐν
1011 644 1137 702 τούτῳ
1170 648 1215 687 δὲ
1248 646 1286 688 οἱ
1319 649 1521 705 βάρβαροι
1553 651 1722 704 σχολαία

301 720 418 759 τερον
455 703 722 760 πορευόμενοι
761 705 811 748 τὰ
851 709 895 749 ἐν
928 708 1047 751 ποσίν
1083 707 1240 752 ἅπαντα
1267 711 1414 767 ἐδῄουν
1441 713 1512 754 καὶ
1550 716 1720 768 ἐλυμαί-

301 783 429 809 νοντο.
484 768 733 824 ὑπερβάντες
765 773 810 812 δὲ
842 772 900 820 ὦς
930 769 1121 815 ἀνωτάτω
1136 775 1298 830 Ῥώμην
1327 791 1372 817 τε
1402 775 1476 831 τὴν
1509 776 1623 820 πόλιν
1647 776 1722 819 καὶ

302 827 467 873 ἅπασαν
484 830 557 886 τὴν
593 834 847 888 περιοικίδα,
887 831 1012 892 ᾔεσαν
1046 833 1127 879 οἷνὰ
1151 838 1203 879 τὰ
1229 837 1391 895 πρόσω·
1417 841 1462 882 ἐν
1497 841 1609 897 δεξιᾷ
1638 843 1770 894 μὲνιο

302 892 461 948 ἔχοντες
490 894 541 937 τά
577 897 809 952 Τυρσηνικὰ
834 901 1010 955 πελάγη,
1037 900 1107 943 ἐπὶ
1133 902 1293 958 θάτερα
1311 904 1357 944 δὲ
1378 900 1514 952 αὐτοῖς
1547 907 1719 960 παρετέ-

300 974 418 1000 ταντο
436 958 480 1000 αἱ
503 961 575 1000 τοῦ
591 957 734 1003 Ἰονίου
766 962 915 1004 κόλπου
935 965 1134 1020 ῥηγμῖνες.
1190 966 1281 1008 ἐπεὶ
1301 968 1347 1008 δὲ
1372 969 1414 1016 ἐς
1432 967 1620 1020 Σάμνιον,
1648 967 1720 1023 τὴν

301 1025 444 1079 χῶραν
470 1020 573 1066 οὕτω
604 1029 880 1082 καλουμένην,
914 1028 1132 1084 ἀφίκοντο,
1162 1031 1342 1072 ἐνταῦθα
1360 1031 1624 1086 διεκρίθησαν
1651 1033 1721 1087 ἐφ’

248 1096 280 1128 D
299 1084 496 1143 ἑκατέραν
517 1089 698 1144 πορείαν.
728 1091 799 1131 καί
820 1095 1059 1142 Βουτιλῖνος
1086 1096 1164 1146 μὲν
1193 1091 1278 1146 ἅμα
1297 1096 1353 1151 τῷ
1375 1095 1531 1136 πλείονι
1551 1094 1623 1136 καί
1645 1092 1717 1136 ἆλ-

299 1151 506 1209 κιμωτάτῳ
535 1154 692 1212 στρατῷ
739 1153 818 1196 οἷνὰ
863 1156 936 1206 τὰς
989 1156 1245 1213 Τυρσηνικοὶς
1277 1158 1415 1212 ἠϊόνας
1445 1158 1615 1214 ἐχώρει·
1648 1152 1787 1203 ua215‘

300 1215 556 1268 Καμπανίας
588 1232 630 1258 τε
647 1217 697 1259 τά
733 1223 899 1261 πλεῖστα
924 1223 1132 1275 ἑληΐσατο,
1161 1221 1234 1263 καί
1259 1222 1335 1274 μὲν
1367 1221 1417 1276 δη
1446 1221 1518 1263 καί
1542 1226 1713 1265 Λευκα-

297 1280 389 1327 νίας
431 1281 579 1335 ἐπέβη,
634 1281 705 1323 καί
727 1280 813 1324 εἶτα
846 1285 1023 1342 Βρεττίᾳ
1053 1288 1348 1340 προσέβαλλεν,
1377 1287 1448 1327 καί
1482 1287 1609 1342 μέχρι
1645 1288 1718 1327 τοῦ

297 1345 485 1399 πορθμοῦ
507 1347 731 1400 προῆλθεν,
761 1344 804 1395 ὃς
832 1347 880 1402 δὴ
901 1349 1089 1391 Σικελίαν
1111 1365 1156 1390 τε
1183 1348 1255 1404 τὴν
1281 1352 1402 1404 νῆσον
1425 1352 1496 1391 καὶ
1517 1348 1561 1392 τὸ
1587 1351 1718 1406 τέρμα

295 1409 366 1462 τῆς
377 1408 555 1458 Ἰταλίας
585 1410 808 1466 ἀποκρίνει.
861 1412 1081 1468 Λεύθαρις
1120 1415 1164 1453 δὲ
1191 1411 1243 1455 τοὶ
1276 1413 1399 1456 λοιπὰ
1433 1413 1717 1470 στρατεύματα

297 1471 566 1525 ἐπαγόμενος,
597 1474 822 1516 Ἀπουλίαν
854 1473 978 1529 ἔλαχε
1020 1478 1208 1519 σίνεσθαι
1238 1477 1309 1519 καί
1334 1477 1592 1534 Καλαβριαν.
1647 1477 1769 1521 καίαο

296 1535 374 1584 ἕως
387 1537 628 1592 Ὑδροῦντος
651 1540 721 1593 τῆς
742 1538 897 1589 πόλεως
921 1542 1047 1592 ἵκετο,
1071 1538 1100 1595 ἢ
1140 1540 1188 1596 δὴ
1218 1543 1288 1584 ἐπὶ
1313 1543 1368 1598 τῷ
1390 1541 1559 1598 αἰγιαλῷ
1599 1542 1718 1597 ἵδρυ-

388 1625 416 1648 1.
446 1612 680 1660 ἒπερῥαίνυεν
697 1617 756 1657 Β.,
781 1614 1014 1663 ἐπερῥώννυε
1037 1619 1131 1662 vulg.
1212 1631 1243 1652 a.
1269 1618 1365 1651 Suid.
1388 1630 1414 1651 s.
1435 1629 1465 1650 v.
1489 1617 1711 1664 πυρῤίχαιςε

385 1659 659 1700 ἄνασκευάζων.
708 1665 870 1708 πυρίχην
891 1665 927 1695 R.
983 1664 1017 1704 4.
1045 1663 1200 1709 ὄρχησιν
1226 1663 1304 1696 add.
1332 1675 1374 1696 ex
1394 1665 1444 1703 R.,
1469 1664 1519 1696 ita
1544 1669 1717 1697 tamenut

386 1707 493 1738 verba
511 1718 579 1739 τιν.
589 1707 713 1740 ἐνόπλ.
735 1708 813 1752 ὄρχ.
833 1720 896 1752 pro
919 1709 1124 1752 glossemate
1147 1709 1376 1742 includerem.
1421 1706 1527 1754 θαμά
1555 1711 1591 1742 R.
1606 1709 1713 1753 Lugd-

386 1751 499 1791 Suid.,
523 1755 643 1797 θαμεῖ
665 1753 743 1786 edd.
814 1754 844 1787 5.
873 1754 1014 1800 ἤχούσῃ
1044 1754 1155 1798 Lugd.
1178 1765 1242 1799 mg.
1313 1755 1493 1799 ἀνειμένῳ
1518 1757 1577 1794 R.‚
1604 1753 1715 1798 Lugd.

386 1797 590 1841 ιῖνειμένως
607 1810 692 1831 corr.
708 1811 771 1842 pro
790 1799 981 1843 ἀνειμένῳ.
1059 1802 1090 1834 6.
1115 1800 1156 1832 ἐν
1175 1801 1274 1842 αὐτῷ
1288 1797 1329 1841 δὴ
1347 1802 1397 1839 Κ,
1413 1797 1455 1841 δὴ
1471 1800 1512 1834 ἐν
1529 1798 1606 1834 αὐτ.
1622 1800 1714 1844 vulg.

387 1853 421 1886 7.
443 1844 714 1887 μαλακισθεῖεν
726 1846 763 1876 R.
825 1856 874 1878 12.
885 1845 924 1876 αἱ
936 1843 1001 1877 τοῦ
1017 1845 1067 1884 R„
1083 1845 1149 1877 τοῦ
1166 1846 1258 1888 vulg.
1323 1857 1371 1889 ¹7·
1382 1846 1482 1878 Vulc.
1496 1847 1586 1878 coni.
1599 1848 1714 1878 Βοετ-

388 1890 454 1920 τίω
462 1887 550 1935 (sic).
609 1901 662 1922 20.
675 1888 876 1931 Ἀποληΐαν
889 1888 1271 1935 Β.,Ἀπουληίἀννιι15.
1330 1901 1383 1923 21.
1394 1889 1528 1927 ὧςεάᾱ.
1589 1890 1611 1932 ἣ
1626 1877 1665 1925 δὲ
1675 1892 1715 1924 Β.

300 1971 460 2000 accurate
485 1966 530 2000 ad
555 1978 609 2000 res
633 1966 780 1999 bellicas
794 1965 1028 1999 condocefieri
1053 1966 1166 2006 iussit,
1191 1965 1397 2009 animosque
1418 1965 1628 2011 quotidiana
1654 1976 1716 1999 ex-

299 2013 509 2046 ercitatione
545 2012 756 2052 roborabat,
787 2013 825 2044 in
859 2023 978 2056 gyrum
1012 2022 1049 2044 se
1085 2022 1221 2043 versare
1247 2022 1394 2055 cogens,
1430 2011 1641 2056 agiliterque
1674 2012 1715 2044 in.

301 2068 411 2104 equos
433 2058 590 2098 insilire,
616 2063 652 2091 et
676 2058 714 2090 in
738 2057 882 2090 modum
903 2062 1055 2089 armatae
1079 2057 1274 2089 saltationis
1299 2055 1484 2100 pyrrichae
1513 2057 1715 2100 circumagi,

301 2103 513 2149 assidueque
537 2104 624 2137 tuba
649 2104 834 2136 classicum
860 2108 1007 2136 canente
1033 2103 1236 2146 personari,
1268 2113 1313 2135 ne
1346 2103 1489 2135 omnino
1523 2113 1567 2134 ex
1590 2103 1715 2135 remis-

299 2150 393 2182 siore
426 2149 677 2183 hiber-natione
720 2149 826 2182 obliti
861 2149 1036 2181 bellorum
1075 2148 1114 2180 in
1149 2149 1225 2192 ipso
1259 2148 1394 2191 praeno
1436 2147 1713 2191 languescerent.

298 2195 440 2228 Interea
465 2196 605 2228 barbari
632 2195 762 2228 lentius
790 2193 1020 2238 procedentes
1045 2194 1134 2233 loca,
1160 2205 1222 2238 per
1241 2205 1331 2238 quae
1359 2193 1566 2232 transibant,
1592 2193 1714 2225 omnia

299 2241 610 2284 depopulabantur
635 2246 671 2272 ct
693 2240 886 2273 vastabant.
936 2241 1080 2272 Romam
1103 2250 1184 2272 vcro
1210 2239 1357 2284 locaque
1385 2238 1466 2271 urbi
1491 2238 1715 2270 circumiecta

297 2287 502 2330 longissime
537 2287 761 2329 transgressi,
792 2285 940 2318 ulterius
979 2285 1195 2326 tendebant3
1232 2296 1251 2316 a
1288 2285 1412 2317 dextra
1447 2282 1592 2328 quidem
1621 2283 1712 2326 Tyr-

299 2331 449 2365 rhenum
472 2342 586 2372 mare,
612 2343 632 2363 a
656 2331 798 2364 sinistra
830 2336 949 2363 autem
972 2331 1087 2364 Ionici
1112 2331 1208 2363 sinus
1233 2330 1353 2362 littora
1386 2334 1552 2374 protensa
1573 2327 1712 2361 hahen—

299 2381 363 2411 tes.
412 2378 598 2422 Postquam
626 2386 708 2409 vero
736 2376 917 2409 Samnium
931 2401 941 2416 ‚
963 2377 1143 2420 regionem
1161 2377 1211 2408 ita
1234 2375 1384 2414 dictam,
1407 2375 1607 2413 venissent,
1637 2378 1713 2406 tum

301 2423 443 2468 partitis
467 2423 600 2466 copiis,
624 2423 800 2455 Butilinus
833 2421 976 2467 quidem
1002 2433 1080 2454 cum
1106 2422 1239 2454 maiore
1263 2420 1506 2464 validior-eque
1538 2418 1713 2452 exercitus

301 2474 402 2514 parte
429 2467 649 2511 Tyrrhenum
679 2469 779 2500 littus
814 2467 977 2512 legebat,
1003 2473 1040 2500 et
1063 2473 1175 2500 totam
1202 2467 1275 2500 fere
1306 2465 1532 2509 Campaniam
1561 2463 1712 2507 deprae-

304 2514 476 2552 dabatur,
501 2513 588 2559 quin
617 2519 653 2546 et
677 2513 869 2546 Lucaniam
893 2518 928 2546 et
949 2514 1104 2546 Bruttios
1129 2512 1258 2545 deinde
1281 2511 1428 2551 invasit,
1453 2513 1489 2542 et
1513 2507 1558 2541 ad
1581 2509 1712 2542 fretum

303 2570 429 2605 usque,
457 2559 552 2604 quod
575 2559 732 2592 Siciliam
754 2558 906 2592 insulam
930 2563 966 2592 et
991 2559 1077 2591 fines
1105 2559 1228 2591 Italiae
1251 2558 1396 2597 dirimit,
1411 2555 1593 2600 pervenit:
1618 2553 1712 2586 Leu-

303 2605 413 2638 tharis
435 2616 518 2639 vero
541 2606 693 2650 reliquas
718 2605 836 2649 copias
862 2604 993 2637 ducens
1016 2603 1182 2648 Apuliam
1207 2609 1244 2637 et
1269 2601 1467 2636 Calabriam
1491 2599 1710 2637 infestabat,

303 2651 525 2693 Hydruntem
551 2661 663 2696 usque
687 2660 912 2694 progressus,
941 2661 1031 2695 quae
1057 2649 1203 2695 quidem
1226 2649 1309 2681 urbs
1335 2648 1373 2680 in
1397 2647 1517 2679 littore
1540 2643 1713 2677 Adriatici

304 2696 410 2730 maris
434 2702 488 2732 est
511 2697 599 2741 sita3
632 2696 728 2730 unde
751 2696 873 2731 Ionius
903 2696 999 2730 sinus
1033 2694 1175 2730 initium
1209 2694 1328 2728 habet.
1377 2691 1565 2737 Quotquot
1587 2689 1713 2734 itaque
