1794 3112
314 119 413 184 164
903 134 1173 178 AGATmAE

112 243 151 278 Α,
169 247 205 280 C.
230 245 293 288 554
306 235 630 287 βεβουλευμένον·
662 233 734 273 καί
750 231 880 274 ταῦτα
903 231 1097 288 φάσκων,
1134 234 1312 286 ἄνυμνεῖ
1324 233 1418 282 τούς
1437 236 1606 289 Πέρσας
1628 236 1700 276 καὶ

171 292 197 325 Ῑ·
211 292 235 322 Ῑ·
251 295 576 352 28ὑπεράγαται,
603 294 761 336 πείθειν
781 295 890 349 ἡμᾶς
911 298 1098 338 ἐντεῦθεν
1124 297 1304 350 οἰόμενος
1325 296 1461 346 ἱκέτας
1480 296 1607 350 eii-‘hig
1629 299 1701 339 καί

300 360 550 411 αὐτομόλους
578 360 771 412 γενέσθαι
800 360 881 400 τῶν
916 357 1039 414 φύσει
1083 360 1404 412 πολεμιωτάτων.
1450 362 1553 415 πρὸς
1581 363 1698 402 τοῦτο

296 422 374 478 γάρ
402 420 564 464 ἅπασαν
584 421 669 475 ἔχει
695 420 768 476 τήν
796 421 1020 477 ἀναφοράν,
1049 423 1205 465 ω’δίνων
1225 426 1399 478 ἐξαρχῆς
1419 424 1490 464 καί
1507 422 1699 478 μηχανώ-

299 501 419 538 μενος
444 484 499 535 ὦς
529 482 580 527 ἂν
610 486 722 540 αὐτῷ
746 483 796 526 τὰ
819 488 1118 539 μεμελετημένα
1151 485 1252 540 πρὸς
1281 485 1396 541 ἔργον
1425 489 1568 542 ἐκβαίη
1578 520 1592 540 ,
1628 485 1723 531 καὶὸ

206 549 383 595 ν.6σσὺν
408 553 462 604 τῷ
484 549 732 605 ἅνεξετάστῳ
754 550 1011 603 προτρέπων,
1051 547 1126 602 τὴν
1148 552 1220 603 τῆς
1245 552 1394 604 βουλῆς
1421 547 1535 599 τάξιν
1556 555 1706 604 συγχεῖ·

302 612 375 654 καί
398 614 610 668 ταράττει,
652 612 726 654 καί
748 610 846 667 πρὸς
870 610 913 653 τὸ
949 608 1136 666 ἀνόνητον
1161 612 1414 666 μεταβάλλει.
1457 613 1487 669 ’ἦ
1512 616 1590 665 μὲν
1617 611 1697 668 γάρ

296 676 554 732 προτερεύειν
574 676 719 729 ἔλαχεν
741 672 807 716 dei
827 675 899 716 καί
924 676 1134 729 ἡγεῖσθαι,
1161 675 1340 729 βάσανον
1361 678 1583 729 ἐμποιοῦσα
1615 682 1700 727 τοῖς

297 736 410 782 οὔπω
436 739 662 795 προδήλοις·
688 738 807 791 μόλις
834 741 879 780 δὲ
910 741 986 780 τοῦ
1011 742 1215 795 πρακτέου
1239 741 1575 793 ὃιαγνωσθὲντος,
1608 740 1700 782 τότε

256 803 344 859 ech}
367 811 556 859 παρεῖναι
582 803 716 859 χρεών
741 802 784 844 τὰ
810 805 966 844 ἐθέλειν
995 810 1135 856 τυχεῖν
1166 803 1238 845 καί
1263 805 1457 859 ἐφίεσθαι
1478 805 1560 846 τῶν
1585 804 1748 859 αἶρε-ιο

293 872 463 911 θέντων.
490 867 510 909 ὅ
536 870 580 909 δὲ
613 867 658 909 τὸ
684 870 811 922 πέρας
845 866 978 922 ἀρχὴν
1010 869 1245 922 πεποίηται,
1281 866 1472 920 ἑλόμενος
1495 864 1576 922 ἤδη
1601 866 1698 923 πρίν

294 948 336 973 τι
360 934 503 987 σαφῶς
524 932 805 985 διασκοπῆσαι.
843 937 958 972 ποῖον
982 931 1116 972 τοίνυν
1139 929 1184 972 τὸ
1209 933 1254 972 ἐκ
1277 933 1351 985 τῆς
1369 934 1521 986 βουλῆς
1546 931 1698 987 ὠφέλι-

293 1011 395 1048 μον,
429 994 538 1050 εἴπερ
561 995 632 1049 τῆς
653 997 822 1049 κρίσεως
843 996 887 1036 ἐν
913 993 1067 1050 ὑστέρῳ
1093 997 1223 1051 παρῇς
1261 996 1379 1047 ὑμεῖς
1402 996 1469 1047 δὲ,
1486 991 1533 1049 ,αἶ
1551 990 1699 1050 ἄνδρες

296 1058 479 1112 Κόλχοι,
515 1060 717 1112 μηδαμῶς
745 1057 820 1106 τάς
845 1057 1006 1112 γνώμας
1034 1057 1155 1115 ἑτέρῳ
1176 1075 1231 1115 τῳ
1258 1060 1592 1113 κατειλημμένοι,
1627 1060 1699 1100 καί

296 1121 396 1177 πρὸς
422 1125 464 1163 ἓν
484 1137 524 1163 τι
543 1124 655 1170 τέλος
678 1123 1026 1177 προδιωρισμένον
1054 1122 1250 1178 ὁρῶντες,
1281 1119 1411 1171 οὕτως
1439 1123 1508 1164 ἐπὶ
1528 1121 1601 1170 τὰς
1627 1124 1750 1175 ζῙη-157

297 1186 432 1241 τήσεις
461 1192 645 1241 χωρεῖτε.
701 1188 789 1235 πῶς
810 1185 888 1240 γὰρ
925 1185 995 1226 καί
1022 1184 1154 1227 ἔνεστι
1183 1185 1310 1240 [τάς]
1339 1188 1418 1227 τῶν
1451 1185 1698 1241 πραγμάτων

297 1249 543 1302 μεταβάσεις
575 1249 792 1302 βιάζεσθαι
825 1247 895 1289 καί
932 1247 1032 1303 πρὸς
1070 1247 1116 1290 τὸ
1152 1250 1325 1304 ἀρέσκον
1357 1250 1699 1302 μετασκευάζειν;
1756 1281 1761 1288 .

298 1314 532 1355 τούναντίον
556 1310 633 1366 γάρ
665 1314 822 1360 τούτοις
858 1314 1031 1353 ἕπεσθαι
1064 1312 1240 1364 κοσμίως
1266 1310 1482 1367 προσήκει,
1530 1314 1602 1354 καί
1627 1313 1700 1354 τὸν

298 1374 490 1431 λογισμὸν
511 1377 575 1416 ἐπ’
595 1375 701 1416 αὐτὰ
716 1378 907 1427 μεθιέναι
928 1372 1108 1429 καθαρὸν
1133 1378 1205 1416 καί
1221 1375 1456 1428 αὐτόνομον,
1476 1372 1575 1417 ὥστε
1596 1373 1699 1418 κατὰ

259 1439 452 1495 Βσχολὴν
477 1437 527 1481 τοὶ
549 1438 828 1494 προστυχόντα
853 1437 1210 1494 ὃιευκρινήσαντα,
1237 1440 1311 1480 τοῦ
1333 1441 1589 1488 συνοίσοντος
1606 1441 1750 1495 &pt-20

391 1518 420 1550 7.
448 1504 627 1545 ἀνόνητον
650 1506 685 1536 R.
712 1505 820 1549 idque
845 1506 933 1538 coni.
953 1506 990 1538 Β.
1007 1505 1210 1546 Vulcanius,
1234 1505 1342 1549 Intpr.
1370 1504 1421 1538 ad
1434 1503 1492 1545 id,
1518 1504 1619 1550 quod
1638 1506 1698 1540 in-

391 1551 478 1584 utile
504 1558 566 1591 est,
593 1549 751 1591 ἄνόητον
781 1551 874 1605 vulg.
996 1551 1045 1584 13.
1076 1550 1183 1595 ὑμεῖς
1207 1552 1242 1582 Β.
1265 1556 1300 1583 et
1326 1551 1455 1593 Intpr.,
1481 1550 1586 1596 ἡμεῖς
1606 1551 1697 1595 vulg.

395 1598 444 1630 16.
460 1589 537 1639 γάρ
574 1596 637 1628 καὶ
659 1595 779 1628 ἔνεστι
804 1594 896 1640 [τας]
924 1596 996 1630 τῶν
1018 1594 1248 1640 πραγμάτων
1268 1595 1483 1640 μεταβάσεις
1508 1595 1701 1639 βιάζεσθαι

393 1643 456 1673 καὶ
479 1641 601 1674 addidi
626 1652 669 1673 ex
692 1642 727 1673 R.
753 1640 829 1685 (ubi
847 1639 911 1676 τὰς
927 1641 1159 1685 desideratur)
1184 1646 1220 1674 et
1243 1643 1350 1683 Intpr.
1374 1649 1523 1685 possunt
1547 1652 1699 1685 namque

394 1687 514 1720 nescio
538 1699 607 1730 quo
630 1694 736 1730 pacto
765 1687 903 1720 violari
924 1698 1042 1720 rerum
1075 1694 1222 1719 eventus
1254 1694 1289 1719 et
1320 1684 1371 1718 ad
1391 1687 1506 1721 animi
1526 1687 1699 1731 volupta-

394 1740 461 1764 tem
486 1730 641 1770 traduci,
667 1731 735 1763 nisi
758 1736 874 1763 tamen
898 1731 956 1764 hic
980 1743 1044 1775 pro
1066 1729 1297 1776 μεταβάσεις,
1315 1729 1517 1773 ἀποβάσεις
1546 1731 1697 1775 legebat.

396 1788 448 1809 20.
473 1774 516 1808 τὰ
531 1775 787 1820 προστυχόντα
808 1778 844 1808 R.
859 1777 1012 1820 Lugd.ct
1029 1777 1138 1819 Intpr.
1163 1787 1278 1816 casus,
1301 1770 1344 1808 τά
1371 1775 1584 1821 προσχόντα
1605 1776 1696 1820 vulg.

138 1846 161 1859 *s
306 1833 391 1865 haec
421 1832 563 1871 dicens,
596 1832 712 1864 Persas
753 1833 851 1864 miris
886 1833 1050 1864 laudibus
1075 1832 1231 1871 extollit,
1263 1842 1509 1875 persuasurum
1533 1843 1569 1864 se
1591 1832 1698 1865 nobis

306 1878 373 1911 hac
395 1877 531 1909 ratione
555 1876 711 1916 credens,
735 1882 775 1909 ut
804 1878 979 1920 supplices
1005 1877 1260 1921 spontaneique
1279 1878 1475 1921 transfugae
1495 1878 1614 1910 flamus
1639 1878 1697 1917 iis,

308 1923 369 1968 qui
391 1922 494 1955 nobis
518 1927 642 1954 natura
668 1926 750 1954 sunt
776 1922 993 1954 infestissimi
1028 1921 1156 1954 hostes.
1223 1921 1312 1953 Nam
1349 1921 1394 1954 ad
1425 1921 1520 1954 hunc
1553 1923 1699 1955 unicum

308 1979 452 2011 scopum
476 1967 653 2006 collimat,
686 1966 753 1999 hoc
785 1968 855 1999 iam
878 1967 921 2000 ab
948 1968 1053 1999 initio
1080 1967 1232 2010 parturit
1263 1972 1299 1999 et
1331 1967 1499 2007 enititur,
1534 1972 1574 2000 ut
1605 1978 1696 2011 quae

308 2012 464 2046 studiose
490 2012 708 2056 procuravit,
731 2013 980 2055 perficiantur3
1019 2017 1054 2044 et
1077 2012 1275 2044 inconsulte
1292 2012 1439 2044 suadens
1463 2013 1696 2044 consultatio-

307 2059 362 2090 nis
388 2057 547 2091 ordinem
574 2057 759 2089 confundit
789 2069 827 2089 ac
860 2058 1000 2097 turbat,
1039 2057 1248 2101 inutilisque
1278 2062 1318 2090 ut
1349 2057 1396 2089 sit
1429 2056 1540 2089 efficit.
1601 2058 1696 2090 Con-

309 2103 454 2135 sultatio
483 2104 575 2134 enim
601 2113 735 2146 semper
758 2102 965 2145 praecedere
989 2103 1191 2141 consuevit,
1235 2113 1288 2133 res
1311 2113 1383 2134 non
1410 2102 1512 2144 plane
1543 2102 1695 2135 manife-

309 2153 378 2180 stas
404 2148 651 2180 examinationi
682 2148 883 2180 subiiciens.
921 2147 986 2180 Ubi
1011 2157 1092 2179 vero
1117 2146 1255 2179 tandem
1283 2146 1368 2190 quid
1399 2148 1491 2179 facto
1526 2147 1573 2180 sit
1595 2159 1695 2191 opus,

308 2199 362 2225 est
385 2194 643 2236 percognitum,
676 2198 750 2225 tum
771 2203 854 2225 sane
871 2203 1011 2225 necesse
1035 2198 1087 2224 est
1110 2197 1150 2224 ut
1172 2191 1263 2224 adsit
1291 2193 1451 2224 voluntas
1481 2197 1518 2224 et
1551 2192 1695 2225 deside-

307 2239 397 2270 rium
421 2237 659 2281 consequendi
684 2249 737 2277 ea,
790 2248 854 2269 uae
874 2243 955 2270 sunt
975 2238 1105 2280 placita
1123 2243 1227 2281 atque
1253 2236 1403 2269 decreta.
1429 2237 1494 2270 Hic
1516 2242 1630 2270 autem
1651 2247 1695 2270 ex

306 2284 375 2315 fine
399 2283 611 2326 principium
635 2283 739 2322 facit,
764 2249 955 2314 decernens
976 2284 1062 2321 iam,
1086 2283 1287 2326 priusquam
1304 2282 1439 2325 aliquid
1455 2283 1692 2326 perpenderit.

306 2328 475 2370 Quisnam
499 2329 606 2370 igitur
631 2327 740 2360 fuerit
756 2328 1022 2359 consultationis
1039 2328 1188 2366 fructus,
1223 2327 1251 2359 si
1275 2327 1407 2359 iudicio
1427 2333 1479 2360 est
1498 2326 1695 2370 posterior?

303 2374 374 2406 Vos
398 2377 523 2412 autem,
551 2383 570 2403 ο
591 2371 725 2412 Colchi,
749 2373 872 2404 animis
897 2373 994 2404 nullo
1011 2372 1226 2416 praeiudicio
1241 2374 1436 2416 occupatis,
1456 2377 1492 2405 et
1525 2371 1570 2404 ad
1585 2383 1693 2405 unum

302 2419 458 2463 aliquem
489 2417 735 2462 praestitutum
767 2417 871 2449 finem
904 2429 964 2450 vos
998 2417 1212 2460 dirigentes,
1255 2419 1304 2449 ita
1337 2418 1382 2450 ad
1419 2417 1691 2450 consultationes

303 2463 471 2497 accedite.
539 2461 612 2505 Qui
637 2462 730 2494 enim
764 2466 912 2504 possunt
936 2473 1050 2494 rerum
1076 2462 1336 2495 vicissitudines
1359 2463 1395 2494 vi
1427 2462 1552 2495 arcessi
1582 2466 1619 2494 et
1647 2461 1692 2494 ad

300 2509 408 2541 animi
427 2508 642 2540 voluntatem
666 2505 825 2539 traduci?
848 2507 1068 2540 Contrarium
1093 2509 1186 2539 enim
1210 2506 1264 2540 his
1287 2506 1446 2540 ordinem
1462 2507 1560 2551 sequi
1581 2517 1692 2550 opor-

299 2557 370 2594 tet,
413 2553 702 2596 intellectumque
724 2562 848 2594 purum
870 2563 909 2584 ac
931 2553 1082 2585 liberum
1108 2554 1231 2596 suique
1259 2553 1346 2585 iuris
1368 2551 1521 2590 adferre,
1559 2555 1600 2582 ut
1632 2562 1690 2584 re·-
1734 2563 1739 2566 ·

297 2597 364 2631 bus
407 2603 566 2630 accurate
608 2597 814 2642 perpensis,
857 2598 950 2642 quod
988 2598 1283 2630 consultissimum
1318 2597 1536 2640 maximeque
1569 2606 1612 2628 ex
1651 2606 1690 2628 re

298 2649 373 2685 est,
396 2653 634 2689 exsequamur.
691 2642 749 2676 Sic
769 2641 888 2688 itaque
912 2642 1188 2677 consultantibus
1224 2642 1327 2677 nobis
1358 2642 1473 2676 statim
1506 2639 1691 2686 apparebit
