1794 3112
262 136 336 202 46
832 149 1103 194 AGATHIAE

67 261 161 296 AJC.
182 255 332 305 55αμὲν
363 253 435 294 καί
457 245 529 292 οὔκ
553 250 802 303 ἐλευθέραν,
835 249 998 306 εἰρήνην
1025 253 1072 294 δὲ
1105 247 1216 305 ὅμως
1237 255 1309 297 καὶ
1330 252 1583 312 ὄμαιχμίαν,
1611 258 1671 316 τῷ

114 309 140 340 Ῑ·
161 309 243 341 L2⁶
258 316 410 357 δεδιότι
431 315 585 368 μᾶλλον
614 315 687 367 τῆς
711 311 870 368 γνώμης
897 312 924 370 ἢ
943 317 1000 372 τῷ
1020 315 1203 374 ἡδομένῳ
1215 351 1228 370 ,
1267 319 1525 375 ἐπεποίηντο,
1555 317 1669 364 οὗτοι

219 383 306 422 Βδὲ
338 379 429 421 τότε
458 376 842 433 ἀναθαρσήσαντες,
881 381 954 420 καί
974 377 1213 436 ἀναφανδὸν
1245 385 1669 440 παρασπονδήσαντες,

255 443 402 484 αὐτίκα
425 449 508 491 τοῖς
526 440 750 497 βαρβάροις
773 440 879 483 ’κατὰ
899 440 944 483 τὸ
961 441 1194 495 ὁμοδίαιτον
1215 449 1516 503 προσεχώρουν.
1553 449 1604 491 τοὶ
1623 451 1669 491 δὲ

254 509 335 548 τῶν
370 505 596 559 εΡωμαίων
616 505 930 561 στρατεύματα,
966 502 1025 548 ὧν
1046 507 1094 562 δη
1127 508 1326 565 Ἰωάννης
1349 527 1392 552 τε
1420 510 1443 552 ὅ
1465 515 1693 559 Baccha-5

254 573 350 624 νοῦ,
378 567 482 627 ᾗπέρ
508 587 581 623 μοι
609 565 686 625 ἤδη
703 566 882 625 ε’ῥρήθη,
919 573 991 612 καί
1019 571 1275 627 Ἀρταβάνης
1299 575 1492 629 ἡγοῦντο,
1529 578 1604 617 τοῦ
1624 592 1669 618 τε

248 637 482 691 Ἐρουλικοῦ
505 633 646 687 ὁμίλου
671 632 821 676 ὁπόσον
846 636 898 691 τῇ
920 637 1029 692 φυγῇ
1054 637 1309 691 διεσέσωστο,
1339 639 1486 681 αὐτίκα
1511 641 1554 689 ἒς
1579 643 1670 682 Φα-

253 702 440 755 βέντειαν
459 702 767 754 μετανέστησαν
795 698 869 755 την
887 698 1016 746 πόλιν,
1047 695 1172 756 ᾦόντο
1193 700 1270 757 γάρ
1292 701 1329 743 οἱ
1355 705 1592 758 στρατηγοί,
1621 704 1668 746 οὖ

252 763 356 820 πρὸς
371 762 508 806 αὐτῶν
534 762 639 805 εἶναι
661 761 773 819 ἇμφί
786 762 860 818 τὴν
883 763 1069 820 Πάρμαν
1085 764 1147 806 ἔτι
1162 764 1378 821 ἱδρῦσθαι,
1406 769 1480 807 τοῦ
1500 782 1544 808 τε
1568 767 1670 821 πλή-

251 831 356 877 θους
378 829 461 869 τῶν
488 829 696 880 πολεμίων
730 824 861 868 αὐτοῦ
900 825 1166 884 ἆγερθέντος,
1211 832 1283 872 καί
1314 828 1382 872 ὅτι
1423 829 1722 885 παραλόγωςιο

251 890 596 947 εὖημερήσαντες,
635 893 707 933 οὐκ
729 891 791 932 ἐτι
816 893 994 947 ἐχρῶντο
1018 896 1069 948 τῇ
1095 892 1200 949 τύχῃ
1222 893 1411 950 μετρίως.
1449 896 1562 936 αἵτε
1588 893 1665 950 γὰρ

254 955 392 1005 πόλεις
414 958 494 997 τῶν
504 959 543 997 Γ
543 953 677 997 ότθων
690 953 832 1004 αὐτοῖς
849 953 1175 1009 ἀνεπετάννυντο,
1196 959 1268 998 καὶ
1288 956 1337 1012 δὴ
1360 956 1539 1014 φρούρια
1571 959 1670 1011 ἐχυ-

152 1035 241 1073 p‚27
253 1020 306 1076 ρὰ
330 1019 627 1073 καταλαβόντες
646 1019 822 1070 ἐπίδοξοι
842 1016 948 1074 ἦσαν
966 1023 1146 1062 πανσυδί
1168 1017 1308 1070 αὐτοῖς
1325 1023 1670 1064 ἐπεισπεσεῖσθαι.
1710 1031 1713 1033 “

253 1086 386 1126 ταῦτα
422 1079 504 1139 ἄρα
538 1083 577 1125 οἱ
609 1086 832 1139 στρατηγοί
866 1084 923 1132 ὥς
946 1088 1222 1139 πλησιὲστατα
1250 1084 1475 1140 εΡαβέννης
1504 1084 1669 1127 ἱκέσθαι

253 1146 542 1202 διενοήθησαν,
580 1150 652 1190 καί
673 1147 802 1205 ταύτῃ
826 1148 920 1198 τούς
948 1152 1164 1202 πολεμίους
1185 1147 1409 1202 ἀλέασθαι,
1447 1151 1538 1191 ἐπεὶ
1563 1149 1721 1204 μηδὲιό
1778 1140 1781 1143 ’

252 1209 471 1265 ἀξιόμαχοι
500 1213 642 1260 αὐτοῖς
671 1207 794 1269 ᾤοντο
819 1210 940 1254 εἶναι.
973 1212 1130 1255 τούτων
1151 1215 1196 1255 δὲ
1218 1216 1275 1269 τῷ
1299 1216 1449 1269 Ναρσῇ
1473 1211 1670 1268 ἀπηγγελ-

249 1278 408 1329 μένων,
437 1272 617 1331 ἧσχαλλε
641 1279 718 1329 μὲν
745 1273 812 1330 ὅγε
840 1279 912 1318 καί
932 1276 1156 1332 ἐδυσφόρει
1176 1278 1246 1318 ἐπὶ
1267 1279 1319 1332 τῇ
1338 1279 1421 1319 τῶν
1443 1276 1669 1332 βαρβάρων

254 1338 492 1398 ἀλαζονεία,
531 1342 603 1382 καί
629 1343 687 1397 τῷ
712 1340 948 1396 Φούλκαριν
971 1337 1127 1396 ἆθρόον
1155 1336 1436 1393 ἀπολωλέναι,
1465 1336 1598 1396 ἄνδρα
1621 1337 1668 1381 οὗ

253 1405 337 1445 τῶν
360 1400 531 1458 οἷσήμων
562 1406 633 1445 καί
650 1403 948 1456 λανθανόντων,
992 1401 1080 1445 ἄλλ’
1105 1401 1394 1459 ἀνδρειότατον
1417 1406 1461 1447 ἐν
1481 1410 1566 1454 τοῖς
1589 1402 1670 1457 μά..

149 1479 190 1514 V.
204 1477 246 1521 24
257 1471 374 1510 λιστα
402 1469 472 1509 καί
497 1467 714 1523 ἀρίδηλον,
742 1468 857 1516 νίκας
882 1485 927 1509 τε
954 1467 1106 1517 πολλάς
1135 1465 1467 1523 ἆναδησάμενον,
1491 1470 1564 1510 καὶ
1582 1465 1720 1511 vimmo

345 1569 374 1590 2.
399 1557 601 1598 πεποίηντο
638 1557 676 1589 R.
822 1555 853 1591 5.
883 1557 1160 1590 Βιταλιανοῦ’Β.
1195 1561 1232 1588 et
1252 1557 1381 1600 Intpr.‚
1414 1556 1667 1589 Βουταλιανοῦ

341 1604 434 1646 vulg.
535 1614 585 1636 ιο.
616 1601 899 1647 εὐημερίσαντες
923 1603 961 1636 R.
1061 1613 1119 1638 12.
1143 1603 1206 1634 καὶ
1228 1599 1273 1642 δὴ
1302 1603 1361 1642 R.,
1386 1603 1449 1633 καὶ
1480 1600 1545 1642 ἤδη
1575 1603 1667 1645 vulg.

342 1654 380 1681 et
402 1651 510 1691 Intpr.
603 1646 771 1693 φρούρια
791 1644 906 1691 ἐχυρὰ
926 1649 965 1682 Β.
983 1652 1019 1680 et
1039 1647 1149 1690 Intpr.
1162 1671 1171 1686 ,
1198 1645 1388 1690 φρούριον
1411 1646 1553 1692 ὀχυρὸν
1575 1647 1668 1690 vulg.

346 1696 396 1728 13.
421 1691 585 1726 πανσυδὶ
608 1695 668 1733 R„
694 1692 834 1725 namuh*
858 1693 948 1736 vulg.
1055 1692 1366 1726 ἐπεισπεσεῖσθαι
1389 1693 1450 1732 Β.,
1475 1693 1668 1730 ἐπιπεσεῖ-

344 1741 436 1771 σθαι
457 1739 547 1783 vulg.
647 1737 695 1780 14.
722 1738 973 1779 πλησιέστατα
998 1738 1056 1778 Β.,
1081 1738 1307 1779 πλησιέτατα
1330 1737 1421 1782 vulg.

253 1816 347 1850 vitae
369 1810 504 1847 exitum
530 1823 570 1845 ac
595 1813 712 1845 finem.
747 1813 822 1844 Hac
844 1812 965 1857 itaque
984 1811 1082 1844 clade
1102 1813 1266 1845 Romanis
1287 1812 1387 1845 illata
1406 1812 1550 1846 Francis
1573 1812 1667 1846 mul-

253 1867 330 1894 tum
349 1861 458 1893 animi
493 1859 701 1903 roborisque
730 1858 886 1890 accessit.
965 1857 1074 1889 Gothi
1104 1868 1186 1890 vcro
1214 1858 1402 1890 Aemiliam
1426 1863 1462 1890 et
1486 1858 1668 1903 Liguriam

253 1907 485 1951 proximaque
508 1905 586 1937 loca
604 1905 821 1943 incolentes,
847 1904 909 1948 qui
942 1908 1046 1935 antea
1069 1902 1213 1935 infidam
1245 1904 1389 1949 quidem
1410 1904 1507 1935 illam
1533 1909 1570 1936 et
1593 1915 1668 1937 non

255 1955 442 1991 sinceram,
460 1961 582 1994 pacem
601 1955 721 1982 tamen
738 1949 896 1993 bellique
921 1949 1127 1981 societatem
1144 1954 1241 1981 metu
1261 1950 1379 1992 potius
1390 1949 1539 1992 impulsi
1561 1960 1668 1994 quam

255 1999 439 2031 voluntate
459 1996 602 2029 adducti
625 2007 703 2028 cum
727 1994 893 2027 Romanis
918 1994 1096 2034 inierant,
1131 1994 1258 2027 animis
1287 1994 1520 2038 recuperatis,
1543 1994 1668 2028 foede—

255 2044 427 2088 ribusque
456 2047 576 2087 aperte
600 2042 733 2085 ruptis,
768 2039 954 2072 confestim
986 2039 1032 2071 ad
1061 2039 1227 2072 barbaros
1261 2044 1308 2072 ut
1333 2050 1471 2072 morum
1499 2041 1668 2084 vitaeque

256 2089 494 2122 similitudine
523 2087 730 2121 coniunctos
760 2096 835 2118 sese
864 2085 1099 2118 contulerunt.
1161 2085 1292 2129 Copiae
1325 2095 1408 2118 vero
1433 2086 1669 2118 Romanorum

219 2160 221 2162 v
256 2146 342 2180 quas
369 2136 518 2166 Ioannes
543 2133 715 2166 vitaliani
740 2131 854 2171 filius,
887 2135 928 2163 ut
951 2135 1054 2162 antea
1076 2130 1172 2170 dixi,
1198 2137 1234 2163 et
1256 2130 1451 2163 Artabanes
1477 2131 1667 2171 ducebant,

257 2187 294 2214 et
317 2192 360 2213 ex
387 2180 529 2213 Herulis
565 2182 742 2223 quotquot
765 2177 847 2221 fuga
873 2181 1066 2217 evaserant,
1091 2177 1295 2209 Faventiam
1323 2178 1442 2214 statim
1468 2188 1544 2211 sese
1568 2187 1668 2209 rece-

257 2231 396 2271 perunt.
446 2225 650 2258 Censebant
673 2224 767 2256 enim
787 2222 957 2266 praefecti
985 2233 1028 2254 ex
1051 2232 1177 2254 resua
1199 2234 1271 2254 non
1297 2233 1371 2254 esse
1392 2222 1490 2255 ,circa
1511 2223 1669 2256 Parmam

259 2271 395 2304 diutius
419 2269 585 2311 haerere,
616 2281 694 2302 cum
718 2267 865 2301 hostiles
891 2268 1014 2310 copiae
1040 2278 1081 2300 eo
1107 2267 1377 2307 confluxissent,
1394 2273 1439 2305 fet
1459 2267 1566 2313 quod,
1589 2278 1669 2305 cum

259 2317 446 2360 inopinato
476 2326 642 2360 prospere
675 2326 748 2347 rem
782 2313 970 2358 gessisent,
1007 2324 1079 2345 non
1115 2313 1265 2356 amplius
1299 2312 1492 2353 utebantur
1523 2313 1667 2347 fortuna

259 2362 447 2396 moderate.
515 2361 604 2394 Nam
629 2359 826 2394 Gothorum
859 2359 963 2391 urbes
1004 2358 1089 2401 ipsis
1124 2358 1397 2402 aperiebantur,
1434 2364 1472 2392 et
1503 2359 1576 2394 iam
1602 2367 1666 2390 va-
1723 2381 1728 2387 .

259 2408 335 2442 lido
358 2406 536 2453 praesidio
564 2412 728 2450 recepto,
765 2405 951 2437 manifeste
984 2403 1196 2436 videbantur
1225 2404 1391 2437 omnibus
1425 2403 1559 2442 viribus
1595 2403 1666 2435 im—

260 2455 480 2500 pressionem
503 2453 542 2484 in
565 2453 659 2496 ipsos
684 2451 822 2484 facturi.
883 2449 1125 2494 Quamobrem
1154 2450 1324 2492 praefecti
1350 2451 1528 2494 copiarum
1558 2459 1666 2494 quam

260 2500 422 2545 proxime
446 2498 523 2531 fieri
546 2502 667 2542 posset
691 2498 893 2529 Ravennam
921 2494 1185 2528 concedendum
1215 2495 1444 2536 iudicabant,
1470 2504 1582 2538 eaque
1609 2505 1665 2527 ra-

260 2547 361 2579 tione
389 2544 544 2577 hostium
575 2544 749 2587 impetum
779 2541 1045 2583 declinandum3
1081 2541 1214 2585 quippe
1249 2541 1312 2586 qui
1335 2539 1550 2574 conserendo
1587 2549 1666 2579 eum

262 2591 349 2634 ipsis
375 2590 510 2635 praelio
543 2590 696 2632 impares
728 2592 856 2620 essent.
910 2587 1017 2620 Hisce
1053 2597 1134 2620 vero
1171 2586 1275 2620 rebus
1306 2585 1445 2619 Narseti
1469 2585 1668 2625 nuntiatis,

263 2636 410 2668 dolebat
438 2634 581 2681 quidem
597 2635 659 2667 ille
680 2633 898 2677 molesteque
923 2631 1061 2664 serebat
1088 2631 1317 2664 barbarorum
1346 2631 1597 2670 insolentiam,
1630 2634 1668 2662 et

265 2681 363 2727 quod
389 2681 545 2717 Fulcaris
571 2681 622 2714 ita
645 2679 763 2713 subito
786 2678 962 2724 periisset,
985 2678 1039 2714 vir
1063 2688 1135 2711 non
1158 2688 1178 2710 e
1201 2677 1320 2710 multis
1343 2681 1380 2710 et
1401 2675 1583 2718 obscurus,
1602 2673 1668 2715 sed
