1832 3152
432 539 1189 621 B'O‘NAVENTURAE
1247 571 1699 620 VULCANII

562 855 633 894 IN
700 835 1073 894 AGATHIAE
1132 851 1551 893 H1ST0R1As.

232 997 350 1035 ans
467 996 566 1047 Pag.
592 1009 623 1035 ι.
642 994 705 1034 ed.
728 995 821 1034 Par.
852 998 908 1046 [p.
929 993 966 1032 3.
994 993 1058 1034 ed.
1086 996 1237 1040 Bonn]
1255 990 1477 1044 Ἀγαθίου.
1505 993 1660 1032 Auctor
1693 992 1763 1032 hic

234 1044 273 1078 V·
289 1045 413 1088 12631)
434 1050 625 1088 omnibus
655 1054 827 1086 vocatur
847 1043 1063 1098 Ἀγαθίας,
1092 1054 1137 1085 ut
1166 1053 1206 1085 et
1227 1047 1312 1099 ipse
1334 1048 1384 1086 de
1407 1061 1449 1086 se
1479 1046 1654 1098 loquens
1669 1060 1763 1099 pag.

362 1105 398 1144 5.
416 1105 488 1141 lin.
503 1117 564 1154 29.
580 1104 634 1151 [8,
657 1105 729 1149 18]
741 1100 837 1151 ἐμοὶ
851 1095 1050 1152 Ἀγαθιάς
1061 1100 1138 1150 μὲν
1150 1094 1290 1150 ὄνομα.
1320 1101 1370 1140 ln
1392 1099 1762 1154 Epigrammatibus
1814 1108 1817 1111 “

359 1163 496 1196 tamen
529 1157 737 1195 interdum
758 1169 799 1194 se
821 1161 941 1193 vocat
960 1152 1166 1205 Ἀγαθίον.

465 1209 756 1260 Σχολαστικοῦ.
784 1208 872 1247 Hoc
894 1214 979 1257 est,
1005 1203 1241 1259 συνηγόρου,
1270 1206 1358 1246 sive
1381 1206 1582 1246 advocati.
1628 1207 1762 1245 Erant

358 1264 470 1303 enim
497 1266 604 1302 inter
632 1263 731 1301 alias
762 1261 927 1300 scholas
951 1261 1038 1299 sive
1061 1259 1237 1312 collegia
1266 1259 1387 1298 etiam
1413 1259 1511 1298 iuris
1534 1260 1763 1313 peritorum

357 1318 551 1365 scholae,
581 1316 692 1355 unde
717 1314 953 1354 scholastici
979 1314 1091 1356 dicti.
1124 1314 1208 1351 luri
1233 1326 1330 1352 vero
1355 1327 1397 1352 se
1420 1313 1666 1366 legibusque
1679 1313 1764 1352 Ro-

355 1371 490 1411 manis
511 1383 677 1422 operam
704 1369 865 1407 dedisse
878 1373 1053 1406 testatur
1074 1366 1266 1419 Agathias
1284 1380 1377 1419 pag.
1395 1367 1433 1415 5,
1460 1367 1530 1406 lin.
1546 1368 1611 1406 31.
1636 1372 1693 1417 [9‚
1714 1371 1762 1412 1.]

364 1425 487 1475 τέχνη
516 1423 560 1462 δὲ
582 1420 633 1461 τά
652 1418 876 1470 ιΡω,ιιοιιόυν
889 1417 1038 1470 νόμιμα
1050 1451 1062 1470 ,
1084 1419 1155 1459 καί
1168 1416 1205 1458 οἱ
1224 1419 1304 1458 τῶν
1319 1418 1587 1472 δικαστηρίων
1604 1418 1766 1470 ἀγῶνες.

358 1485 400 1518 et
422 1478 498 1516 sub
520 1477 686 1514 initium
709 1475 805 1513 libri
825 1476 935 1513 tertii
959 1479 1131 1514 testatur
1152 1487 1193 1512 se
1215 1488 1235 1511 a
1263 1487 1383 1511 mane
1405 1473 1448 1510 in
1473 1487 1690 1525 vesperum
1715 1472 1758 1509 in

355 1532 521 1586 porticu
545 1530 655 1582 regia
677 1527 908 1567 forensibus
936 1529 1114 1580 negotiis
1144 1526 1364 1580 implicari,
1393 1533 1439 1564 ut
1477 1526 1759 1579 pulcherrimo

356 1585 649 1637 epigrammate
683 1583 735 1620 ad
761 1581 1074 1631 Silentiarium,
1104 1579 1404 1620 cuiusinitium
1433 1585 1495 1619 est
1522 1576 1667 1618 ἐνθάδέ
1685 1578 1760 1628 μὲν

355 1636 613 1689 χλοάζουσιν,
641 1642 815 1675 testatur
835 1650 877 1674 se
892 1635 993 1674 iuris
1014 1635 1151 1674 studio
1175 1633 1599 1686 occupationibusque
1617 1634 1757 1670 foren-

356 1693 469 1731 sibus
500 1692 550 1730 ab
585 1690 691 1743 agris
721 1696 761 1728 et
791 1703 811 1726 a
846 1688 971 1742 sylvis
1002 1694 1043 1728 et
1065 1688 1302 1727 suavissimo
1330 1688 1373 1725 in
1406 1687 1454 1726 iis
1485 1688 1624 1725 avium
1659 1699 1759 1724 con-

355 1752 510 1795 centu,
541 1751 582 1783 et
608 1744 659 1782 ab
681 1742 897 1794 amoribus<
923 1742 1006 1782 suis
1038 1742 1182 1787 avelli3
1213 1741 1278 1780 his
1304 1740 1456 1791 verbis,
1485 1740 1635 1794 quibus
1666 1739 1756 1792 epi-

355 1813 535 1853 gramma
560 1798 741 1846 claudit,

988 1871 1040 1877 —-
1068 1842 1173 1886 ἄλλοί
1195 1860 1248 1896 με
1274 1844 1424 1896 θεσμοὶ

614 1900 818 1957 εἴργουσιν
846 1901 1011 1956 ῥᾳδινῆς
1033 1899 1175 1952 τηλόθι
1195 1898 1443 1952 δορκαλίδος,

356 1960 470 2014 quod
495 1960 562 2002 Ill.
587 1960 639 2000 V.
665 1959 744 1996 Ios.
774 1957 962 2008 Scaliger
983 1956 1038 1993 ita
1063 1953 1210 2003 vertit,

675 2034 729 2040 —
755 2010 842 2048 Sed
866 2024 927 2048 me
951 2010 1053 2046 iuris
1078 2008 1230 2053 tutela,
1256 2009 1426 2060 piusque

611 2064 835 2104 Dor-calide
863 2079 887 2102 a.
909 2071 1046 2101 tenera
1067 2070 1149 2100 tam
1170 2061 1317 2114 procul
1337 2068 1445 2098 arcet
1470 2060 1608 2100 Itonos,

462 2121 564 2172 Pag.
584 2121 621 2159 5.
646 2120 720 2157 lin.
739 2119 802 2158 38.
821 2117 876 2166 [6‚
904 2117 980 2165 14]
1005 2111 1123 2166 ἕτερά
1157 2127 1201 2152 τε
1230 2111 1368 2151 πολλά.
1397 2113 1508 2151 Haec
1525 2112 1576 2150 ad
1598 2112 1752 2150 lineam

356 2188 487 2226 usque
526 2187 582 2212 12.
617 2184 711 2226 pag.
735 2175 772 2213 [ι.
802 2175 856 2222 [7,
882 2171 935 2216 5.]
960 2168 1011 2207 ad
1038 2167 1210 2206 verbum
1234 2162 1465 2218 γιγνώσκειν
1485 2165 1622 2204 omisit
1637 2171 1753 2203 vetus

354 2228 584 2279 interpres,
623 2240 718 2264 cum
745 2231 884 2262 tamen
919 2220 1266 2275 elegantissimam
1301 2219 1544 2259 contineant
1569 2218 1752 2271 poetices

356 2279 763 2321 commendationem
785 2292 806 2316 e
828 2278 1001 2317 Platone
1026 2275 1297 2327 desumptam.

463 2334 561 2384 Pag.
582 2333 619 2373 5.
642 2333 714 2371 lin.
735 2332 800 2371 53.
824 2337 879 2382 [9,
899 2334 951 2375 2.]
970 2324 1181 2380 Μύριναν.
1216 2326 1440 2366 Falluntur
1461 2324 1534 2378 qui
1555 2324 1751 2377 Agathino

353 2387 528 2441 patriam
562 2386 686 2425 fuisse
709 2390 856 2438 putant
888 2384 1130 2435 Smyrnam,
1159 2395 1263 2434 quae
1297 2380 1362 2418 vel
1390 2379 1507 2418 locus
1544 2377 1751 2425 Corinthi,

353 2441 424 2483 vel
446 2439 672 2480 Corinthus
696 2439 782 2491 ipsa
805 2436 903 2482 fuit;
935 2449 1051 2475 error
1072 2434 1171 2472 inde
1193 2448 1285 2473 meo
1304 2433 1462 2472 iudicio
1481 2438 1620 2479 natus‚-
1639 2431 1752 2482 quod

355 2492 467 2548 apud
494 2494 664 2532 Suidam
691 2493 749 2530 ita
776 2492 963 2543 legatur,
991 2484 1190 2539 'Ayafiz'ag
1213 2481 1478 2537 σχολαστικὸς
1505 2487 1749 2534 σμυρναΐος;

356 2562 452 2587 cum
477 2543 522 2586 τὸ
552 2549 773 2598 σμυρναῖος
807 2557 891 2582 non
920 2543 974 2582 sit
1005 2555 1154 2580 nomen
1183 2540 1359 2591 patriae,
1389 2538 1460 2577 sed
1484 2537 1752 2576 referendum

355 2602 408 2641 sit
429 2601 482 2639 ad
503 2596 776 2651 σχολαστικός.
806 2597 918 2649 quod
940 2595 1135 2634 nimirum
1162 2594 1218 2632 ibi
1237 2592 1524 2633 scholasticum
1558 2590 1644 2628 sive
1676 2591 1751 2629 ad-

210 2674 245 2708 p,
264 2670 332 2710 179
355 2660 549 2697 vocatum
593 2653 731 2706 egerit.
774 2650 934 2691 tametsi
960 2649 1214 2690 medicorum
1239 2647 1377 2702 potius
1404 2643 1556 2686 scholis
1578 2643 1750 2697 Smyrna
