1794 3112
582 147 957 191 msTomAnnm
996 151 1030 191 1.
1071 150 1116 195 6.
1500 145 1579 200 227

146 253 337 313 Ἆσιννιῖρ
380 250 646 307 Κουαδροὶτῳ
682 251 879 302 ἕπεσθαι,
924 249 1051 306 ἆνδρί
1074 249 1288 306 Ἰταλιαὶτῃ
1311 250 1383 291 καί
1401 246 1452 290 τὰ
1480 247 1521 288 Γ
1518 254 1626 300 ερ-Α.
1645 252 1683 287 C.
1699 252 1767 308 552

148 319 308 377 μανικοὶ
331 322 375 369 ἐς
401 315 448 359 τὸ
483 317 656 372 ἀκριβὲς
676 311 1040 372 οἷναγεγραμμένῳ,
1064 316 1287 369 ξύγκλυδές
1308 315 1412 356 εἰσιν
1425 302 1620 367 ἅνθρω-Ῑ·
1638 301 1666 334 Ῑ·
1687 304 1731 334 20
1786 343 1792 357 -.

148 386 318 428 ποι.και“
336 381 524 437 μιγάδες,
552 381 624 422 καί
653 382 776 423 τοῦτο
809 378 984 421 δύναται
1017 379 1206 435 αὖτοῖςῆ
1233 380 1462 432 ε’πωνυμία.
1491 377 1588 418 τού-

151 466 251 499 τους
274 450 321 490 δὲ
350 445 553 503 πρότερον
590 446 844 501 Θευδέριχος
869 443 892 486 ὅ
926 446 1010 486 τῶν
1036 447 1077 486 Γ
1075 443 1207 485 ότθων
1233 442 1445 498 βασιλεὺς,
1473 441 1595 498 ἡνίκα

122 513 226 563 ὁκαὶ
243 516 324 569 ’τῆς
339 511 557 567 ξυμπάσης
580 510 772 560 Ἰταλίας
802 508 984 566 ἐκράτει,
1013 511 1056 558 ἐς
1090 509 1220 565 φόρου
1253 508 1477 564 ἀπαγωγὴν
1513 524 1595 549 πα-

151 577 491 636 ραστησάμενος,
521 576 717 631 κατήκοον
741 573 828 629 εἶχε
848 574 895 617 τὸ
923 575 1069 631 φῦλον.
1098 574 1155 624 αῖς
1191 575 1238 615 δὲ
1262 574 1283 616 ὃ
1314 576 1392 627 μὲν
1418 572 1592 627 οἷπεβιῖο,

151 644 174 687 ὅ
206 646 253 686 δὲ
286 646 477 698 μέγιστος
492 638 768 699 Ἰουστινιανῷ
791 656 836 683 τε
871 642 928 699 τῷ
947 638 1175 693 ζ,Ρωμαίων
1203 639 1478 693 αὐτοκράτορι
1514 640 1629 679 καίΙ)

149 714 238 760 τοῖς
264 711 304 751 Γ
303 707 447 758 ότθοις
476 705 651 760 πόλεμος
670 703 926 762 ξυνερῥάγη,
966 703 1062 747 τότε
1095 704 1145 761 δὴ
1174 704 1211 747 οἱ
1237 706 1277 746 Γ
1275 703 1394 745 ότθοι
1423 703 1595 744 ὑποθω-

146 774 347 823 πεύοντες
371 772 471 823 τούς
491 773 722 828 Φράγγους,
751 771 824 813 καί
847 768 957 822 ὅπως
979 766 1031 814 ἂν
1068 771 1209 820 αὐτοῖς
1240 769 1357 826 φίλοι
1389 784 1435 810 τε
1468 770 1511 817 ἐς
1539 767 1591 810 τὰ

97 839 335 895 ιομάλιστα
365 840 437 880 καί
474 833 587 879 εὖνοι
617 838 796 891 γένοιντο
821 835 1138 892 μηχανώμενοι,
1166 833 1320 891 ἑτέρων
1354 850 1400 875 τε
1430 835 1594 874 πολλῶν

151 903 389 955 ἐξίστανται
410 902 594 958 χωρίων,
608 904 679 943 καί
691 904 770 955 μὲν
797 900 848 957 δὴ
865 900 938 943 καὶ
960 901 1006 944 τὸ
1031 899 1316 954 Ἀλαμανικὸν
1338 901 1456 954 γένος
1472 899 1597 954 ἀφίε-

148 985 240 1012 σαν.
271 965 455 1024 ἀγείρειν
475 983 518 1009 τε
539 965 618 1023 γὰρ
647 968 692 1008 ἐν
713 968 769 1024 τῷ
781 965 873 1008 τότε
890 966 1152 1021 πανταχόθεν
1167 965 1242 1015 τὰς
1266 965 1470 1021 σφετέρας
1493 957 1597 1020 ᾤον-

146 1049 195 1077 το
222 1035 379 1089 χρῆναι
406 1030 616 1085 δυνάμεις,
647 1030 719 1073 καὶ
749 1033 822 1087 τῆς
848 1030 1031 1087 ὑπηκόου
1060 1030 1197 1073 ὁπόσα
1238 1027 1411 1086 περιττὰ
1447 1028 1520 1070 καί
1543 1024 1593 1070 οὕ

117 1120 122 1124 ·
153 1098 249 1142 λίαν
274 1097 473 1153 ἐπίκαιρα
495 1099 714 1151 μεθιέναι,
743 1096 801 1145 ὥς
827 1098 967 1139 οὐκέτι
996 1097 1131 1153 ἀρχῆς
1161 1113 1205 1139 τε
1241 1097 1338 1152 πέρι
1374 1093 1447 1136 καί
1474 1093 1597 1149 δόξης

97 1163 468 1220 ἰόιῖγωνιούμενοι,
500 1159 592 1205 ἄλλ’
618 1157 699 1218 ἤδη
719 1161 791 1205 τὸν
809 1160 914 1219 ὑπὲρ
945 1159 1077 1217 αὐτῆς
1109 1165 1183 1217 τῆς
1204 1159 1397 1213 Ἰταλίας,
1425 1159 1498 1202 καί
1519 1162 1596 1201 τοῦ

149 1229 210 1286 μὴ
232 1228 406 1282 πάμπαν
428 1225 689 1270 ἀπολωλέναι
713 1224 1016 1283 ἆναξιρίψοντες
1041 1227 1243 1273 κίνδυνον.
1271 1225 1343 1268 καί
1364 1227 1504 1268 τοίνυν
1531 1223 1578 1267 τὸ
1590 1238 1626 1276 Ρ,
1640 1238 1685 1273 13

147 1296 226 1338 τοῦ
239 1297 455 1347 μέλλοντος
475 1291 688 1350 σφαλερὸν
712 1295 770 1351 τῷ
789 1291 1027 1351 αὐθαιρέτῳ
1053 1295 1178 1349 δῆθεν
1201 1296 1275 1348 τῆς
1303 1292 1470 1347 γνώμης
1494 1308 1597 1348 προ-

153 1360 464 1414 καταλαβόντες,
486 1356 681 1400 ἑκουσίαν
702 1360 947 1414 πεποίηνται
967 1357 1042 1411 τὴν
1066 1355 1256 1413 ἀνάγκην.
1285 1354 1397 1399 οὕτω
1433 1356 1483 1411 δη
1521 1352 1595 1399 οὖν

153 1426 228 1466 καί
254 1423 299 1466 τὸ
327 1426 408 1466 τῶν
432 1420 683 1475 Ἀλαμανῶν
714 1422 838 1473 ἔθνος
860 1422 940 1465 ὑπὸ
970 1426 1011 1466 Γ
1010 1421 1148 1465 ότθων
1181 1420 1408 1479 ἀφειμένον
1445 1422 1597 1465 Θευδί-

99 1493 300 1546 αοβερτος
326 1487 453 1539 αὐτὸς
471 1488 739 1543 ἐχειρώσατο·
764 1488 922 1531 ἐκείνου
950 1505 996 1531 τε
1026 1491 1349 1545 διαφθαρέντος,
1377 1483 1480 1545 ᾖπέρ
1522 1503 1598 1542 μοι

153 1552 235 1612 ἤδη
259 1553 519 1611 ἐῤῥήθη,ἐπι“
538 1553 609 1596 τὸν
631 1556 765 1596 παῖδα
785 1556 1070 1610 Θευὸῗβαλὸον
1093 1556 1144 1612 τῇ
1171 1557 1295 1611 λοιπῇ
1317 1552 1407 1608 ἅμα
1432 1552 1596 1611 ὑπηκόῳ

153 1622 226 1663 καί
239 1621 326 1662 οἵδε
351 1617 552 1675 ἐχώρουν.

250 1710 280 1736 ι.
303 1697 535 1743 Κουαὸράτῳ
547 1699 584 1731 R.
601 1703 639 1732 et
658 1699 783 1744 Intpr.‚
795 1697 979 1745 Καὸράτῳ
992 1700 1086 1743 vulg,
1161 1713 1192 1735 α.
1209 1696 1530 1745 ἀναγεγραμμένῳ
1543 1700 1596 1739 R„

246 1743 551 1791 ἄναγραψαμένῳ
566 1746 659 1790 vulg.
755 1745 957 1789 ξύγκλυδες
988 1747 1040 1787 R„
1072 1744 1265 1792 ξύγκλιδες
1287 1747 1412 1791 Lugd„
1445 1745 1598 1786 ξυνήλι-

245 1790 307 1829 δες
327 1803 396 1837 mg.
419 1791 530 1836 Lugd.
552 1797 590 1825 ct
612 1792 694 1826 edd.
789 1794 820 1827 5.
850 1790 1056 1837 ἐπαγωγιὶν
1077 1795 1118 1832 R,
1212 1803 1243 1837 7.
1260 1793 1311 1837 τῷ
1332 1794 1383 1834 st,
1405 1794 1480 1827 τῶν
1500 1792 1595 1837 vulg.

250 1841 303 1874 13.
315 1839 455 1885 χρῆναι
476 1849 545 1873 om.
570 1839 608 1872 R.
705 1850 761 1876 21.
787 1838 927 1886 ἐῤῥέθη
951 1840 990 1871 Β.

153 1919 174 1940 a
189 1905 439 1940 Theodiberto
467 1907 623 1951 primum
648 1908 800 1940 accensi.
835 1906 1027 1940 Alemanni
1050 1912 1184 1948 autem,
1209 1907 1240 1940 si
1259 1905 1385 1940 Asinio
1406 1906 1594 1952 Quadrato

153 1953 293 1988 homini
315 1954 428 1994 Italo,
464 1954 601 1999 quique
625 1964 680 1986 res
702 1954 931 1987 Germanicas
957 1960 1121 1987 accurate
1144 1955 1377 1997 conscripsit,
1406 1954 1597 1994 credimus,

155 1997 334 2034 convenae
370 2005 456 2033 sunt
489 2006 526 2033 et
558 1999 750 2041 colluvies;
782 2000 880 2046 quod
921 2005 958 2034 et
991 2001 1186 2045 appellatio
1222 2002 1299 2044 ipsa
1338 2001 1422 2033 satis
1447 2000 1597 2034 indicat.

152 2046 228 2080 «Hos
264 2052 369 2079 antea
397 2045 643 2079 Theodericus
677 2046 879 2080 Gothorum
914 2058 996 2088 rex,
1043 2058 1123 2079 cum
1159 2049 1267 2080 etiam
1302 2049 1469 2080 universa
1493 2047 1599 2079 Italia

153 2093 353 2137 potiretur,
368 2091 579 2125 tributarios
596 2093 731 2126 fecerat
750 2099 934 2138 totamque
952 2092 1044 2126 hanc
1064 2099 1205 2138 gentem
1226 2094 1426 2138 subegerat.
1462 2093 1598 2126 Simul-

156 2143 264 2184 atque
294 2149 377 2172 vero
406 2139 436 2171 is
462 2150 481 2172 e
507 2139 596 2172 vivis
621 2140 796 2180 excessit,
834 2141 1168 2186 atrocissimumque
1195 2140 1334 2173 bellum
1361 2141 1457 2174 inter
1487 2140 1599 2172 Iusti-

153 2187 303 2218 nianum
337 2187 576 2218 Romanorum
600 2187 856 2230 Imperatorem
890 2191 926 2219 et
956 2186 1094 2220 Gothos
1127 2189 1340 2220 exarsisset:
1383 2193 1459 2220 tum
1484 2185 1599 2220 Gothi

156 2232 302 2265 Francis
325 2232 525 2270 adulantes,
549 2243 746 2278 eorumque
768 2233 966 2266 amicitiam
993 2239 1029 2266 et
1048 2233 1339 2267 benevolentiam
1361 2234 1599 2280 quibuscum-

157 2289 229 2323 que
253 2284 419 2322 poterant
441 2279 557 2312 modis
582 2279 653 2311 sibi
679 2280 924 2320 conciliantes,
954 2280 1095 2316 enanis
1120 2281 1243 2313 multis
1265 2281 1353 2313 locis
1373 2281 1480 2314 eiecti
1502 2285 1597 2319 sunt,

157 2329 195 2356 et
218 2324 486 2358 Alemannicam
511 2331 652 2370 gentem
680 2325 910 2362 dimiserunt.
969 2326 1155 2371 Cogendus
1181 2328 1278 2360 enim
1307 2327 1378 2360 sibi
1405 2332 1479 2359 tum
1505 2332 1596 2360 tem-

154 2370 253 2414 poris
275 2371 517 2417 undequaque
531 2373 624 2404 vires
646 2384 724 2405 suas
746 2373 938 2417 putabant,
965 2373 1203 2418 subditosque
1228 2379 1409 2419 quotquot
1428 2384 1602 2418 superva-

156 2417 259 2449 canei
282 2429 401 2463 neque
427 2418 619 2451 admodum
643 2420 839 2464 opportuni
863 2419 1072 2453 viderentur
1093 2421 1219 2453 missos
1240 2420 1438 2460 faciendos,
1464 2420 1599 2465 quippe

157 2465 220 2508 qui
246 2475 319 2496 non
345 2464 496 2508 amplius
525 2464 570 2498 de
594 2467 802 2510 principatu
829 2471 865 2499 et
884 2466 996 2511 gloria
1022 2472 1142 2499 essent
1166 2467 1416 2506 eonem-taturi,
1441 2466 1504 2499 sed
1530 2466 1600 2498 iam

155 2521 221 2555 pro
247 2510 352 2542 Italia
376 2510 474 2554 ipsa,
499 2522 589 2544 neve
613 2511 779 2545 funditus
807 2513 1033 2553 delerentur,
1067 2513 1266 2556 periculum
1297 2514 1446 2548 adituri.
1495 2512 1600 2557 Quo-

157 2556 249 2589 circa
266 2567 346 2589 cum
368 2556 528 2590 futurum
549 2558 750 2602 periculum
771 2559 842 2604 ipsi
866 2561 995 2592 animis
1015 2561 1089 2592 suis
1111 2561 1380 2604 praecepissent
1403 2564 1439 2591 et
1457 2559 1599 2603 praevi-

156 2603 318 2643 dissent,
356 2603 580 2636 volnntatem
610 2616 706 2637 suam
731 2605 776 2638 ad
801 2607 1054 2639 necessitatem
1080 2612 1324 2650 aggregarunt.
1375 2606 1451 2638 Hoc
1475 2606 1599 2651 itaque

153 2649 263 2682 modo
284 2649 390 2682 etiam
413 2647 691 2683 Alemannorum
710 2653 895 2686 nationem
912 2664 932 2685 a
951 2652 1081 2685 Gothis
1105 2653 1287 2685 dimissam
1309 2654 1347 2684 iu
1369 2663 1468 2683 suam
1492 2657 1599 2696 pote-

157 2700 284 2728 statem
309 2695 467 2737 redegit:
496 2707 568 2740 quo
592 2703 753 2739 mortuo,
779 2705 820 2732 ut
844 2710 950 2743 supra
974 2699 1112 2731 dictum
1141 2704 1216 2740 cst,
1243 2697 1496 2733 Theodibaldo
1522 2698 1598 2732 filio

158 2747 230 2774 una
259 2750 340 2775 cum
366 2742 518 2786 reliquis
545 2741 699 2776 subditis
725 2745 836 2779 etiam
861 2744 902 2778 hi
925 2750 1121 2783 cesserunt.
