1794 3112
301 149 318 182 1
331 149 363 182 o
843 143 1115 187 AGATHIAE

291 244 500 296 γενημὲνα.
525 240 563 282 οἶ
600 243 646 283 δὲ
671 241 852 298 ἱστορίαν
881 244 958 295 μὲν
992 245 1200 284 ποιεῖσθαι
1235 242 1502 297 ὄμολογοῦσι,
1530 243 1600 283 καὶ
1636 241 1684 282 τὸ

246 308 359 360 Βτῆς
387 308 613 361 ἐπιγραφῆς
637 303 867 359 ἐπάγγελμα
886 309 1003 348 τοῦτο
1031 304 1170 355 αὐτοῖς
1200 308 1440 362 ὑποφαίνει,
1467 304 1683 361 πεφώραν-

289 386 357 410 ται
382 371 426 410 δὲ
445 366 553 422 ὅμως
571 371 618 425 τῇ
644 369 764 426 πείρα
789 370 1088 423 κομψευόμενοι
1113 368 1187 424 τήν
1211 370 1459 423 ἐπωνυμίαν.
1483 367 1581 418 τούς
1607 370 1683 421 μὲν

284 432 366 487 γάρ
393 432 452 474 ἔτι
484 434 715 487 περιόντας,
744 432 825 474 εἴτε
858 437 1039 486 βασιλεῖς
1060 431 1159 486 εἶεν,
1188 432 1268 474 εἴτε
1290 433 1362 474 καὶ
1386 429 1517 483 ἄλλως
1545 435 1685 486 ἐπίση-

287 513 382 550 μοι,
411 494 460 537 οὖ
491 497 613 550 μόνον
644 498 693 553 τῇ
717 496 919 552 ἀφηγήσει
952 499 1033 538 τῶν
1061 499 1378 552 ἐξειργασμένων
1413 496 1710 551 ἐγκωμιάζου-5

287 576 375 613 σιν,
405 557 452 615 (ἦ
465 559 543 615 γὰρ
571 557 619 602 ἂν
643 558 758 613 ὀλίγα
783 561 1016 615 ἡμάρτανον
1026 562 1058 616 ,)
1091 559 1249 614 ἔνδηλοι
1272 563 1318 602 δὲ
1343 557 1472 602 ἅπασι
1487 560 1686 614 γίνονται,

212 631 247 667 P.
262 622 357 670 Ίὸτι
383 624 432 679 δη
458 621 597 673 αὖτοῖς
618 622 737 666 οῦδὲν
762 641 802 665 τι
829 621 927 666 ἄλλο
951 623 1289 678 διεσπούδασται,
1315 620 1342 678 ἢ
1363 623 1486 677 μόνον
1508 625 1688 665 ἐπαινεῖν

286 705 330 731 τε
356 688 426 729 καὶ
454 683 635 742 ἄγασθαι
661 687 733 729 καὶ
754 693 860 742 πέρα
892 690 968 730 τοῦ
989 688 1210 742 ἀναγκαίου
1229 704 1242 716 ·
1266 686 1359 736 τούς
1382 689 1427 728 δὲ
1445 683 1524 742 ἤδη
1541 690 1689 740 τεθνη-

277 751 426 805 ικότας,
455 752 595 792 ὁποῖοί
618 767 725 800 τινες
744 751 815 792 καί
833 752 1056 805 ἐτύγχανον
1084 746 1194 801 ὄντες
1207 784 1220 804 ,
1246 747 1274 806 ἢ
1298 752 1510 798 κακίστους
1534 746 1689 790 ἆποκα-

286 816 402 857 λοῦσι
425 813 560 856 καὶτὰ
583 813 696 855 κοινὰ
721 817 1051 869 λυμηναμένους,
1079 810 1106 870 ἦ
1119 848 1131 867 ,
1159 813 1206 856 τὸ
1230 816 1330 868 γοῦν
1345 813 1510 855 ἔλαττον
1532 811 1741 866 δἐινὸν,ιο

286 880 626 932 κατολιγωροῦσιν
658 878 819 931 αὐτῶν,
848 878 904 927 ὥς
934 881 1039 932 μηδὲ
1074 877 1234 933 μνήμης
1266 877 1375 926 τινὸς
1407 874 1688 930 μεταδιδόναι.

286 940 417 998 ταύτῃ
451 958 494 983 τε
523 940 678 983 οἴονται
709 940 762 983 τὰ
793 942 974 997 παρόντα
1001 939 1052 983 εὖ
1071 945 1232 984 τιθέναι
1255 943 1326 983 καί
1347 940 1392 983 τὸ
1426 940 1494 982 cisi
1513 941 1688 995 κρατοῦν

248 1014 273 1044 Β
292 1006 627 1061 ἐκθεραπεύοντες
648 1006 851 1060 ὠφέλειαν
871 1008 990 1062 σφίσι
1012 1007 1267 1060 πορίζεσθαι,
1289 1007 1421 1054 κακῶς
1434 1005 1693 1056 ἐπιστάμενοι

284 1069 342 1117 ὥς
365 1072 435 1110 καί
456 1067 607 1117 αὐτοὺς
636 1069 768 1123 δήπου
793 1068 888 1118 τοὺς
905 1068 1004 1124 πρὸς
1028 1066 1166 1111 αὐτῶν
1188 1071 1505 1121 ἐπαινουμένους
1531 1068 1581 1108 οὕ
1610 1065 1692 1120 μά-

277 1139 335 1175 -λα
367 1133 418 1174 τοὶ
459 1133 596 1175 τοιοίδε
635 1134 822 1188 ἀρέσκει,
859 1135 1140 1187 λογιζομένους
1150 1167 1163 1185 ,
1191 1132 1248 1182 ὥς
1280 1129 1358 1185 οὐχ
1393 1131 1534 1174 ἱκανὸν
1573 1130 1745 1173 ἔσταιιὸ
1775 1123 1778 1126 ⁴

281 1197 328 1239 τὸ
362 1200 432 1251 τῆς
465 1198 672 1245 κολακείας
705 1197 899 1251 ἀρίδηλον
951 1195 1026 1251 τήν
1062 1196 1160 1252 περὶ
1205 1192 1342 1237 αὖτῶν
1389 1194 1512 1246 δόξαν
1552 1197 1694 1248 βεβαι-

285 1263 406 1302 ῶσαι.
433 1255 546 1302 οὗτοι
565 1263 643 1313 μὲν
666 1257 742 1302 οὖν
776 1259 1108 1316 ξυγγραφὸντων,
1136 1257 1191 1309 ὥς
1216 1277 1272 1314 πη
1310 1261 1428 1315 φίλον
1457 1259 1599 1308 αὐτοῖς
1625 1261 1697 1312 καί

286 1327 539 1378 εἰθισμένον,
566 1324 661 1377 ἐμοὶ
680 1326 725 1365 δὲ
747 1322 792 1365 τὸ
819 1325 1092 1378 ἀληθίζεσθαι
1118 1323 1215 1379 περὶ
1238 1325 1426 1365 πλείστου
1467 1319 1604 1364 ἑκτέον
1613 1355 1626 1375 ,
1653 1323 1696 1371 ἐς

253 1387 310 1430 Οὸ
322 1423 334 1442 ,
362 1407 403 1431 τι
416 1389 611 1444 χωρήσει.
637 1386 898 1442 μεμνήσομαι
919 1390 963 1430 δὲ
985 1390 1065 1430 τῶν
1088 1385 1162 1430 ὅσα
1178 1386 1290 1442 παρά
1316 1403 1360 1428 τε
1375 1387 1604 1439 ςΡωμαίοις
1621 1385 1693 1427 καὶ

285 1456 364 1495 τῶν
379 1451 601 1508 βαρβάρων
627 1458 709 1499 τοῖς
725 1453 926 1499 πλείστοις
949 1453 991 1500 ἐς
1012 1451 1103 1493 τόδε
1131 1453 1205 1493 τοῦ
1228 1452 1371 1506 καιροῦ
1391 1450 1583 1505 ἐπράχθη
1609 1451 1749 1499 ciffi-20

378 1531 408 1554 2.
428 1519 654 1563 ὑποφαίνειν
675 1520 711 1550 R.
785 1520 815 1552 6.
835 1517 889 1551 ἔτι
905 1517 1011 1557 δῆλοι
1029 1520 1065 1550 R.
1137 1521 1168 1554 8.
1187 1518 1282 1561 πέρα
1304 1519 1341 1550 R.
1364 1517 1487 1560 Luget,
1503 1516 1597 1562 ιῖπὲρ
1615 1516 1693 1550 edd.

381 1562 485 1599 ιο.τὸ
507 1566 603 1608 γοῦν
621 1566 670 1604 R„
686 1563 765 1607 τόγ’
786 1559 853 1597 οὖν
874 1563 996 1608 Lugd.,
1013 1562 1101 1607 τόγε
1126 1559 1194 1596 οὖν
1207 1562 1288 1598 edd.
1361 1561 1699 1606 17.ξυγγράφοντες

378 1609 502 1654 ὥσπερ
529 1611 566 1642 R.
673 1611 723 1643 13.
748 1610 832 1653 ἐμοὶ
853 1607 895 1641 δέ
914 1628 959 1634 —-
977 1609 1151 1652 χωρήσει.
1199 1608 1301 1640 Hunc
1323 1607 1443 1639 locum
1466 1612 1502 1639 et
1528 1607 1694 1640 mutilum

380 1662 417 1688 et
441 1660 642 1699 corruptum
669 1665 743 1687 esse
769 1655 931 1686 arbitror.
977 1653 1077 1686 Nihil
1102 1654 1180 1697 opis
1209 1655 1311 1684 affert
1335 1652 1394 1692 R„
1419 1652 1492 1684 imo
1521 1653 1698 1696 corrupti-

379 1712 463 1733 ora:
503 1701 626 1733 ἑκτέον
660 1699 738 1744 (sic)
771 1696 812 1731 εὖ
838 1697 895 1731 ὅτι
917 1709 953 1742 χ,
997 1698 1090 1731 Num
1116 1698 1203 1742 περὶ
1226 1698 1402 1729 πλείστου
1424 1698 1621 1738 ποιητέον,
1657 1692 1699 1729 εὖ

380 1745 498 1778 εἰδότι
519 1744 701 1789 ‹5'n..(?)..
716 1743 904 1789 xoepq'oa?
938 1744 1159 1788 Legebantur
1183 1742 1267 1775 olim
1289 1742 1459 1786 quaedam
1481 1744 1520 1776 in
1543 1742 1699 1788 margine

382 1792 418 1824 R.
444 1791 574 1823 litteris
599 1790 777 1835 quadratis
806 1789 960 1833 scripta,
985 1800 1076 1834 quae
1102 1799 1200 1821 nuno
1224 1798 1320 1821 erasa
1343 1792 1435 1820 sunt.

292 1851 422 1884 habere
439 1852 535 1884 nolle
556 1851 728 1883 existimo.
779 1849 848 1882 Sed
864 1850 977 1882 sicubi
995 1850 1166 1882 factorum
1184 1851 1324 1881 effectus
1341 1847 1483 1880 laudem
1507 1851 1568 1881 aut
1588 1847 1699 1881 ‹lede—

292 1909 352 1930 cus
374 1897 561 1936 conciliat,
587 1897 658 1928 vim
677 1896 790 1928 facere
813 1895 981 1928 historiae
999 1895 1195 1933 nonlicet,
1220 1905 1335 1938 neque
1360 1905 1414 1926 res
1431 1894 1521 1938 ipsas
1551 1894 1702 1936 palliare

292 1943 481 1987 fucareque
511 1946 659 1985 oportet.
709 1941 755 1972 Hi
781 1951 865 1974 vero
895 1940 1080 1973 historiam
1118 1939 1263 1985 quidem
1287 1939 1440 1971 scribere
1464 1950 1502 1971 se
1526 1939 1699 1982 profiten-

291 1992 368 2027 tur,
399 1988 568 2032 titulique
604 1987 790 2030 promissio
823 1986 891 2018 hoc
922 1997 1007 2030 prae
1040 1995 1077 2018 se
1111 1985 1202 2026 fert3
1233 1984 1453 2028 experientia
1484 1989 1600 2017 tamen
1623 1985 1699 2027 ipsa

290 2032 460 2065 historiae
486 2032 762 2076 appellationem
787 2031 946 2064 fucantes
970 2029 1293 2075 deprehenduntur.
1339 2030 1407 2062 Eos
1430 2029 1526 2061 enim
1551 2030 1615 2073 qui
1635 2029 1700 2061 ad—

291 2077 364 2110 huc
397 2078 435 2110 in
463 2078 552 2110 vivis
586 2082 690 2116 sunt,
725 2078 798 2110 sive
833 2087 930 2120 reges
965 2077 1037 2109 sive
1070 2076 1208 2119 alioqui
1229 2076 1321 2108 viros
1345 2074 1521 2114 illustres,
1545 2086 1617 2107 non
1642 2085 1700 2106 so-

292 2123 368 2156 lum
401 2123 731 2155 commemoratione
763 2133 878 2154 rerum
911 2127 1083 2166 gestarum
1118 2121 1287 2160 laudant,
1321 2121 1360 2152 in
1391 2131 1461 2164 quo
1495 2130 1567 2152 non
1593 2120 1699 2152 nimis

293 2173 504 2213 peccarent:
530 2167 592 2201 sed
608 2168 770 2200 omnibus
793 2167 1018 2210 conspicuum
1038 2166 1192 2206 faciunt,
1217 2164 1421 2198 nihil-aliud
1440 2166 1535 2207 ipsos
1560 2175 1700 2209 operam

296 2213 458 2253 dedisse,
490 2225 594 2258 quam
626 2219 667 2245 ut
700 2212 804 2245 laude
839 2211 1142 2256 admirationeque
1166 2222 1254 2256 quos
1276 2211 1400 2243 volunt
1421 2215 1700 2254 prosequantur,

295 2260 390 2292 ultra
407 2269 510 2303 quam
528 2270 591 2302 par
610 2263 681 2300 est;
707 2268 767 2291 eos
787 2267 868 2290 vero
885 2257 954 2302 qui.
967 2258 1037 2289 iam
1062 2267 1080 2289 e
1107 2257 1194 2290 vivis
1218 2261 1461 2295 excesserunt,
1486 2255 1700 2300 qualescun-

298 2315 369 2349 que
404 2304 565 2343 fuerunt,
598 2308 658 2336 aut
686 2304 854 2347 pessimos
884 2307 1012 2335 vocant
1041 2307 1078 2335 et
1102 2313 1216 2334 rerum
1238 2301 1461 2345 publicarum
1484 2305 1702 2341 vastatores3

296 2355 376 2389 aut,
401 2347 513 2393 (quod
541 2348 667 2393 utique
695 2350 811 2381 minus
843 2358 942 2392 grave
966 2346 1032 2391 est)
1047 2347 1108 2379 -ita
1131 2358 1189 2380 eos
1215 2351 1442 2380 contemnunt
1457 2370 1466 2386 ,
1493 2349 1534 2377 ut
1557 2356 1602 2379 ne
1625 2355 1703 2376 me-

297 2394 410 2427 moria
431 2394 575 2438 quidem
588 2394 661 2426 ulla
683 2393 880 2438 dignentur.
927 2393 1043 2438 Atque
1071 2392 1119 2424 ita
1141 2403 1216 2425 sese
1239 2403 1312 2424 rem
1334 2395 1552 2435 praesentem
1570 2389 1705 2434 optime

299 2450 437 2473 curasse
462 2439 680 2478 existimant,
703 2449 911 2484 semperque
933 2437 1194 2482 potentioribus
1216 2442 1431 2470 assentantes
1458 2435 1602 2480 privatis
1629 2435 1703 2467 suis

299 2484 490 2518 commodis
515 2485 752 2526 consuluisse,
775 2495 847 2516 non
867 2484 951 2516 satis
975 2483 1226 2526 intelligentes,
1249 2481 1344 2527 quod
1367 2492 1411 2514 ne
1437 2481 1523 2525 ipsis
1547 2479 1704 2524 quidem,

301 2542 388 2575 quos
410 2529 574 2562 laudibus
591 2530 808 2570 extulerunt,
823 2528 909 2561 haec
932 2529 1015 2561 talia
1041 2527 1227 2560 admodum
1252 2528 1435 2572 placeant3
1458 2523 1708 2570 reputantibus

301 2576 449 2615 scilicet,
460 2576 678 2608 manifestam
695 2575 837 2608 illorum
855 2573 1092 2607 adulationem
1110 2584 1232 2616 parum
1251 2574 1389 2606 firmum
1406 2581 1482 2604 esse
1497 2571 1627 2614 gloriae
1641 2579 1704 2601 ex-

302 2620 767 2665 istimationisqueipsorum
781 2619 1073 2652 stabilimentum.
1122 2618 1414 2662 Sci-ibantitaque
1435 2614 1555 2659 hispro
1578 2625 1640 2648 sua
1659 2614 1706 2646 li·-

304 2665 428 2700 bidine
459 2672 498 2699 et
526 2675 648 2708 mor-35,
667 2663 756 2700 mihi
788 2666 895 2699 fixum
921 2669 974 2698 est
994 2665 1203 2706 veritatem,
1231 2661 1351 2709 quoad
1372 2660 1704 2705 eiuafierilpouit,
