1832 3152
565 134 939 182 HlsTOmARUM
981 139 1048 178 lv.
1078 138 1116 182 8.
1461 131 1527 165 22
1542 126 1561 162 Ι

1586 235 1687 272 Arc,
1701 233 1773 270 555

137 253 230 300 ἄλλ’
252 253 355 298 ἔνθα
387 251 434 294 τὸ
462 252 621 292 δίκαιον
644 247 828 304 ἐνεργὸν,
875 249 947 288 καί
966 249 1040 287 τοῦ
1063 239 1333 299 προσήκοντος
1359 233 1418 289 μὴ
1446 229 1606 318 ‘137139‘1
1635 284 1650 316 Ι
1671 294 1718 328 29

139 322 312 379 φρονοίη
337 315 382 360 τὸ
409 318 654 373 ἐφιέμενον,
682 313 754 356 καὶ
772 311 914 366 μόνοις
932 318 1015 361 τοῖς
1043 308 1275 353 καθεστῶσι
1301 302 1348 345 τὸ
1379 297 1575 376 φρόνημα

139 389 212 442 τῆς
232 385 373 439 ψυχῆς
387 380 672 436 ἆναμετροΐτο.
690 382 728 421 εἰ
740 381 819 433 μὲν
840 373 915 420 οὖν
934 378 1121 420 τοιοῦτον
1139 369 1420 422 οἶπεκτόναμεν
1430 367 1576 420 ανδρα,

135 451 368 508 ’παράνομα
388 447 692 502 τετολμήκαμεν
708 480 720 498 ,
751 444 950 499 ἔνδικοςῆ
978 441 1220 497 κατηγορία,
1248 433 1414 483 εἰκότως
1442 432 1607 509 βιάιοιΒ

112 519 216 560 Sarac·
244 513 437 566 ἀλαζόνες
461 515 533 555 καί
562 509 780 567 μιαιφόνοι
807 509 919 565 παρὰ
949 510 1032 550 τῶν
1066 504 1248 559 Κόλχων
1276 500 1582 553 ὄνομαζομεθα.

139 585 180 625 εἷ
201 584 247 624 δὲ
274 580 430 623 τούτων
453 581 532 633 μὲν
558 577 616 628 ὥς
646 576 906 634 πορρωτάτω
936 581 1019 624 τοῖς
1051 571 1217 629 τρόποις
1241 565 1468 625 ἄπῴκιστο,
1506 563 1582 617 μέ-

137 663 255 704 τριον
277 648 324 689 δὲ
349 645 473 688 οὐδὲν
499 640 551 701 ἦν
578 640 692 701 αὗτῷ
714 641 1060 696 βεβουλευμένον,
1098 633 1189 678 ἀλλ’
1215 630 1242 690 ἢ
1279 631 1377 708 τοὺς
1407 631 1583 706 Πέρσας

138 716 237 756 καθ’
262 712 382 770 ἡμῶν
410 713 626 768 λαθραίως
657 708 844 763 ἐπάγειν,
883 706 956 749 καί
987 702 1302 760 καταπροέσθαι
1335 713 1409 752 την
1435 709 1583 770 χωραν

139 778 336 828 ἐκείνοις·
378 778 464 827 πῶς
492 777 542 818 οὔ
558 777 716 830 μᾶλλον
743 774 870 830 ἐχρῆν
898 770 1066 829 φθάσαι
1093 768 1162 812 τὸν
1181 768 1255 810 τοῦ
1272 763 1410 807 δεινοῦ
1439 774 1582 835 καιρόν

87 846 195 904 10τῷ
225 842 527 901 προτερήματι,
565 837 615 897 ἢ,
643 838 721 896 τὴν
758 838 970 894 βασίλειον
999 833 1150 890 στολὴν
1179 832 1470 905 αἰδεσθέντας,
1498 826 1580 867 ’ὕπο

138 916 223 960 τοῖς
250 910 458 962 πολεμίοις
477 908 700 963 γενέσθαις
738 911 822 954 τοῖς
849 902 927 960 γὰρ
955 900 1142 945 κίνδυνόν
1178 915 1270 942 τινα
1301 899 1581 969 μελετωμενρν

124 974 221 1017 -ὖπό
244 990 317 1017 του
351 970 673 1030 προεγνωκόσιν,
709 969 804 1013 ἐνὸν
837 971 917 1023 μὲν
951 970 1133 1011 ἐκκλῖναι
1164 963 1212 1008 τὸ
1237 959 1475 1020 παραυτίκα
1505 975 1580 1013 την

140 1036 375 1095 ἐπιβουλήν,
403 1038 496 1091 καί,
524 1037 571 1080 τὸ
595 1034 731 1093 παρὸν
750 1031 1007 1090 ἆμωσγέπως
1026 1031 1451 1088 παρακρουσαμένοις,
1480 1040 1581 1101 σχοῖ-

140 1105 332 1162 λαίτερον
363 1105 409 1146 ἐν
442 1101 600 1161 ὑστέρῳ
638 1107 724 1151 τοῖς
760 1101 1064 1158 προσπεσοῦσιν
1103 1095 1372 1153 ἁρμόσασθαι
1387 1127 1401 1146 ,
1446 1095 1616 1144 πολληο

89 1169 304 1226 ῐόὧμότης
331 1171 627 1227 προεπιφέρειν
648 1167 726 1223 την
753 1167 982 1222 τιμωρίαν,
1010 1162 1083 1206 καί
1103 1162 1160 1218 μὴ
1182 1163 1337 1215 μᾶλλον
1365 1159 1586 1215 ἀρκεῖσθαι

137 1239 187 1293 τῇ
209 1237 285 1278 τοῦ
313 1230 673 1288 ἀντεπιβουλεύειν
701 1230 831 1287 τυχὸν
864 1229 1044 1289 ἐξουσίᾳ.
1081 1227 1186 1271 ἔνθα
1223 1228 1296 1279 δὲ,
1325 1226 1408 1267 τῶν
1434 1226 1585 1278 βεβου-

111 1303 351 1355 .λευμε’νων
385 1302 446 1350 εἷς
479 1300 597 1355 ἔργον
625 1299 871 1353 ἀχθέντων,
909 1297 1031 1339 οὐδὲν
1063 1293 1128 1338 ἔτι
1156 1295 1342 1336 λείπεται
1373 1289 1473 1348 πρὸς
1493 1290 1585 1331 ἐπι-

140 1367 338 1422 κουρίαν,
367 1362 458 1407 rim-³
487 1360 618 1421 ἄρδην
651 1365 784 1414 εὐθυς
815 1361 981 1406 ἅπαντα
1018 1361 1202 1415 οἴχεται,
1240 1357 1584 1414 συναφαιρουμέ-

141 1447 224 1473 νων
243 1433 296 1488 τῇ
315 1431 428 1488 κοινῇ
461 1429 644 1488 σωτηρίᾳ
666 1428 739 1471 καὶ
771 1429 909 1471 αὐτῶν
940 1427 1071 1483 δήπου
1100 1428 1183 1468 τῶν
1205 1424 1309 1480 ὑπὲρ
1334 1422 1486 1477 ταύτης
1517 1421 1584 1462 ἒλ-

86 1495 300 1551 ξιοπίδων,
338 1497 526 1539 ἐνταῦθα
560 1493 607 1537 τὺ
634 1493 758 1548 τάχος
790 1493 974 1550 αἱρετέον
1006 1497 1091 1541 τοῖς
1117 1490 1325 1547 ἐμφροσι,
1368 1488 1440 1531 καί
1470 1484 1582 1537 ὅπως

139 1564 272 1618 μηδὲν
299 1561 434 1604 ὁτιοῦν
460 1562 542 1604 τῶν
571 1558 802 1616 ἀνηκέστων
826 1561 1036 1606 πεισονται
1069 1556 1445 1613 παρασκευαστέον.

250 1640 286 1695 ἡ.
314 1639 402 1692 „Ec'
417 1637 555 1680 τοίνυν
571 1636 644 1680 καὶ
661 1637 926 1694 ὃιαῤῥαγεΐεν
945 1636 985 1678 οἱ
1006 1634 1234 1692 κατήγοροι,
1260 1634 1427 1687 μίασμα
1450 1633 1581 1686 βοῶν-

232 1732 266 1765 3.
291 1729 428 1762 τοῦτον
450 1729 486 1760 R.
573 1728 604 1762 5.
630 1727 733 1761 Anne
758 1724 992 1772 α’λιίστορεςῖ
1089 1726 1140 1760 16.
1169 1721 1210 1759 τὸ
1238 1706 1531 1770 βεβουλευμένον
1542 1721 1581 1754 R.

231 1787 286 1810 αι.
311 1778 518 1810 πείσωνται
541 1775 580 1810 R.
676 1780 729 1808 2'2.
761 1772 1013 1820 διαρῤαγοῖεγ
1039 1774 1076 1807 R.

137 1860 558 1919 cogitationesque'suas
593 1871 669 1904 solo
702 1870 856 1905 honesto
892 1871 1051 1904 metitur.
1113 1869 1222 1916 Quod
1247 1871 1277 1904 si
1312 1871 1434 1916 itaque
1470 1868 1580 1903 talem

135 1920 250 1953 virum
274 1919 542 1960 interfecimus,
582 1922 706 1951 contra
727 1918 824 1963 leges
849 1918 1021 1959 fecimus,
1057 1917 1153 1950 iusta
1188 1921 1243 1950 est
1263 1917 1467 1957 accusatio,
1503 1927 1580 1948 me-

135 1965 207 1999 rito
230 1965 396 2006 violenti,
427 1964 572 2010 superbi
597 1969 633 1998 et
656 1965 776 1999 sicarii
805 1976 824 1997 a
849 1963 993 1997 Colchis
1021 1964 1255 2008 appellamur.
1306 1964 1344 1996 Si
1367 1974 1451 1997 vero
1479 1963 1581 1995 illius

138 2022 252 2045 mores
277 2011 322 2045 ab
347 2011 445 2044 hisee
469 2012 666 2045 virtutibus
693 2023 800 2058 quam
824 2010 1031 2056 longissime
1060 2010 1233 2051 aberant,
1274 2010 1369 2044 nihil
1394 2020 1477 2042 vero
1502 2020 1580 2042 mo-

136 2056 298 2092 deratum
321 2059 440 2091 animo
465 2058 644 2103 agitabat,
669 2058 802 2092 sedvel
822 2062 863 2091 ut
882 2059 1001 2091 Persas
1026 2057 1066 2090 in
1085 2068 1150 2090 nos
1172 2058 1262 2090 clam
1283 2057 1478 2091 adduceret
1505 2057 1579 2089 eis-

135 2115 207 2150 que
231 2102 407 2137 ditionem
429 2110 587 2138 nostram
611 2104 801 2149 proderet,
834 2115 896 2137 cur
915 2115 988 2137 non
1017 2104 1139 2149 potius
1165 2104 1326 2148 oportuit
1356 2103 1578 2136 imminentis

135 2150 222 2183 mali
248 2150 468 2184 occasionem
502 2151 571 2185 hoc
600 2151 782 2196 praeclaro
818 2151 976 2184 facinore
1010 2155 1253 2192 antevertere,
1280 2151 1407 2196 vquam
1441 2150 1579 2194 regium

135 2195 300 2230 habitum
321 2196 478 2231 verendo
503 2198 541 2230 in
565 2197 722 2231 hostium
744 2202 961 2243 potestatem
987 2196 1135 2230 venire?
1191 2197 1266 2243 Qui
1300 2197 1398 2231 enim
1432 2197 1578 2242 pericu—

135 2242 210 2276 lum
234 2242 383 2290 aliquod
408 2254 427 2276 a
454 2245 624 2290 quopiam
648 2243 947 2289 praemeditatum
979 2243 1268 2288 praesciverunt,
1303 2255 1455 2290 cumque
1489 2255 1577 2287 pro-

134 2289 232 2322 tinus
256 2294 403 2334 possent
426 2290 576 2324 insidias
596 2290 794 2332 declinare,
819 2296 855 2324 et
874 2301 1040 2336 praesens
1061 2290 1254 2324 discrimen
1273 2296 1468 2337 utcumque
1489 2301 1576 2334 pro-

132 2335 310 2380 pulsando
338 2337 560 2370 cunctantius
586 2348 662 2370 sese
699 2338 736 2371 in
769 2343 952 2383 posterum
987 2336 1154 2370 adversus
1187 2343 1315 2372 eventa
1347 2348 1577 2382 comparare,

134 2392 284 2427 magnae
309 2381 530 2416 crudelitatis
547 2384 666 2417 fuerit
689 2384 802 2417 multo
827 2389 911 2418 ante
935 2384 980 2417 iis
1006 2385 1226 2428 supplicium
1250 2384 1404 2424 inferre,
1440 2388 1478 2417 et
1501 2395 1577 2418 non

132 2430 254 2474 potius
278 2433 464 2461 contentos
489 2439 564 2464 esse
593 2430 774 2472 facultate,
801 2442 908 2476 quam
943 2429 1090 2471 habent,
1118 2430 1267 2465 insidias
1302 2431 1488 2463 contrariis
1517 2431 1577 2463 in-

134 2473 236 2508 sidiis
260 2474 505 2518 propulsandi.
551 2475 621 2509 Ubi
646 2488 728 2510 vero
753 2476 1083 2510 machinationibus
1108 2479 1180 2510 iam
1209 2479 1249 2511 in
1268 2482 1386 2510 actum
1408 2477 1573 2510 deductis

131 2520 230 2554 nihil
255 2521 301 2554 ad
325 2520 522 2554 remedium
548 2523 589 2556 fit
612 2524 766 2570 reliqui,
792 2523 856 2557 sed
873 2524 1017 2556 iamiam
1036 2525 1157 2558 omnia
1178 2535 1322 2568 pessum
1347 2529 1459 2563 eunt,
1485 2523 1574 2556 sub-

131 2566 205 2600 lata
247 2579 319 2600 una
351 2579 431 2601 cum
455 2571 635 2603 communi
665 2569 782 2603 salute
815 2570 914 2603 omni
943 2571 1051 2603 etiam
1075 2572 1152 2604 eius
1178 2582 1259 2615 spe,
1294 2569 1347 2602 ibi
1372 2575 1449 2601 tum
1484 2579 1571 2613 pru—

135 2611 309 2647 dentibus
333 2614 419 2647 viris
448 2614 705 2649 acceleratione
731 2622 785 2649 est
814 2616 1011 2657 utendum,
1051 2621 1087 2650 et
1119 2627 1165 2650 ne
1202 2616 1468 2650 irremediabile
1501 2617 1570 2651 ali-

133 2659 232 2704 quod
257 2660 390 2693 malum
414 2661 603 2705 accipiant,
627 2663 918 2707 praecavendum.

224 2729 257 2760 8-
283 2729 453 2764 „Etiamsi
468 2730 593 2776 itaque
617 2729 883 2776 disrumpantur
907 2736 1139 2772 accusatores,
1162 2731 1344 2775 piaculare
1365 2731 1481 2766 scelus
1505 2742 1568 2767 vo-
