1832 3152
539 149 928 206 'msTomAnmi
970 167 1041 207 111.
1068 167 1135 212 25.
1313 146 1316 147 ⁷
1484 143 1586 218 195

115 302 118 306 ,
144 263 219 308 καὶ
247 259 351 307 ἄλλα
377 265 449 307 ἐπὶ
477 263 652 315 τούτοις·
689 260 855 308 ἅπαντά
877 283 921 309 τε
951 264 1027 309 τὸν
1051 263 1209 319 μεταξὺ
1243 265 1349 322 ἆέρα
1380 262 1583 306 ἔπεκάλυ-
1596 281 1636 316 Α,
1654 278 1692 316 c,
1715 280 1782 316 555

142 347 243 374 πτον
271 332 320 388 τῇ
339 329 556 389 συνεχείᾳ,
594 327 733 389 ὥσπερ
768 328 963 389 α’λλήλοις
988 328 1298 388 ξυμπεφυκὸτα.
1335 327 1500 373 εἴκασεν
1530 325 1720 373 ‹ivs-1³³9

141 413 203 447 τις
236 394 283 439 τὸ
313 398 463 453 χρῆμα
497 399 650 456 νιφετῷ
679 396 867 456 μεγάλῳ,
911 394 939 454 ἢ
968 399 1134 455 χαλάζῃ
1178 399 1310 455 πολλῇ
1351 395 1428 447 ξῦν
1461 395 1586 454 βιαίῳ

139 460 350 515 πνεύματι
385 460 708 522 καταρραγείσῃ.
755 459 878 506 ἄλλοι
914 466 960 507 δὲ
999 464 1074 514 τάς
1104 480 1148 506 τε
1176 461 1372 518 μηχανὰς
1409 462 1587 515 ἐκίνουν,

113 528 213 573 δκαί
240 529 341 583 βέλη
379 527 579 588 πυρφόρα
604 526 845 584 ἦκόντιζον,
885 528 928 580 ἔς
960 546 1006 572 τε
1039 527 1135 579 τούς
1165 530 1447 581 καλουμένους
1480 544 1589 570 σπα-

138 595 294 643 λίωνας
321 593 659 648 ὖπεισδυόμενοι,
688 598 876 638 πελέκεσι
903 593 1010 638 κατὰ
1035 596 1109 637 τοῦ
1128 596 1295 648 τείχους
1321 593 1585 650 ἐπεφέροντο,

138 657 201 708 ὥς
223 656 386 710 ξύλινόν
421 675 466 701 τε
495 655 566 714 ὃν,
605 659 826 719 καὶταύτῃ
858 661 1015 720 ῥᾳδίως
1044 658 1372 712 διατεμνὸμενον.
1410 657 1447 699 οἱ
1474 660 1520 700 δὲ
1544 657 1589 700 τὸ

139 722 322 766 δάπεδον
345 724 577 779 διορύττειν
611 728 856 782 ἐπειρῶντο,
898 726 971 768 καί
995 728 1066 781 τῆς
1097 723 1264 780 πρώτης
1295 724 1459 778 βάσεως
1492 725 1589 780 ἐφι-

140 793 353 845 κνεῖσθαι,
383 787 493 833 οὕτω
522 806 567 834 τε
601 788 847 848 ἀνατρέπειν
883 791 956 834 καί
989 789 1316 846 διασπαράττειν
1347 787 1395 831 τὸ
1430 792 1587 842 ξυμπε-

89 852 264 910 ιοπηγός
279 854 353 897 καί
364 856 684 912 ἐνηρμοσμένον.
713 857 819 898 ἀλλὰ
846 857 927 913 γὰρ
953 858 1025 899 καί
1043 855 1080 898 οἱ
1113 854 1338 909 εΡωμαῖοι,
1362 854 1404 905 ἔς
1425 871 1468 896 τε
1491 853 1588 905 τούς

135 920 317 976 πύργους
345 921 418 962 καί
450 921 527 972 τὰς
558 922 747 972 ἐπάλξεις
787 920 987 976 ἑστῶτες,
1035 919 1228 976 ἀντεῖχον
1259 920 1336 973 ξῦν
1369 917 1588 979 προθυμίᾳ

135 986 208 1027 καί
233 986 518 1040 α’πεμάχοντο,
558 983 696 1043 ὥσπερ
727 990 776 1045 τῇ
797 990 918 1046 πείρᾳ
945 988 1155 1030 δεικνύναι
1183 987 1428 1041 βουλόμενοι
1458 983 1586 1041 τὸμὴ

133 1052 291 1106 χρῆναι
318 1051 463 1102 αὐτοῖς
487 1050 632 1107 ἑτέραν
659 1054 838 1106 δύναμιν
863 1054 1178 1109 προσγενέσθαι.
1208 1050 1236 1108 ἥ
1254 1069 1298 1094 τε
1318 1054 1391 1094 τοῦ
1413 1051 1588 1108 ὴΜαρτί-

135 1131 208 1158 νου
242 1112 378 1172 sinsin]
402 1119 447 1159 ἐν
476 1118 591 1175 αὐτῷ
616 1116 664 1174 δὴ
698 1120 755 1175 τῷ
777 1117 882 1176 ἐργῳ
910 1116 1114 1174 διεφάνη,
1153 1115 1211 1167 ὦς
1232 1117 1438 1174 χρήσιμός
1459 1133 1505 1158 τε
1533 1112 1587 1172 ἦν

88 1182 211 1234 ς5καί
229 1181 487 1237 ἐνεργοτάτη.
516 1180 693 1233 ἅπαντες
723 1181 802 1239 γάρ
817 1184 1002 1239 ἀφειδῶς
1022 1184 1310 1235 διεπονοῦντο,
1342 1183 1492 1224 οὐδένα
1515 1177 1626 1223 ὅν-Ρ.
1641 1188 1712 1225 202

135 1262 232 1289 τινα
257 1244 407 1303 τρόπον
434 1246 689 1305 ἀμυντήριον
710 1250 939 1302 μεθιέντες.
994 1247 1150 1305 δόρατα
1173 1251 1252 1302 μὲν
1279 1247 1359 1304 γὰρ
1386 1246 1517 1290 πολλὰ
1542 1249 1588 1290 ἐκ

134 1313 209 1353 τοῦ
233 1310 444 1368 μετεώρου
478 1313 771 1366 ἆκοντιζόμενα
803 1313 903 1364 τούς
936 1315 1156 1367 πολεμιόυς
1195 1314 1465 1369 ἐτίτρωσκεν,
1517 1311 1587 1355 ἅτε

137 1378 190 1433 δὴ
222 1375 375 1433 πλήθει
397 1379 546 1436 γυμνῷ
562 1379 780 1435 ἐρυμάτων
800 1381 1111 1435 προσπίπτοντα
1125 1415 1137 1432 ,
1166 1380 1240 1422 καί
1262 1380 1360 1421 οὐδὲ
1384 1377 1480 1421 ἐνὸν
1499 1375 1589 1421 ἑτέ-

136 1447 248 1500 ρωθι
274 1444 494 1500 φέρεσθαι·
523 1446 638 1486 λίθοι
664 1447 711 1487 δὲ
734 1445 951 1499 ἅμαξιαϊοι
972 1444 1075 1487 κατὰ
1096 1447 1180 1487 τῶν
1200 1442 1449 1487 σπαλιώνων
1471 1442 1588 1500 ἐρ’ῥί-

85 1529 308 1566 αοπτοντο,
338 1510 391 1554 τὰ
416 1514 632 1568 πλέγματα
652 1511 935 1567 καταγνύντες.
977 1512 1141 1566 μείονές
1167 1528 1210 1553 τε
1238 1506 1358 1552 ἄλλοι
1386 1511 1588 1565 διασφεν-

138 1577 364 1632 δονώμενοι
390 1576 442 1621 τὰ
479 1577 608 1634 κράνη
630 1580 714 1621 ταῖν
729 1575 898 1634 Μήδων
921 1579 995 1620 καί
1013 1576 1089 1627 τὰς
1108 1577 1289 1626 ἀσπίδας
1307 1577 1584 1632 κατέθραυον,

231 1690 282 1713 12.
293 1676 601 1725 οἷπεμάχοντοΒ.,
627 1677 866 1723 ἐπεμιέχοντο
893 1678 987 1723 vulg.
1051 1676 1102 1721 14.
1129 1673 1181 1710 ὢν
1205 1678 1319 1720 R.pro
1336 1671 1392 1718 ἢν.
1459 1675 1511 1711 15.
1538 1674 1584 1707 ἅ-

223 1734 363 1762 παντες
379 1727 416 1758 R.
443 1730 480 1759 et
498 1724 611 1769 Intpr.
638 1737 759 1759 omnes
785 1724 1061 1764 indesinenter,
1093 1722 1318 1766 ἁπανταχοῦ
1338 1722 1431 1767 vulg.
1530 1724 1582 1756 16.

225 1771 349 1805 πάλαι
384 1773 422 1806 R.
480 1782 535 1806 20.
574 1769 1022 1818 διασφενδονώμενοιΒ.,
1053 1768 1454 1816 διασφενδονούμενοι
1486 1769 1580 1813 vulg.

135 1872 244 1914 atque
265 1867 358 1900 aliae
387 1879 494 1914 super
514 1869 622 1910 alias,
649 1871 691 1901 ut
709 1867 918 1900 universum
948 1864 1206 1898 intermedium
1233 1868 1352 1897 aerem
1374 1876 1437 1897 sua
1458 1863 1582 1897 densi-

134 1919 210 1948 tate
234 1912 448 1960 obtegerent
465 1916 579 1949 veluti
596 1917 693 1948 inter
716 1925 754 1947 se
787 1917 1066 1957 coagmentatae.
1117 1912 1367 1955 comparasset
1401 1912 1582 1957 quispiam

135 1962 210 1994 r'em
234 1962 404 2007 ninguori
430 1961 570 2007 ingenti
586 1966 649 1995 aut
669 1960 834 2006 grandini
853 1959 1063 1992 vehementi
1082 1969 1162 1991 cum
1184 1958 1449 1991 violentissimo
1474 1963 1580 1990 vento

136 2008 274 2040 ruenti:
316 2009 381 2041 alii
408 2019 492 2042 vero
521 2008 703 2041 machinas
740 2006 1008 2046 admovebant,
1047 2010 1084 2038 et
1116 2005 1191 2039 tela
1223 2004 1339 2049 ignita
1376 2004 1578 2037 iaciebant:

137 2053 202 2086 alii
230 2054 430 2088 testudines
455 2053 664 2101 (machinas
689 2056 741 2087 ita
761 2053 903 2094 dictas)
941 2051 1159 2092 subeuntes,
1193 2062 1335 2084 secures
1369 2062 1471 2084 muro
1508 2050 1583 2082 im-

134 2099 355 2145 pingebant,
377 2102 513 2148 quippe
536 2102 599 2147 qui
626 2102 766 2146 ligneus
789 2105 884 2140 erat,
908 2099 1066 2144 ideoque
1095 2099 1203 2132 facile
1230 2095 1385 2130 discindi
1419 2102 1580 2142 poterat:

137 2146 201 2178 alii
225 2147 471 2192 pavimentum
497 2149 566 2182 soli
594 2147 771 2181 suffodere
796 2145 1033 2184 conabantur,
1057 2150 1094 2178 et
1119 2144 1164 2177 ad
1182 2145 1335 2188 primam
1358 2143 1476 2176 basim
1495 2155 1581 2188 per-

135 2193 273 2234 venire,
299 2198 408 2240 atque
434 2194 488 2227 ita
513 2194 612 2241 quod
637 2198 863 2239 compactum
891 2198 929 2226 et
954 2196 1239 2235 coagmentatum
1270 2195 1347 2223 erat
1378 2190 1581 2223 convellere

136 2244 247 2284 atque
273 2239 490 2274 subvertere.
539 2241 692 2275 Romani
717 2245 842 2273 contra
865 2240 904 2271 in
927 2238 1051 2284 pinnis
1076 2243 1114 2271 et
1145 2237 1425 2283 propugnaculis
1459 2247 1583 2270 muro-

136 2296 218 2318 rum
249 2288 396 2328 stantes,
419 2287 548 2320 acriter
572 2289 805 2332 animoseque
830 2284 1038 2319 resistentes
1053 2284 1286 2330 pugnabant,
1311 2284 1426 2317 veluti
1444 2294 1482 2316 re
1507 2283 1585 2327 ipsa

136 2331 327 2365 ostendere
349 2332 523 2374 volentes,
547 2337 886 2380 nequaquam'opus
912 2343 1001 2374 esse,
1027 2337 1068 2365 ut
1091 2332 1179 2376 ipsis
1204 2341 1320 2363 novae
1347 2331 1472 2375 copiae
1494 2330 1582 2362 sub-

137 2377 232 2411 sidio
258 2379 433 2412 venirent.
482 2379 659 2425 Apparuit
684 2390 768 2413 vero
786 2378 978 2412 manifeste
1013 2379 1052 2411 in
1080 2379 1160 2423 ipso
1195 2387 1317 2422 opere,
1349 2387 1457 2422 quam
1482 2377 1583 2409 utilis

138 2423 332 2470 efficaxque
356 2425 506 2459 Martini
543 2427 646 2460 dolus
682 2426 820 2459 fuisset.
881 2425 989 2458 Omni
1024 2425 1121 2457 enim
1148 2435 1192 2457 ex
1223 2428 1327 2468 parte
1362 2423 1585 2456 incessanter

136 2470 421 2512 adlaborabant,
445 2470 610 2518 nihilque
634 2473 756 2518 plane,
781 2470 880 2518 quod
908 2470 954 2504 ad
978 2469 1260 2515 propulsandum
1286 2468 1435 2506 hostem
1469 2469 1584 2512 perti-

137 2523 254 2559 neret,
279 2518 508 2555 omittebant.
544 2518 634 2552 Nam
656 2525 692 2552 et
714 2519 837 2552 hastae
864 2519 999 2551 multae
1019 2517 1164 2562 telaque
1186 2527 1205 2549 e
1227 2515 1376 2549 sublimi
1401 2516 1491 2548 iacta
1512 2514 1582 2547 ho-

136 2569 208 2598 stes
235 2564 493 2604 vulnerabant,
526 2571 653 2609 utpote
689 2567 728 2598 in
749 2564 883 2598 nudam
922 2564 1107 2609 nullisque
1138 2562 1416 2608 propugnaculis
1451 2566 1583 2594 tectam

135 2610 408 2652 multitudinem
431 2610 652 2652 incidentia,
684 2622 850 2657 quaeque
878 2611 1051 2643 aliorsum
1080 2610 1167 2643 ferri
1188 2621 1262 2641 non
1279 2612 1467 2652 poterant3
1499 2618 1582 2639 saxa

136 2657 246 2690 etiam
266 2657 479 2702 plaustr-alia
497 2658 535 2690 in
554 2657 755 2691 testudines
774 2657 1019 2697 iaciebantur,
1046 2667 1189 2689 omnem
1211 2656 1356 2687 illarum
1374 2658 1582 2686 contextum

136 2704 427 2749 perrumpentia3
454 2705 542 2750 quin
561 2709 598 2737 et
618 2705 775 2736 minores
803 2703 944 2747 lapides
966 2702 1088 2736 fundis
1113 2701 1221 2735 eiecti
1251 2700 1367 2745 galeas
1393 2699 1582 2732 Medorum

137 2753 308 2796 scutaque
325 2749 614 2796 perfringebant,
637 2755 675 2784 et
694 2748 740 2783 ad
760 2760 902 2784 murum
921 2760 1028 2796 quam
1048 2749 1212 2794 proxime
1232 2745 1404 2781 accedere
1426 2757 1501 2781 non
1530 2746 1581 2779 si-
