1832 3152
558 166 935 211 iils'romARUM
963 173 1036 213 111.
1058 171 1127 216 26.
1324 138 1326 140 V
1482 146 1584 227 ι97

139 269 436 336 ἐμβοησαντες,
463 280 719 334 ἐμβάλλουσι
738 281 798 337 τῷ
811 282 931 336 μέρει
956 282 1014 339 τῷ
1030 279 1133 337 πρὸς
1157 281 1213 338 τῇ
1229 281 1416 339 θαλάττῃ
1445 298 1580 339 παρα-
1595 282 1635 317 Α.
1651 282 1689 317 C.
1716 285 1784 320 555

138 347 358 404 πταμένῳ·
399 346 568 387 ἐνθένδε
591 343 669 401 γὰρ
701 347 776 387 καί
797 347 1027 400 ἐτύγχανον
1053 346 1290 403 ἀφιγμένοι.
1327 349 1401 390 καί
1434 348 1582 390 αὐτίκα
1596 331 1622 364 I·
1647 330 1672 365 Ῑ·
1700 344 1748 379 ²9

138 410 178 455 οἶ
207 413 287 466 μὲν
309 416 492 463 κοντοῖς,
533 411 572 452 οἱ
603 412 649 453 δὲ
678 411 924 468 σαρίσσαις,
964 412 1002 453 οἱ
1034 413 1080 454 δὲ
1110 410 1183 454 καί
1206 413 1346 469 ξίφεσι
1377 415 1627 468 neumago

135 477 182 523 τὸ
200 479 487 534 παρεμπίπτον
519 478 772 533 διέφθειρον·
807 480 1046 535 βιαιοτέρας
1081 494 1126 520 τε
1157 476 1235 528 τὰς
1260 477 1477 530 ἐπελάσεις
1504 478 1587 523 dmi

110 541 210 594 ὅτάς
235 541 382 598 στίχας
409 543 492 585 τῶν
527 544 726 586 ἐναντίων
749 541 1011 598 ποιούμενοι,
1050 545 1123 586 καί
1150 549 1243 593 ταῖς
1277 543 1451 587 α’σπίσιν
1484 546 1587 596 ἐξω-

135 610 333 663 θοῦντες,
370 603 719 665 παρερῥὴγνυσαν
746 608 793 650 τὸ
826 610 996 664 ξυνεχὲς
1017 607 1091 651 καί
1107 611 1448 663 συντεταγμένον.

246 690 318 723 κς.
380 673 431 716 Οἱ
455 675 501 715 δὲ
530 675 700 730 Πέρσαι
721 676 866 716 τοῦτον
883 676 1038 717 ἐκεῖνον
1062 670 1169 716 εἶναι
1186 672 1260 717 τὸν
1281 675 1460 731 στρατὸν
1481 675 1586 717 ὕπο-

134 738 387 796 τοπήσαντες
414 736 460 782 ὃν
491 737 541 794 δὴ
563 741 826 795 παρέσεσθαι
861 736 1101 796 ἠκηκόεσαν,
1129 741 1201 782 καί
1222 735 1285 782 ὅτι
1315 738 1585 791 διαλαθόντες

135 803 233 856 τοὺς
267 806 312 856 ἐς
344 806 465 848 τοῦτο
489 801 837 861 ἀποκεκριμένους
868 806 1090 862 ἀφίκοντο,
1138 804 1327 861 θορύβου
1358 803 1433 847 καὶ
1461 807 1584 855 δέους

85 863 464 924 ιοένεπίμπλαντο,
503 870 577 912 καί
603 869 738 926 χύδην
768 872 812 919 ἐς
842 868 1019 922 ἑαυτούς
1041 867 1376 924 ἆνελιττόμενοι,
1411 869 1580 924 οἷπεχώ-

133 951 239 993 ρουν
265 937 403 992 ἠρέμα
425 937 469 987 ἐς
489 935 540 978 τὰ
566 935 695 979 ὃπίσω
708 970 720 989 ,
761 938 835 978 καί
863 937 906 986 ἐς
939 935 1164 992 ὑπαγωγὴν
1186 938 1410 979 ἐκινοῦντο.
1446 937 1580 979 ταῦτα

132 1004 180 1056 δὲ
202 998 420 1060 πόρρωθεν
440 1001 479 1044 οἱ
505 1005 747 1056 Διλιμνῖται
777 1001 1031 1056 θεασάμενοι
1041 1037 1055 1056 ,
1086 999 1222 1060 (ἀμφὶ
1249 1000 1328 1058 γᾶρ
1358 1001 1405 1044 τὸ
1427 1003 1579 1055 μεσαί-

129 1084 252 1111 τατον
277 1069 356 1110 τοῦ
380 1069 544 1123 τείχους
569 1066 805 1126 ἐμάχοντο,)
830 1064 989 1122 ὀλίγους
1012 1069 1093 1121 μὲν
1114 1065 1246 1110 αὐτοῦ
1266 1070 1510 1120 κατέλιπον,
1539 1067 1579 1109 οῖ

95 1186 98 1188 v
131 1135 179 1177 δὲ
198 1129 318 1176 ἄλλοι
345 1132 535 1190 ἐχώρουν
556 1131 628 1176 ἐπὶ
645 1131 690 1176 τὸ
713 1131 980 1187 πονούμενον.
1024 1128 1226 1187 ’Ἁγγιλας
1256 1135 1303 1175 δὲ
1323 1135 1396 1175 καί
1409 1131 1575 1176 Θεόδω-
1590 1147 1624 1181 Ρ.
1639 1145 1708 1185 103

83 1188 228 1257 13903,
266 1197 304 1241 οἱ
331 1199 412 1242 τῶν
445 1196 675 1253 εΡωμαίων
699 1199 942 1255 ταξίαρχοι,
982 1191 1042 1241 ὧν
1071 1197 1123 1253 δη
1157 1197 1230 1240 καί
1258 1197 1461 1255 πρότερον
1485 1200 1582 1240 ἐπε-

133 1266 337 1322 μνήσθην,
363 1264 695 1321 ἐπιφρασάμενοι
717 1263 793 1320 την
810 1261 1021 1320 ὀλιγότητα
1037 1265 1120 1306 τῶν
1135 1261 1436 1320 μεμενηκότων,
1466 1265 1585 1315 ἐπεξ-

131 1330 247 1373 ίασιν
281 1328 440 1386 ἀθρόον
467 1331 542 1372 τοῦ
567 1325 714 1380 ἄστεος
744 1329 819 1382 ξύν
844 1329 1076 1387 ἀποχρώσῃ
1109 1329 1300 1384 δυνάμει·
1337 1331 1410 1372 καί
1435 1328 1481 1372 τὸ
1501 1331 1582 1383 μέν

130 1411 171 1438 τι
196 1396 340 1438 αὕτῶν
368 1397 692 1451 διαφθείρουσιν
709 1430 721 1448 ,
751 1395 855 1438 ἔνιοι
878 1396 925 1437 δὲ
952 1394 1260 1451 ἅποδράσαντες
1287 1389 1459 1453 ᾤχοντο·
1487 1394 1583 1437 τού-

132 1477 231 1510 τους
253 1476 301 1502 τε,
323 1460 361 1502 οἱ
395 1460 596 1514 Ῥωμαῖοι
621 1460 835 1509 διώκοντες
863 1460 937 1501 οὐκ
964 1460 1150 1502 ιῖνίεσαν.
1203 1459 1240 1502 οὶ
1270 1462 1316 1502 δὲ
1359 1455 1478 1502 ἄλλοι
1504 1462 1583 1502 Ac-

81 1529 316 1580 αολιμνΐται
339 1527 474 1568 ταῦτα
503 1525 685 1579 ἰδόντες,
716 1527 831 1582 οἵπερ
855 1520 985 1582 ᾔεσαν
1010 1526 1066 1575 ὦς
1095 1524 1145 1580 δι’]
1171 1531 1257 1574 τοῖς
1276 1528 1472 1581 Πέρσαις
1491 1541 1583 1567 πιε-

132 1594 319 1646 ζομένοις
335 1593 656 1646 ἐπαμυνοῦντες,
681 1593 1008 1648 ἐπιστρέφουσιν
1031 1591 1185 1633 αὐτίκα
1219 1591 1296 1634 ἐπὶ
1330 1589 1580 1647 θάτερα,;ὗ-

228 1687 259 1712 ι.
281 1675 571 1721 παρεκτεταμένῳ
587 1676 624 1708 R.
647 1686 734 1707 corr.
755 1686 821 1718 pro
839 1672 1272 1720 vulgawpatezaypoemy,
1295 1673 1466 1721 idemque
1485 1676 1579 1708 coni.

222 1722 260 1755 Β.
287 1721 389 1756 Vulc.
529 1734 560 1756 2.
582 1720 735 1755 ἐνθένδε
761 1720 802 1755 δὲ
825 1721 862 1754 R.
1009 1722 1040 1764 4.
1066 1720 1261 1758 ἐπελάσεις
1285 1722 1346 1762 R„
1371 1721 1584 1758 ἐπελεύσεις

172 1818 174 1820 ‚
224 1768 320 1814 vulg.
439 1780 490 1803 ιο.
515 1767 553 1805 ἐς
575 1761 716 1804 αὐτοὺς
739 1769 779 1801 R.
885 1778 938 1804 ιι.
965 1764 1183 1813 ἀπαγωγὴν
1208 1769 1248 1804 R.
1274 1769 1314 1801 in
1339 1779 1407 1814 mg.
1525 1780 1579 1802 αι.

222 1816 318 1861 μέρη
342 1820 425 1861 post
447 1814 592 1862 θάτερα
617 1813 701 1852 add.
727 1815 766 1847 R.

131 1884 185 1912 tes
212 1882 296 1912 sunt
313 1879 529 1924 conspicati,
554 1884 630 1912 tum
654 1878 783 1924 utique
808 1877 1001 1911 confertim
1028 1877 1182 1910 clamore
1203 1877 1302 1910 edito
1328 1877 1367 1909 in
1395 1888 1473 1910 eam
1495 1889 1577 1922 par-

131 1931 206 1959 tem
225 1925 387 1965 irruunt,
415 1938 506 1972 quae
531 1927 631 1959 iuxta
648 1936 744 1958 mare
762 1926 937 1958 instructa
961 1923 1038 1957 acie
1052 1923 1181 1958 stabat.
1219 1925 1272 1957 Ex
1292 1935 1335 1956 ea
1358 1924 1457 1957 enim
1473 1925 1582 1956 etiam

133 1971 202 2017 ipsi
225 1976 328 2016 parte
348 1978 524 2006 venerant
537 1985 546 2015 ς
559 1973 754 2018 statimque
768 1972 831 2004 alii
850 1970 998 2017 quidem
1014 1971 1148 2011 contis,
1173 1970 1237 2003 alii
1253 1970 1404 2011 sarissis,
1424 1970 1488 2003 alii
1513 1982 1580 2003 en.-

134 2017 235 2051 sibus
262 2018 449 2060 ferientes,
483 2018 659 2065 quicquid
682 2018 830 2051 obvium
857 2022 936 2050 erat
960 2017 1181 2061 sternebant3
1197 2017 1487 2063 violentioreque
1513 2017 1582 2049 im-

135 2069 223 2109 petn
249 2063 288 2097 in
313 2064 442 2099 densos
466 2064 628 2099 hostium
653 2064 798 2098 ordines
822 2064 918 2097 facto
933 2089 943 2105 ,
974 2064 1157 2109 scutisque
1188 2062 1441 2107 protrudentes
1456 2088 1467 2105 ,
1491 2074 1579 2097 cou-

135 2110 319 2144 densatam
339 2111 611 2158 confertamque
636 2122 760 2145 eorum
786 2111 899 2144 aciem
923 2111 1188 2155 perfregerunt.

228 2157 285 2194 26.
333 2157 462 2192 Persae
490 2170 573 2191 vero
592 2158 689 2192 hunc
706 2157 810 2190 illum
834 2158 1031 2191 exercitum
1057 2168 1134 2190 esse
1158 2157 1240 2197 rati,
1267 2168 1379 2201 quem
1390 2156 1582 2190 adventare

137 2203 413 2245 intellexerant,
438 2204 610 2251 quodque
637 2205 726 2238 clam
751 2210 789 2238 et
812 2204 936 2236 insciis
961 2204 1019 2243 iis,
1045 2204 1108 2249 qui
1129 2203 1284 2236 seiuncti
1309 2215 1330 2236 a
1355 2204 1497 2249 reliquo
1518 2215 1583 2236 ex-

139 2249 250 2282 ercitu
278 2249 317 2282 in
345 2250 441 2292 ipsos
466 2251 565 2284 missi
589 2257 704 2291 erant,
727 2251 799 2283 iam
823 2249 1075 2290 advenissent,
1109 2249 1383 2293 perturbatione
1409 2261 1451 2283 ac
1482 2254 1582 2283 metu

137 2295 252 2340 pleni,
279 2300 318 2328 et
338 2297 553 2331 confusance
580 2298 619 2331 in
643 2309 680 2331 sc
703 2297 800 2342 ipsos
824 2297 997 2337 revoluti,
1020 2297 1151 2330 sensim
1177 2301 1479 2336 retrocesserunt,
1515 2307 1581 2341 pe-

138 2342 294 2387 demque
319 2343 530 2381 retukrunt,
563 2344 673 2389 Quod
704 2355 784 2376 cum
818 2343 1033 2377 Dilimnitae
1067 2344 1209 2376 eminus
1234 2348 1446 2383 cernerent,
1484 2342 1586 2382 (sub-

139 2388 295 2421 mediam
321 2389 418 2421 enim
442 2390 535 2422 muri
556 2396 690 2435 partem
719 2390 962 2435 pugnabant,)
987 2401 1119 2434 paucos
1139 2388 1286 2434 quidem
1327 2389 1380 2422 ibi
1418 2389 1580 2434 relique-

139 2440 244 2473 runt,
281 2435 392 2467 ceteri
412 2435 458 2468 ad
477 2447 554 2469 eam
578 2443 729 2481 partem,
755 2448 848 2481 quae
871 2438 1026 2470 maxime
1040 2435 1250 2476 laborabat,
1273 2447 1311 2468 se
1338 2436 1582 2472 contulerunt.

137 2481 284 2525 Augilas
317 2491 402 2514 vero
433 2487 469 2515 et
498 2481 726 2524 Theodorus,
750 2484 989 2516 Romanorum
1007 2482 1138 2523 duces,
1174 2493 1326 2527 quorum
1356 2483 1467 2515 etiam
1496 2486 1580 2514 ante

140 2527 312 2566 memini,
338 2527 579 2562 animadversa
605 2530 788 2573 paucitate
812 2540 948 2569 eorum,
975 2529 1039 2574 qui
1054 2534 1269 2569 manserant,
1294 2528 1483 2561 confestim
1498 2539 1580 2560 cum

141 2573 227 2606 satis
253 2573 372 2607 valido
397 2575 536 2619 agmine
559 2577 785 2620 eruptionem
811 2587 854 2608 cx
874 2575 1009 2619 oppido
1035 2576 1197 2616 faciunt,
1222 2580 1259 2607 et
1278 2575 1471 2607 nonnullos
1496 2574 1580 2618 qui-

142 2617 224 2652 dem
252 2631 376 2653 eorum
408 2621 646 2662 obtruncant,
682 2622 852 2655 nonnulli
887 2633 972 2655 vero
999 2623 1038 2654 in
1064 2622 1182 2666 fugam
1203 2633 1240 2654 se
1264 2619 1463 2662 dederunt;
1489 2631 1579 2664 quos

141 2666 237 2709 ipsos
263 2668 412 2700 Romani
432 2667 601 2712 persequi
625 2679 698 2700 non
723 2667 950 2704 destiterunt.
998 2668 1212 2700 Dilimnitac
1235 2672 1355 2699 autem
1387 2666 1477 2699 haec
1493 2677 1581 2699 con-

142 2711 283 2753 spicati,
308 2714 372 2758 qui
395 2713 508 2747 Persis
531 2713 778 2746 laborantibus
790 2715 998 2747 auxiliaturi
1024 2714 1179 2752 iverant,
1211 2724 1331 2746 rursus
1363 2712 1403 2746 in
1433 2718 1579 2746 contra-

144 2756 236 2791 rium
258 2764 466 2801 vertuntur,
493 2761 658 2795 Romanis
684 2759 823 2794 obviam
850 2761 903 2795 irc
926 2760 1107 2800 volentes,
1143 2759 1272 2793 melius
1307 2759 1575 2805 consultiusque
