1832 3152
340 127 441 191 184
925 142 1198 185 AGATHIAE

150 249 190 283 A.
215 248 250 281 C.
275 240 522 294 555γόμειόι,
550 237 835 295 ἀπεχώρησαν.
863 240 936 282 δύο
961 244 1006 283 δὲ
1031 238 1139 295 ὅμως
1167 244 1266 291 ναῦς
1290 242 1407 291 κενὰς
1434 243 1514 283 τῶν
1544 242 1735 294 ἐμπλεόν-

204 294 270 330 1’Ῑ·
287 306 413 344 29των
435 301 544 346 εἷλον
571 303 608 344 οἱ
632 306 810 359 Πέρσαι.
839 305 876 346 οἱ
901 303 977 360 γάρ
1009 305 1058 360 δή
1086 302 1232 361 ἄνδρες
1259 306 1618 359 ξυλλαμβάνεσθαι
1634 306 1734 357 μέλ-

293 372 466 415 Βλοντες
481 401 493 420 ,
517 373 601 416 τοῖς
630 364 758 409 ὕδασι
781 371 1039 424 παραδοῦναι
1063 372 1174 424 σφᾶς
1191 368 1342 418 αὐτοὺς
1365 367 1640 422 εὖτολμότατα
1660 385 1734 410 κα-

326 431 600 486 τεθάῤῥησαν,
629 431 721 473 ἀντὶ
731 434 805 472 τοῦ
821 434 1016 485 μείζονος,
1045 430 1160 485 οἶμαι
1174 466 1187 485 ,
1214 433 1287 474 καί
1307 429 1516 488 προῦπτου
1541 432 1732 474 κινδύνου

325 493 373 535 τὸ
396 493 561 536 ἔλαττον
581 493 715 537 δεινὸν
738 496 868 550 δήπου
900 494 1105 548 ἑλόμενοι,
1150 498 1224 538 καί
1245 499 1443 550 μετέσχον
1473 499 1628 550 μᾶλλον
1652 497 1759 538 τῶν5

325 560 370 599 ἐκ
397 561 469 614 τῆς
500 559 629 614 τύχης
665 559 840 615 ἀδήλων.
869 559 1077 616 τοιγάρτοι
1103 560 1316 616 οἷφήλαντό
1336 577 1380 601 τε
1402 558 1634 616 κουφότατα
1665 559 1737 602 καὶ

323 620 571 679 ὑποβρύχιοι
594 626 850 666 ἐπιπλεῖστον
873 625 1188 679 διανηξάμενοι,
1223 623 1344 677 μόλις
1366 623 1424 672 αἷς
1445 623 1542 673 τούς
1563 625 1734 672 οἰκείους

212 690 252 725 V·
265 693 310 735 69
324 684 668 744 ἆπεκομισθησαν.
697 688 787 730 τότε
811 687 861 743 δή
880 685 954 730 οὖν
975 687 1014 730 οἱ
1039 689 1250 741 Ῥωμαῖοι
1260 687 1420 742 Βούζην
1435 689 1511 740 μὲν
1524 687 1596 730 τὸν
1608 703 1734 742 στρα-

323 751 447 807 τηγὸν
469 750 550 794 οἷνά
568 752 641 807 τήν
666 754 808 807 Νῆσον
827 755 1058 805 κατέλιπον,
1085 750 1173 805 ἅμα
1210 754 1268 809 τῷ
1296 754 1427 809 οἰκείῳ
1453 749 1734 808 στρατεύματι

325 816 666 872 έπιμελησόμενόν
689 833 733 860 τε
753 819 835 860 τῶν
861 819 956 873 τῇδε
981 817 1187 868 ἁπάντων,
1215 818 1287 858 καί
1303 815 1552 870 ἀλεξήσοντα
1576 816 1620 863 ἐς
1638 811 1674 867 ὅ,
1691 829 1784 856 τιιο

326 879 478 935 δεήσοι·
505 880 543 922 οἱ
570 884 616 923 δὲ
640 878 757 924 ἄλλοι
794 880 972 931 ἅπαντες
1008 880 1114 922 κατά
1143 879 1190 923 τὸ
1221 880 1431 936 ἒγκάρσιον
1459 878 1532 922 τὸν
1553 876 1735 931 ποταμὸν

323 947 646 1000 περαιωθέντες,
689 945 762 988 καί
785 945 853 987 διὰ
882 947 952 999 τῆς
978 947 1133 1000 χέρσου
1163 942 1309 1000 ἑτέραν
1331 942 1422 985 τινὰ
1450 940 1542 986 ὁδὸν
1565 941 1735 997 πορευό-

320 1024 460 1062 μενοι,
489 1010 545 1057 ιὸς
563 1008 622 1065 μή
651 1013 737 1052 κατ’
771 1009 878 1051 αὐτοὶ
902 1016 987 1059 τοῖς
1015 1012 1222 1062 πολεμιόις
1248 1011 1464 1064 χωρῆσαι,
1489 1008 1735 1063 παραγίνον-

287 1079 391 1113 Crat,
422 1075 465 1122 ἐς
492 1074 620 1115 ἐκεῖνο
661 1073 779 1131 δὴιτὸ
808 1075 882 1115 τοῦ
906 1074 1090 1123 Φάσιδος
1122 1072 1340 1126 ἐπώνυμον
1365 1067 1496 1124 ἄστυ,
1531 1063 1618 1112 καῖ
1636 1069 1733 1111 εἴσω
1818 1125 1820 1128 ι

320 1137 403 1178 τῶν
427 1139 567 1179 πυλῶν
590 1137 886 1192 παρελθόντες,
921 1136 1161 1179 διεδάσαντο
1203 1135 1419 1191 στοιχηδὸν
1449 1134 1487 1179 οἱ
1510 1131 1785 1190 στρατηγοίιὸ

319 1198 393 1254 τήν
423 1200 614 1255 φρουράν
637 1203 712 1242 τοῦ
736 1200 966 1256 περιβόλου.
995 1202 1043 1242 οὗ
1062 1200 1140 1256 γάρ
1168 1195 1290 1258 ᾤοντο
1312 1197 1530 1253 ἀξιόμαχοι
1550 1198 1732 1250 ἔσεσθαι,

319 1263 363 1306 εἴ
371 1281 416 1318 γε
432 1264 640 1320 συστάδην
660 1267 985 1320 παρατάξασθαι
998 1269 1245 1320 πειραθεῖεν.
1263 1267 1420 1318 πρῶτος
1433 1266 1510 1316 μὲν
1529 1257 1600 1304 οὖν
1619 1259 1734 1304 Ἴου-

317 1334 450 1378 στῖνος
489 1327 510 1370 ὅ
551 1331 591 1370 Γ
587 1333 769 1383 ερμανοῦ
806 1329 878 1370 καί
916 1328 937 1370 ὃ
968 1326 1074 1384 ἄμφ’
1109 1327 1232 1370 αὐτὸν
1270 1325 1412 1380 ὅμιλος
1447 1328 1492 1368 ἐν
1519 1329 1577 1381 τῷ
1613 1322 1734 1380 ἄκρο-

317 1391 425 1447 τάτῳ
465 1394 582 1446 μέρει
611 1394 667 1448 τῷ
701 1391 800 1447 πρὸς
830 1393 1046 1434 θάλατταν
1071 1392 1226 1434 νεύοντι
1252 1390 1485 1444 ἐτετάχατο·
1523 1387 1662 1445 βραχῦ
1689 1389 1735 1431 δέ

316 1471 359 1496 τι
391 1452 590 1509 ἇπωτέρω
613 1459 826 1510 Μαρτῖνος
853 1455 1028 1510 εἱστήκει
1061 1456 1082 1497 ὅ
1110 1454 1334 1510 στρατηγὸς
1371 1456 1442 1496 καί
1483 1452 1527 1495 αἱ
1561 1451 1785 1508 Magrus-20

317 1534 390 1559 νου
427 1517 635 1571 δυνάμεις·
669 1517 782 1575 ἀμφὶ
811 1522 858 1561 δὲ
893 1518 939 1562 τὸ
970 1519 1215 1573 μεσαίτατον
1257 1514 1456 1573 ’Ἁγγιλας
1510 1518 1587 1570 μὲν
1624 1516 1732 1570 ἔχων

318 1583 623 1637 ,Μαυρουσίους
643 1582 870 1633 πελταστὰς
891 1583 963 1625 καί
981 1581 1270 1639 λογχοφόρους,
1303 1580 1517 1636 Θεόδωρος
1538 1581 1583 1621 δὲ
1602 1580 1732 1630 Ὶζάν-

409 1651 439 1683 3.
466 1649 722 1694 εὔτολμώτατα
745 1651 781 1682 R.
875 1651 907 1683 6.
932 1649 1142 1693 οἷφήλλαντο
1167 1651 1205 1682 R.
1298 1650 1329 1684 8.
1361 1643 1430 1680 οὖν
1453 1658 1520 1679 om.
1545 1647 1582 1678 R.
1677 1657 1731 1682 ιι.

405 1693 543 1730 πάντες
567 1696 604 1726 Β.
657 1707 705 1739 ¹7·
732 1693 1020 1740 παρατάξασθαι
1053 1697 1112 1735 Β.,
1136 1692 1417 1738 παρατάξεσθαι
1441 1693 1532 1737 vulg.
1585 1703 1637 1736 19.
1658 1689 1732 1723 θά-

406 1739 551 1820 ἐιέἶςσαέ
573 1740 619 1773 R.‘
734 1751 787 1775 22.
814 1742 1065 1788 Μαυρουσίως
1089 1739 1173 1785 Sph.
1197 1741 1271 1777 Par.
1321 1737 1487 1790 Τζοίνοῑις
1508 1736 1614 1782 vulg„
1642 1736 1732 1775 Τζα-

317 1855 418 1890 cata,
443 1851 591 1895 puppim
613 1850 769 1892 reflexit,
806 1851 998 1897 validoque
1021 1854 1212 1885 retrorsum
1242 1851 1390 1896 remigio
1413 1854 1517 1883 utens
1541 1852 1579 1882 et
1609 1858 1733 1892 magna

315 1896 350 1929 vi
375 1907 414 1929 ac
448 1895 660 1930 difficultate
693 1902 814 1930 contra
839 1897 1023 1930 adversum
1047 1896 1163 1940 rapidi
1196 1896 1351 1929 fluminis
1383 1897 1555 1940 impetum
1587 1893 1725 1931 nitens,

317 1952 393 1974 sese
418 1943 572 1986 recepit3
607 1941 692 1975 duas
719 1942 954 1975 nihilominus
977 1953 1083 1975 naves
1106 1942 1307 1975 vectoribus
1330 1952 1455 1974 vacuas
1479 1941 1602 1973 Persae
1625 1949 1731 1981 cepe-

317 1992 420 2029 runt3
447 1988 515 2021 viri
536 1988 654 2027 enim,
695 1998 774 2020 cum
800 1987 906 2020 etiam
930 1998 1005 2020 sese
1038 1992 1179 2031 captum
1203 1988 1248 2020 iri
1280 1987 1443 2020 viderent
1460 2010 1471 2026 ‚
1502 1984 1607 2017 undis
1637 1995 1675 2016 se
1700 1983 1734 2017 i-

315 2043 396 2075 psos
410 2033 577 2066 audacter
590 2034 853 2073 commiserunt,
878 2044 942 2076 pro
966 2034 1110 2072 maiore,
1129 2033 1183 2065 uti
1207 2032 1379 2072 arbitror,
1405 2037 1440 2064 et
1464 2029 1644 2074 praesenti
1665 2039 1731 2072 pe-

316 2078 429 2110 riculo
454 2079 571 2111 minus
599 2079 791 2122 eligentes,
819 2083 855 2110 et
880 2078 1044 2111 fortunae
1066 2077 1355 2110 incertitudinem
1377 2076 1574 2120 periclitari
1596 2073 1732 2107 malen—

316 2127 379 2155 tes.
429 2123 604 2167 Quocirca
628 2130 664 2156 et
687 2124 864 2156 levissime
890 2124 929 2156 in
952 2123 1064 2155 undas
1096 2122 1331 2161 desiliebant,
1357 2127 1394 2154 et
1416 2122 1454 2153 in
1478 2122 1585 2153 immo
1618 2119 1731 2151 maxi-

314 2178 372 2200 ma
404 2179 448 2200 ex
473 2175 571 2213 parte
596 2169 732 2213 gurgite
755 2173 917 2202 natantes
941 2179 1043 2212 aegre
1066 2167 1110 2201 ad
1133 2180 1212 2201 suos
1238 2172 1435 2200 evaserunt.
1483 2167 1575 2198 Tum
1605 2165 1729 2209 itaque

316 2214 464 2246 Romani
493 2215 620 2247 Buzem
645 2214 790 2259 quidem
817 2213 911 2257 apud
940 2214 1092 2246 Insulam
1125 2215 1368 2258 reliquerunt,
1407 2222 1485 2244 cum
1516 2211 1587 2243 suis
1619 2209 1730 2253 copiis

315 2269 369 2291 res
387 2259 463 2291 illie
474 2271 594 2292 omnes
607 2265 810 2292 curaturum
824 2265 861 2291 et
878 2259 908 2291 si
927 2269 1013 2301 opus
1026 2264 1118 2291 esset
1143 2259 1418 2302 opitulaturum3
1441 2256 1571 2300 reliqui
1589 2265 1670 2288 vero
1690 2265 1731 2286 o-

313 2307 412 2336 'mnes
434 2305 657 2337 transversim
684 2305 832 2337 traiecto
854 2304 1012 2342 flumine,
1033 2304 1173 2348 aliaque
1190 2315 1252 2348 per
1265 2304 1506 2336 continentem
1527 2299 1730 2333 incedentes

315 2349 384 2389 via,
408 2360 452 2381 ne
471 2351 508 2382 in
524 2349 656 2388 eadem,
681 2361 771 2394 quae
790 2348 909 2386 hostes
928 2348 1144 2387 insidebant,
1160 2349 1237 2381 loca
1255 2350 1428 2388 venirent,
1446 2348 1485 2382 iu
1509 2345 1633 2378 urbem
1643 2344 1733 2378 Pha-

322 2394 392 2427 sidi
403 2394 510 2428 fluvio
528 2395 772 2438 cognominem
781 2395 1010 2438 perveniunt3
1029 2395 1211 2440 portisque
1224 2393 1355 2438 recepti
1366 2391 1536 2436 praefecti
1553 2389 1731 2434 praesidia

316 2451 382 2484 per
405 2451 521 2472 muros
544 2451 605 2474 suo
633 2450 795 2485 quaeque
820 2439 944 2472 ordine
959 2439 1173 2482 disponunt3
1199 2450 1316 2484 neque
1341 2439 1436 2471 enim
1458 2435 1631 2482 putabant
1653 2445 1729 2467 sese

315 2485 451 2518 viribus
478 2497 577 2529 pares
601 2486 688 2524 sore,
711 2485 742 2519 si
775 2485 918 2517 stataria
941 2495 1059 2528 pugna
1079 2485 1326 2528 proeliandum
1357 2489 1457 2517 esset.
1505 2481 1638 2516 Primus
1662 2479 1729 2523 igi-

317 2535 376 2564 tur
399 2532 554 2564 Iustinus
579 2530 745 2563 Germani
771 2530 864 2562 filius
887 2541 965 2562 eum
989 2541 1051 2562 suo
1079 2531 1215 2574 agmine
1239 2530 1278 2562 in
1302 2529 1498 2562 editissima
1523 2525 1620 2558 urbis
1645 2535 1727 2568 pax·-

317 2580 354 2608 te
380 2575 425 2608 ad
450 2587 543 2609 mare
566 2581 730 2620 vergente
753 2574 912 2608 locatur:
941 2576 1067 2618 exiguo
1099 2586 1181 2608 vero
1218 2574 1348 2607 abhinc
1380 2573 1494 2617 spatio
1528 2569 1726 2615 praefectus

317 2621 438 2654 stabat
461 2627 498 2655 et
520 2621 667 2654 Martini
690 2620 821 2664 copiae.
868 2619 942 2652 Sub
962 2621 974 2652 i
1002 2631 1078 2652 sum
1102 2625 1218 2653 autem
1237 2619 1391 2652 medium
1421 2617 1591 2661 Augilas,
1626 2614 1728 2647 Mau—

319 2677 374 2705 ros
400 2678 508 2715 penes
533 2676 571 2701 se
592 2665 727 2706 liabens
753 2665 906 2717 peltatos
927 2670 966 2702 et
987 2667 1192 2710 exigeres,
1218 2664 1424 2702 Theodorus
1455 2673 1536 2701 vero
1566 2661 1730 2699 Tauno-“a
