1794 3112
567 134 578 136 -’
598 117 977 163 HISTORIARUM
1018 122 1071 161 u.
1099 123 1166 165 32.
1486 94 1606 156 1135

155 226 308 282 ,λόγου
323 217 603 267 ἐπεῧθενιὸτι
626 218 678 275 δή
703 217 743 262 οἷ
764 223 938 278 Πέρσαι
966 220 1113 275 ποινὴν
1137 219 1282 274 ἔχουσι
1309 219 1383 263 καὶ
1402 215 1715 274 τιμωράινΑΩ.
1738 224 1794 267 554

154 293 229 347 τῆς
256 287 329 333 ἐπὶ
359 293 452 336 ταῖς
477 286 687 342 μητράσιν
709 282 960 340 ἀκολασίας,
991 285 1038 328 τὸ
1062 281 1218 343 ἄταφοι
1239 284 1506 339 pertusum*
1523 280 1606 325 ὑπὸ
1626 271 1748 308 1·1·²3

155 357 239 399 τῶν-
256 355 394 398 κυνῶν
419 352 591 402 ἐνδίκως
624 352 1031 407 διασπαράττεσθαι.
1089 395 1091 397 ,

261 418 337 474 λβ.
382 420 550 461 Τούτων
576 419 623 460 δὲ
651 419 736 464 τῶν
761 413 929 473 άνδρῶν
952 419 997 468 ἐς
1016 423 1166 473 πεῖραν
1194 416 1336 458 ἐλθών
1364 415 1387 458 ὅ
1403 414 1613 471 Χοσρόης,

91 477 98 485 ’
128 481 272 539 δὸμως
302 482 378 526 τὸν
405 481 617 539 Οὐράνιον
638 485 761 525 πλέον
788 478 992 537 άγάμενος
1020 479 1075 538 ἧν
1096 481 1170 524 καὶ
1193 478 1353 525 ἐπόθει.
1393 478 1529 523 αἴτιον
1555 480 1600 522 δὲ
1616 484 1642 516 Β

148 549 302 593 ’τούτου
333 545 434 605 ὅπερ
451 583 464 602 ,
495 545 628 602 οἶμαι,
662 546 792 604 φύσει
826 549 885 606 τῷ
910 550 1020 603 γένει
1047 548 1247 604 πρόσεστι
1270 549 1329 604 τῷ
1352 542 1615 603 ἀνθρωπείῳ.

149 613 396 672 πεφύκαμεν
424 613 502 671 γάρ
532 611 712 674 ἅπαντες
743 612 795 656 τὰ
833 616 912 668 μὲν
936 615 1035 656 καθ’
1065 612 1223 663 αὐτοὺς
1250 614 1322 654 καί
1339 609 1613 667 παραπλήσια

150 679 255 738 φίλα
284 681 479 736 ἡγεῖσθαι
498 681 570 721 καί
598 680 822 733 κάλλιστα,
852 677 1052 722 ἆλεείνειν
1091 681 1138 726 δὲ
1163 680 1236 721 καί
1257 679 1534 734 ἐκτρέπεσθαι
1558 673 1607 716 τὸ

150 746 431 802 ὕπερβάλλον.
456 746 673 801 τοιγάρτοι
707 744 780 787 καί
795 745 984 788 ἐνταῦθά
1008 745 1047 787 οἱ
1084 742 1354 787 ἐπανελθόντι
1371 739 1612 798 ,γράμματά

102 827 198 854 ποτε
221 812 501 868 κεχαρισμένα
533 809 746 864 ἔστελλεν,
784 809 858 853 καί
880 811 1119 869 διδασκάλῳ
1149 812 1317 867 ἐχρῆτο.
1357 805 1378 849 ὃ
1402 809 1448 850 δὲ
1467 804 1610 848 οὖκέτι

150 875 344 932 ἐφαίνετο
365 873 538 929 ἀνεκτὸς,
558 877 865 932 βρενθυόμενος
886 878 935 933 τῇ
956 878 1034 918 τοῦ
1059 880 1266 930 βασιλέως
1290 877 1424 932 φιλίᾳ,
1453 872 1510 923 ὡς
1536 869 1610 914 καὶ

149 939 390 984 ἀποκναίειν
403 939 585 991 ἅπαντας
601 940 647 984 ἔν
663 958 708 984 τε
725 948 810 991 τοῖς
822 941 1065 996 ’ξυμποσίοις
1079 941 1150 983 καί
1163 939 1242 983 άνά
1259 939 1357 990 τοὺς
1367 940 1610 994 συλλόγους,

148 1008 281 1063 μηδὲν
304 1024 347 1050 τι
360 1009 501 1063 ἕτερον
527 1005 646 1065 ᾄδειν
666 1008 827 1050 ἐθέλων
839 1041 852 1060 ,
880 1005 906 1062 ἢ
925 1003 1038 1058 ὅπως
1066 1005 1196 1049 αὖτὸν
1219 1007 1436 1063 ἐγέραιρεν
1455 1004 1477 1048 ὃ
1493 1007 1609 1048 Χοσ-
1626 1013 1653 1047 C

150 1071 269 1129 ρ’όης,
293 1071 367 1115 καί
389 1072 514 1114 ὁποῖα
534 1067 642 1115 ἄττα
665 1074 949 1129 διελεγέσθην.
976 1075 1049 1115 καί
1073 1073 1212 1130 πολλῷ
1234 1070 1472 1128 σκαιότερος
1507 1073 1612 1113 ἐπαέ

101 1139 273 1194 Ι5νῆκεν
299 1139 400 1194 ἡμῖν
429 1137 450 1181 ὅ
477 1138 678 1194 γεννάδας
704 1133 734 1193 ἢ
757 1140 887 1180 πάλαι
909 1136 1120 1195 ὑπῆρχεν,
1160 1135 1298 1195 ὥσπερ
1331 1139 1453 1181 τοῦδε
1490 1139 1610 1179 ἕνεκα

149 1201 277 1257 μόνου
305 1204 512 1260 τοσαύτην
541 1201 640 1245 ὁδὸν
669 1200 977 1260 ἆναμετρὴσας.
1013 1201 1153 1258 ὅμως,
1182 1207 1317 1246 καίτοι
1344 1202 1611 1260 φαυλότατός

149 1286 196 1325 γε
219 1264 279 1312 ὢν
301 1269 375 1312 καί
395 1271 720 1325 καταγέλαστος,
752 1267 859 1312 οἷλλά
885 1273 945 1328 τῷ
964 1267 1161 1321 πολλάκις
1185 1268 1330 1324 ὑμνεῖν
1347 1267 1419 1312 τὸν
1444 1270 1610 1325 βάρβα-

150 1351 226 1391 ρον
245 1335 319 1377 καί
340 1339 396 1378 δι’
429 1337 601 1379 ἐπαίνου
632 1339 872 1389 ποιεῖσθαι,
910 1335 1038 1386 αὐτὸς
1066 1335 1117 1390 δή
1143 1352 1224 1378 που
1251 1334 1354 1377 κατὰ
1377 1332 1425 1376 τὸ
1448 1337 1608 1388 μᾶλλον

155 1400 294 1443 ἔπεισε
328 1400 428 1452 τοὺς
464 1400 639 1450 πολλοὺς
676 1401 734 1451 ὦς
764 1399 828 1456 εἴη
867 1399 1036 1458 σφόδρα
1070 1403 1412 1454 πεπαιδευμένος.
1464 1399 1502 1441 οἱ
1527 1398 1606 1455 γάρ

97 1466 456 1524 αοάταλαιπώρως
480 1464 646 1509 ἅπαντα
673 1469 948 1523 προσιέμενοι,
978 1469 1049 1508 καί
1070 1466 1185 1523 άμφί
1203 1469 1338 1508 ταῦτα
1362 1464 1414 1520 δή
1436 1464 1488 1507 τά
1510 1467 1605 1516 ξένα

150 1522 559 1591 κᾶἷῖταραλογιότερα
572 1534 654 1575 τῶν
679 1531 959 1587 ἀκουσμάτων
989 1531 1290 1589 διακεχηνότες,
1317 1530 1474 1590 ῥαδίως
1495 1528 1645 1585 ὑπή-1)

155 1613 276 1653 γον-το
303 1597 632 1653 ἐπικομπάζοντί
654 1614 699 1641 τε
722 1601 840 1657 αὐτῷ
860 1600 933 1642 καί
957 1601 1336 1656 σεμνολογουμένῳ,
1358 1599 1462 1653 μήτε
1493 1593 1608 1647 ὅστις

246 1693 299 1717 ιι.
322 1680 487 1719 ἀνεκτῶς
509 1683 549 1716 R.
655 1684 706 1718 15.
732 1681 920 1728 γεννάδας
942 1684 981 1717 R.
997 1709 1009 1725 ,
1034 1686 1213 1729 γενναῖος
1235 1682 1328 1726 vulg.

148 1774 254 1812 runt,
282 1776 319 1805 et
345 1771 384 1805 in
402 1783 480 1805 eam
498 1771 585 1807 inde
603 1774 825 1807 sententiam
843 1778 1039 1813 venerunt,
1064 1772 1164 1818 quod
1186 1773 1313 1806 Persae
1330 1772 1424 1806 hanc
1448 1783 1603 1817 poenam

151 1823 190 1851 et
206 1818 406 1852 vindictam
426 1820 530 1852 luant
545 1820 717 1865 flagitiosi
739 1831 818 1853 cum
842 1820 1020 1854 matribus
1041 1821 1116 1854 suis
1148 1831 1356 1865 congressus
1370 1845 1380 1861 ,
1420 1819 1603 1854 inhumati

146 1875 294 1899 manere
317 1869 355 1899 et
371 1877 393 1898 a
409 1866 560 1900 canibus
579 1867 710 1900 merito
733 1866 902 1912 discerpi.

241 1924 297 1957 32.
348 1922 485 1957 Horum
507 1930 629 1958 autem
659 1925 821 1958 virorum
854 1935 934 1958 cum
969 1925 1041 1958 iam
1075 1923 1278 1968 periculum
1316 1923 1463 1957 fecisset
1488 1923 1604 1958 Chos-

149 1979 250 2011 roe8‚
272 1968 511 2004 nihilominus
534 1977 657 2006 tamen
676 1972 851 2004 Uranium
879 1972 962 2017 plus
991 1976 1028 2004 et
1057 1970 1302 2004 admirabatur
1327 1975 1365 2003 et
1394 1971 1604 2014 expetebat.
1640 1985 1643 1989 ·

150 2015 266 2050 Causa
291 2026 375 2050 vero
408 2017 518 2051 huius
556 2019 612 2052 rei
642 2018 877 2059 naturaliter,
922 2017 978 2051 uti
994 2017 1172 2058 arbitror,
1208 2016 1366 2050 humano
1394 2018 1515 2062 generi
1548 2023 1604 2051 est

149 2062 269 2097 insita.
317 2063 482 2098 Solemus
499 2065 597 2098 enim
617 2076 763 2106 omnes,
787 2076 880 2111 quae
898 2064 944 2098 ad
976 2076 1042 2098 nos
1064 2065 1214 2109 propius
1241 2063 1423 2097 accedunt
1449 2063 1601 2097 similia-

150 2119 221 2154 que
241 2109 346 2143 nobis
368 2117 472 2152 sunt,
503 2112 620 2145 amica
644 2112 776 2145 ducere
800 2117 838 2145 et
856 2111 1014 2156 optima;
1040 2111 1205 2156 refugere
1229 2116 1350 2144 autem
1369 2116 1478 2156 atque
1496 2123 1598 2145 aver-

150 2156 222 2189 sari
249 2156 347 2203 quod
362 2157 483 2191 maius!
502 2164 556 2191 est
581 2163 618 2192 et
648 2159 825 2203 superius.
876 2158 1056 2203 Quocirca
1079 2164 1116 2191 et
1139 2159 1173 2190 ei
1199 2157 1271 2190 huc
1288 2168 1428 2190 reverso
1454 2158 1598 2191 amicis-

149 2203 255 2235 simas
271 2204 410 2237 litteras
435 2205 620 2246 mittebat,
648 2210 685 2238 et
703 2205 874 2250 magistro
892 2205 1071 2238 utebatur.
1124 2205 1206 2250 Quo
1227 2204 1360 2238 factum
1381 2208 1447 2244 est,
1464 2210 1505 2238 ut
1524 2206 1598 2238 iam

149 2255 247 2282 esset
266 2249 531 2292 intolerabilis,
557 2252 649 2297 regis
677 2251 835 2285 amicitia
867 2251 1030 2296 turgidus
1063 2257 1172 2297 atque
1198 2252 1330 2294 elatus;
1369 2262 1492 2284 omnes
1513 2263 1596 2296 pas-

149 2296 218 2328 sim
237 2295 276 2328 iu
297 2297 470 2331 conviviis
487 2303 524 2332 et
543 2299 782 2332 conventibus
800 2299 972 2331 vellicans
989 2323 998 2339 ‚
1023 2310 1144 2344 neque
1174 2298 1283 2330 aliam
1309 2298 1421 2331 ullam
1446 2299 1597 2331 cantile-

147 2353 231 2374 nam
252 2354 405 2384 canens,
430 2355 536 2389 quam
555 2356 627 2391 quo
647 2344 787 2378 honore
812 2345 930 2390 ipsum
955 2346 1133 2379 affecisset
1159 2345 1338 2379 chosroes
1352 2370 1361 2385 ‚
1400 2349 1437 2377 et
1463 2345 1596 2391 quibus

148 2389 194 2422 de
215 2388 322 2422 rebus
342 2390 438 2423 inter
456 2402 493 2424 se
515 2392 746 2425 commentati
771 2392 949 2434 fuissent3
974 2392 1163 2438 multoque
1183 2392 1340 2425 ferocior
1355 2391 1462 2424 nobis
1488 2403 1594 2435 prae-

147 2435 265 2468 clarus
284 2436 348 2468 ille
366 2437 420 2469 vir
439 2437 570 2478 rediit,
595 2450 703 2484 quam
729 2443 836 2471 antea
853 2439 992 2479 fuerat,
1015 2439 1168 2483 perinde
1196 2451 1235 2472 ac
1256 2439 1286 2471 si
1308 2449 1350 2470 ea
1385 2443 1525 2470 tantum
1548 2438 1595 2471 de

146 2493 252 2514 causa
269 2487 411 2515 tantum
433 2482 573 2517 itineris
597 2490 691 2518 esset
706 2495 880 2518 emensus.
921 2485 1010 2518 Cum
1035 2485 1200 2531 alioquin
1227 2490 1322 2518 esset
1341 2484 1452 2517 homo
1470 2485 1592 2517 vanis-

146 2529 270 2568 simus,
300 2529 483 2574 planeque
501 2530 696 2572 ridiculus,
721 2536 843 2565 tamen
871 2543 914 2565 eo
937 2533 1029 2576 ipso,
1052 2531 1151 2578 quod
1165 2532 1357 2565 barbarum
1380 2542 1498 2575 regem
1514 2531 1588 2564 fre-

147 2580 301 2620 quenter
321 2576 522 2609 celebraret
545 2587 585 2610 ac
614 2576 906 2622 depraedicaret,
930 2579 1054 2611 multis
1082 2579 1190 2623 plane
1212 2576 1470 2622 persuadebat,
1490 2576 1590 2622 quod

146 2621 383 2655 vehementer
403 2628 498 2655 esset
517 2623 654 2656 doctus.
703 2623 778 2669 Qui
797 2625 893 2658 enim
908 2625 1039 2658 leviter
1060 2625 1179 2658 omnia
1195 2625 1404 2663 admittunt,
1433 2629 1469 2656 ct
1483 2635 1589 2668 perc-

146 2668 256 2712 grinis
284 2679 326 2701 ac
351 2668 455 2702 novis
480 2669 748 2703 narrationibus
773 2670 886 2704 avidis
917 2671 1065 2704 auribus
1098 2670 1265 2710 inhiant,
1302 2670 1408 2703 facile
1433 2670 1480 2703 ab
1508 2672 1587 2715 ipso

145 2715 342 2759 magnificis
363 2715 638 2762 splendidisque
654 2717 773 2750 verbis
794 2728 853 2751 eas
871 2724 1023 2753 ornant-e
1041 2722 1151 2764 atque
1174 2716 1414 2763 amplificante
1442 2728 1589 2762 persua-
