1832 3152
289 138 398 191 226
887 148 1159 192 AGATmAE

107 260 146 294 Δ.
161 261 197 294 C.
212 252 359 300 555τάς
376 249 548 305 γνώμας.
578 248 718 302 ἐπειδὴ
738 242 812 290 οὖν
835 249 1123 303 ιῖπελὴλεγκται
1145 248 1217 290 καί
1241 250 1315 291 νῦν
1342 246 1364 289 ὅ
1389 251 1429 291 Γ
1428 247 1616 304 ουβάζης,
1642 248 1699 298 ὥς

144 307 169 339 Ῑ·
184 307 208 339 Ῐ·
230 318 275 352 ²9
287 313 426 370 ἦνιᾶτο
447 316 523 365 μὲν
545 310 604 362 οἶς
625 313 891 367 ἐκρατοῦμεν,
919 309 1038 366 ἥδετο
1065 315 1112 353 δὲ
1139 310 1199 362 οἷς
1226 310 1526 369 ἧμαρτοίνομεν,
1563 310 1612 352 τί
1628 308 1705 366 δή..

287 393 386 420 ποτε
408 378 642 430 καταβοῶσι
666 377 746 417 τῶν
770 373 884 430 παρὰ
917 374 1145 428 “Ρωμαιόις
1156 375 1288 429 νόμων
1309 375 1347 418 οἱ
1362 375 1581 432 βάρβαροι,
1603 375 1700 417 καθ’

286 439 360 491 οὒς
383 441 568 491 κολάζειν
594 439 800 491 εἰώθαμεν
831 434 859 493 ἢ
885 438 956 480 καί
975 437 1180 494 ἀναιρεῖν,
1224 438 1332 481 οὕτω
1353 439 1581 495 παρασχὸν,
1607 436 1703 488 τοὺς

284 506 329 549 τὸ
359 503 556 554 καθεστὸς
588 507 661 558 τῆς
689 506 892 552 πολιτείας
931 505 1140 552 κινοῦντας
1169 503 1214 544 τὸ
1241 506 1366 560 μέρος
1394 507 1466 545 καί
1501 508 1727 557 amatve-5

284 573 458 624 μένους,-
486 566 575 610 ἇλλ’
599 569 638 609 εἰ
663 570 796 620 δοκεῖ,
825 566 1026 621 τεκμήρια
1048 569 1124 619 μὲν
1148 566 1219 608 καί
1237 570 1499 622 γνωρίσματα
1518 566 1589 608 καί
1606 564 1703 615 τούς

285 636 331 676 ἐκ
354 636 434 676 τῶν
456 631 625 675 εἰκότων
655 634 845 685 ἐλέγχους
873 632 1090 686 παρῶμεν,
1118 629 1245 685 μόνην
1271 633 1315 672 δὲ
1338 629 1413 685 τὴν
1431 632 1476 672 ἐκ
1496 633 1575 672 τῶν
1595 647 1702 686 πρα-

280 699 447 753 γμάτων
471 696 791 749 ἐπισκεψώμεθα
814 701 970 751 πεῖραν,
1000 690 1125 749 οὗπερ
1151 695 1263 749 ἡμᾶς
1291 690 1454 748 ἄγουσα,
1473 696 1703 750 (γέρεα-κα·-

285 763 440 815 τει’χετο
468 759 546 816 γὰρ
581 759 660 801 ὑπὸ
693 761 872 814 Περσῶν
905 757 951 800 τὸ
985 759 1236 814 φρούριονῆ
1274 755 1525 814 Ὀνᾶγουρις,
1565 760 1610 801 ἐκ
1635 759 1704 812 τῆς

283 823 388 867 κατὰ
423 823 498 879 τήν
540 822 838 879 ’Λρχαιόπολιν
868 822 1115 878 περιοικίδος
1142 825 1421 879 παρῃρημένη·
1460 822 1533 864 καί
1554 819 1606 877 ἦν
1636 819 1754 867 αἶ-ιο

282 905 383 943 σχος
402 889 450 930 οὗ
476 887 676 944 φορητὸν,
705 886 944 943 στράτευμα
969 889 1164 940 δυσμενὲς
1184 887 1281 929 εἴσω
1303 887 1529 943 περιβόλων
1545 888 1590 928 ἐν
1615 892 1702 935 τοῖς

280 954 495 1009 ἡμετέροις
525 951 696 1008 χωρίοις
722 951 898 1005 βεβαίως
929 950 1144 1007 ἱδρῦσθαι.
1180 951 1294 994 ἐνίκα
1325 950 1453 1006 βουλὴ
1483 949 1596 1007 παρὰ
1615 956 1702 1000 τοῖς

164 1030 199 1065 Ρ.
219 1030 287 1068 118
296 1022 536 1074 στρατηγοῖς
547 1050 560 1069 ,
590 1018 740 1073 φοιτᾷν
763 1018 827 1057 ἐπ’
851 1014 1006 1064 αὐτοὺς
1025 1013 1175 1057 ἅπαντι
1193 1018 1250 1073 τῷ
1271 1018 1435 1072 στρατῷ
1446 1048 1458 1067 ,
1487 1017 1560 1056 καί
1575 1018 1701 1056 καθε-

281 1086 367 1124 λεῖν
387 1078 423 1136 ἢ·
444 1079 515 1122 καὶ
542 1077 793 1122 ἀπώσασθαι
813 1078 859 1121 τὸ
903 1082 1059 1120 λυποῦν
1101 1080 1337 1121 ἐκπλείστου
1370 1079 1441 1120 καί
1464 1081 1702 1135 ἐφεδρεῦον.

284 1147 370 1189 ἔδει
401 1146 566 1194 πάντως
596 1145 695 1200 ἡμῖν
719 1144 792 1186 καί
821 1146 1018 1199 στρατιᾶς
1043 1146 1273 1199 Κολχικῆς,
1321 1143 1379 1193 ὥς
1407 1139 1460 1186 ἂν
1485 1142 1544 1198 μὴ
1571 1141 1752 1196 μόνονι5

283 1212 334 1268 τῇ
363 1212 447 1252 τῶν
474 1211 612 1251 τόπων
643 1210 833 1265 ἐμπειρίᾳ
862 1210 984 1250 πλέον
1011 1224 1053 1249 τι
1077 1210 1157 1250 τῶν
1185 1205 1260 1249 οῦκ
1285 1209 1571 1260 ἐπισταμένων
1598 1205 1704 1262 πρὸς

283 1273 329 1318 τὸ
356 1280 546 1317 συνοῖσον
569 1275 847 1327 διανοηθεῖεν,
884 1269 987 1313 ἄλλα
1013 1273 1085 1312 καί
1108 1273 1358 1324 μαχομένοις
1383 1270 1482 1326 ἡμῖν
1507 1269 1611 1327 πρὸς
1633 1266 1704 1312 ἇν-

285 1340 389 1394 δρας
407 1337 575 1386 ὁπλίτας
597 1338 640 1387 ἐξ
665 1337 880 1391 ἐρυμάτων
910 1337 1305 1390 παραταττομένους,
1333 1337 1405 1377 καί
1426 1334 1527 1390 πρός
1545 1350 1590 1389 γε
1607 1332 1705 1384 τοὺς

284 1404 331 1444 ἐκ
359 1400 686 1456 Μουχειρίσιδος
718 1398 819 1441 κατὰ
845 1399 890 1440 τὸ
917 1398 1024 1448 εἰκὸς
1055 1397 1239 1453 ἥξοντας,
1267 1397 1606 1452 συνεπιλὰβοιντο
1634 1401 1706 1440 καί

284 1472 634 1521 συμπαρασταῖεν.
661 1463 707 1506 τί
723 1459 797 1506 οὖν
817 1463 887 1505 ἐπὶ
905 1463 1066 1512 τούτοις
1089 1463 1173 1505 ἔδει
1198 1460 1387 1519 πράττειν
1404 1462 1500 1513 τούς
1521 1480 1750 1519 στρατη-20

283 1531 402 1585 γούςς
431 1527 677 1584 ἀντιβολεῖν,
706 1529 762 1579 ὥς
782 1527 908 1582 ἔοικε,
936 1526 1008 1569 τὸν
1029 1526 1207 1583 ἡγεμόνα
1230 1529 1304 1569 τοῦ
1323 1529 1482 1582 γένους,
1509 1529 1582 1570 καί
1601 1526 1704 1584 πρὸς

378 1630 410 1664 5.
434 1625 620 1664 καθεσῐὸς
640 1629 694 1667 R„
719 1625 906 1663 καθεστώς
929 1627 1021 1672 vulg.
1082 1638 1114 1671 7.
1139 1625 1271 1671 λόγους
1293 1627 1400 1671 R.pro
1411 1625 1593 1672 ἐλέγχους.
1650 1638 1699 1661 ιο.

373 1676 613 1721 παρηρημένη
638 1676 673 1706 R.
689 1680 726 1707 et
742 1675 851 1717 Intpr.
874 1672 1028 1711 ademta,
1054 1674 1271 1717 παρηγμένη
1291 1673 1382 1718 vulg.
1490 1685 1539 1709 ιι.
1563 1671 1702 1719 δυσμε-

374 1720 437 1757 νὲς
455 1707 495 1753 Ϊὶ.
524 1725 560 1753 et
583 1721 693 1763 Intpr.
719 1720 880 1753 hostilem
902 1718 1109 1759 exercitum,
1137 1718 1331 1765 δυσμενῶν
1354 1718 1444 1763 vulg.

283 1819 375 1859 mala
402 1820 512 1853 animi
539 1820 736 1854 affectione.
785 1819 872 1852 Cum
899 1819 1021 1862 itaque
1050 1817 1238 1861 probatum
1260 1818 1307 1850 sit
1330 1818 1436 1850 etiam
1458 1827 1570 1858 nunc,
1600 1817 1697 1862 quod

286 1867 447 1900 Gubazes
477 1867 581 1899 nobis
606 1866 756 1898 victoria
786 1865 910 1908 potitis
936 1864 1104 1903 dolebat,
1131 1864 1160 1895 si
1190 1863 1277 1907 quid
1307 1874 1388 1896 vero
1416 1863 1550 1896 sinistri
1579 1869 1699 1896 nostra

285 1912 392 1957 culpa
411 1913 598 1951 evenisset,
622 1910 817 1955 gaudebat:
844 1909 931 1954 quid
953 1909 1058 1952 igitur
1073 1910 1234 1941 Romanis
1257 1908 1393 1952 legibus
1413 1909 1607 1940 occlamant
1621 1909 1702 1941 bar-

288 1953 390 1998 harig
414 1969 458 1990 ex
484 1968 629 2002 quarum
652 1955 866 2000 praescripto
890 1955 1016 1998 punire
1041 1954 1204 1995 solemus,
1233 1958 1304 1993 aut,
1328 1954 1357 1986 si
1381 1964 1435 1986 res
1458 1954 1509 1986 ita
1530 1955 1700 1997 postulet,
1730 1985 1734 1987 s

291 2005 399 2037 etiam
426 2015 445 2036 e
473 2003 591 2036 medio
629 2002 756 2035 tollere
775 2025 784 2041 ‚
815 2000 876 2045 qui
903 2000 954 2032 rei
981 1995 1298 2043 publicae⁴statum
1320 1998 1504 2031 turbarent
1535 2010 1578 2031 ex
1600 2005 1701 2043 parte

290 2055 328 2083 et
354 2048 630 2082 labefactarent?
675 2047 739 2087 At,
763 2048 794 2079 si
814 2046 973 2084 videtur,
996 2046 1094 2088 signa
1113 2050 1218 2089 atque
1242 2043 1376 2076 indicia
1398 2043 1700 2089 probationesque

289 2106 333 2128 ex
355 2095 460 2128 rebus
493 2093 744 2128 verisimilibus
776 2093 907 2136 petitas
931 2091 1161 2131 omittamus3
1197 2090 1304 2122 solam
1332 2099 1414 2122 vero
1448 2100 1565 2122 rerum
1602 2089 1701 2135 ipsa-

289 2152 366 2174 rum
390 2140 645 2184 experientiam
672 2137 951 2175 consideremus,
982 2146 1134 2180 quonam
1167 2135 1230 2167 illa
1259 2145 1322 2166 nos
1356 2145 1460 2178 agens
1485 2135 1584 2167 ferat.
1627 2136 1698 2168 Oc-

289 2186 487 2230 cupabatur
509 2198 529 2218 a
555 2186 666 2219 Persis
690 2182 991 2228 propugnaculum
1017 2180 1190 2224 Onoguris
1204 2204 1213 2220 ,
1239 2191 1281 2212 ex
1307 2178 1444 2212 ditione
1466 2178 1699 2225 Archaeopoli

289 2232 515 2265 circumiecta
557 2230 759 2273 ademptum
780 2253 790 2268 ‚
828 2233 972 2272 eratque
1019 2225 1172 2258 dedecus
1211 2223 1473 2258 intolerandum
1497 2249 1506 2266 ,
1542 2225 1699 2259 hostium

290 2277 483 2311 exercitum
519 2277 612 2308 intra
645 2285 762 2307 muros
797 2273 925 2306 nostris
963 2273 1000 2304 in
1034 2272 1120 2304 locis
1147 2270 1265 2305 valide
1297 2269 1507 2303 consedisse.
1559 2271 1700 2305 Vicerat

287 2323 377 2357 haec
403 2321 579 2354 sententia
603 2321 697 2353 inter
720 2319 914 2363 praefectos
936 2317 1096 2357 militiae,
1128 2321 1169 2349 ut
1188 2317 1225 2348 in
1257 2327 1316 2348 eos
1343 2327 1422 2348 cum
1446 2321 1522 2350 toto
1543 2317 1698 2350 exercitu

288 2377 526 2406 moveremus,
553 2371 664 2409 utque
693 2365 974 2397 submoveremus
1002 2367 1038 2394 et
1060 2362 1341 2406 propulsaremus
1369 2360 1424 2401 id,
1462 2361 1558 2406 quod
1589 2363 1694 2395 nohis

290 2425 395 2458 quam
421 2412 568 2444 maxime
593 2411 762 2443 infestum
784 2408 1063 2452 insidiosumque
1091 2412 1173 2439 erat.
1230 2407 1311 2439 Erat
1339 2406 1444 2440 nobis
1466 2407 1572 2450 plane
1603 2418 1694 2452 opus

291 2459 401 2492 etiam
437 2456 602 2490 Colchico
632 2455 808 2493 exercitu,
845 2459 885 2486 ut
916 2464 988 2486 non
1023 2453 1137 2486 solum
1169 2453 1223 2484 illi
1253 2458 1420 2494 tanquam
1452 2452 1609 2485 locorum
1627 2463 1695 2496 pe-

289 2504 350 2537 riti
395 2502 475 2548 plus
498 2500 645 2546 aliquid,
673 2510 777 2544 quam
795 2510 916 2531 eorum
949 2498 1116 2541 imperiti,
1150 2498 1306 2530 consiliis
1339 2499 1412 2530 suis
1443 2497 1613 2537 iuvarent,
1631 2497 1696 2531 sed

289 2554 332 2582 ut
355 2547 570 2582 bellantibus
601 2545 703 2579 nobis
730 2544 895 2577 adversus
929 2548 1077 2576 armatos
1107 2543 1412 2588 munitissimoque
1433 2543 1512 2576 loco
1534 2542 1695 2576 insiden-

290 2600 363 2634 tes,
404 2599 441 2627 et
471 2592 634 2626 adversus
663 2601 735 2630 eos,
764 2590 826 2634 qui
859 2600 902 2622 ex
923 2587 1156 2620 Muchiriside
1189 2589 1430 2622 verisimiliter
1457 2589 1600 2621 venturi
1638 2587 1695 2621 vi-

291 2639 485 2677 debantur,
520 2638 636 2682 copias
665 2637 827 2679 viresque
857 2645 935 2667 suas
961 2635 1226 2678 coniungerent.
1273 2632 1371 2677 Quid
1392 2634 1516 2679 itaque
1530 2632 1628 2666 hisce
1655 2633 1695 2662 in

290 2684 396 2719 rebus
436 2684 622 2729 praefectis
657 2681 830 2716 exercitus
868 2678 1069 2713 faciendum
1107 2684 1184 2713 erat
1204 2677 1221 2712 ἲ
1252 2677 1436 2723 Rogandus
1463 2677 1518 2712 uti
1551 2674 1694 2710 videtur
