1794 3112
646 138 1023 185 msTomARUM
1063 141 1134 180 111.
1162 143 1203 189 9
1302 168 1305 170 ,
1504 114 1604 190 157

168 267 245 315 μεν
269 246 502 299 ἀσθενείας,
522 263 580 296 ως
597 243 675 301 ὑφ’
687 243 846 301 ἑτέροις
860 242 1078 297 τετάχθαι,
1106 240 1328 297 κράτιστον
1348 233 1464 292 οἶμαι
1485 243 1664 290 προσ-Α.
1680 241 1720 276 C.
1738 241 1794 276 553

167 321 321 372 Ζωθεῖν
348 319 433 362 τοῖς
460 312 810 391 ἐμφθθνξσξὲρθῑς
822 342 835 362 ‚
876 324 945 350 ml
979 305 1054 362 ‘¹7²‘
1079 321 1243 348 ‘mmm‘
1264 301 1366 360 πρὸς
1390 301 1436 345 τὸ
1464 291 1655 345 οἰκεῖονῙ·
1669 289 1750 324 ¹⁴5

170 397 238 424 και
261 378 483 422 ἔνσπονδον
506 377 551 419 ἐν
582 377 640 433 τῷ
665 371 855 432 ἆτρέπτω
883 372 1199 428 παρεχομένοις.
1239 385 1350 411 ουτω
1377 370 1424 410 δὲ
1445 384 1514 409 και
1541 382 1615 409 πε-

168 445 398 504 ριεσόμεθα
419 445 504 485 ταῖν
537 442 595 492 ὦς
620 441 790 497 ἀληθῶς
818 444 893 481 no>
897 440 1026 492 εμιων
1039 472 1052 491 ,
1089 437 1147 478 τῶ
1173 435 1277 490 μήτε
1302 434 1538 476 παντάπασι
1566 432 1612 475 τὸ

142 511 343 592 δῖθάσαν
375 507 640 565 ἀτιμώρητον
675 507 1035 562 καταλειφθῆναι,
1066 519 1134 545 και
1161 503 1239 544 τοῦ
1270 502 1486 554 μέλλοιτος
1506 501 1616 555 πέρι,

169 574 280 654 ὅπως
297 577 342 618 ἐν
359 577 417 632 τιὸ
435 575 579 630 ιῖσφαλ
582 579 626 614 εἴ
637 569 908 625 κείσεται,τά
933 571 1079 612 δέοντα
1101 564 1455 623 παρεσκευάσθαι.
1477 563 1522 606 τὸ
1538 567 1617 618 μὲν

171 642 250 699 γὰρ
276 639 413 684 {mmo
418 656 463 684 ον
486 641 616 682 ἐκεῖνο
646 639 724 680 τοῦ
754 638 906 693 τρόπου
938 634 1008 678 καί
1026 630 1298 688 βωμολόχον,
1339 627 1362 670 ὃ
1385 628 1618 685 προβαλλό-

169 723 288 763 μενοι
309 705 414 761 μετὰ
435 704 670 762 πραότητος
687 704 858 760 δολερᾶς
877 701 950 743 καὶ
969 698 1134 754 ὁμιλίας
1152 697 1500 753 μεμηχανημένης
1515 694 1612 744 τούς
1629 703 1660 736 D

171 771 446 822 πιστεύοντας
470 770 692 824 ἀδικοῦσι,
731 766 927 824 περιττὸν
951 765 1070 808 ε’σται
1101 766 1173 806 καί
1193 761 1389 817 ἀνόνητον
1403 795 1416 815 ,
1454 762 1526 803 καὶ
1541 777 1620 817 ουχ

124 841 342 890 ιοὲξουσιν
368 853 482 887 οπως
515 833 634 894 afim?
653 833 883 892 χρήσονται
909 833 1005 874 καθ’
1031 831 1150 886 ἡμῶν
1181 826 1252 871 διὰ
1273 826 1321 869 τὸ
1346 842 1518 880 αμικτον
1548 830 1623 882 τῆς

174 901 424 958 δυσμενείας
457 919 527 944 και
550 901 792 957 περιφανῶς
815 895 1152 952 ἀποκεκριμένον.
1194 896 1233 936 εἰ
1260 895 1306 935 δὲ
1331 910 1400 934 και
1431 895 1624 946 πολεμεῖν

172 971 438 1026 πειραθεῖεν,
478 963 584 1008 ἄλλα
614 963 718 1022 πρὸς
740 961 915 1015 Λαζούς
947 959 1035 1016 ἅμα
1059 978 1128 1002 και
1158 962 1334 1016 Πέρσας
1358 956 1626 1014 παραταττό-

173 1048 317 1088 μενοι,
365 1049 437 1074 και
463 1033 596 1074 ταῦτα
624 1031 670 1072 ἐν
696 1027 870 1086 πολεμία
895 1030 946 1084 γῇ
959 1061 971 1081 ,
1012 1024 1059 1068 τὸ
1084 1028 1184 1081 γοῦν
1216 1026 1436 1076 ἐντεῦθεν,
1471 1039 1548 1065 ουκ
1573 1041 1625 1066 αν

164 1097 276 1140 οὐδὲ
299 1113 376 1152 την
397 1095 534 1152 ὄρμην
553 1094 809 1138 ὑποσταῖεν.
831 1095 874 1135 οἱ
890 1109 935 1148 γε
962 1108 1033 1133 και
1057 1090 1211 1147 ἀρτίως
1230 1089 1360 1132 παντί
1382 1091 1442 1147 τῶ
1459 1089 1626 1145 στρατῶ

127 1161 304 1220 ,5μοίρα
328 1178 410 1204 τινι
435 1163 518 1204 τῶν
548 1159 715 1216 ΙΠηδων
745 1159 946 1216 ἐλαχίστῃ
980 1155 1283 1214 προσμιξαντες
1310 1172 1379 1198 και
1412 1153 1517 1211 πρὸς
1542 1170 1627 1210 φυ-

175 1243 254 1284 γην
268 1224 403 1277 ευθΰς
423 1226 644 1282 αἰσχίστην
662 1225 900 1282 τραπέντες,
922 1225 1050 1279 μέχρι
1074 1239 1141 1264 και
1161 1223 1235 1264 νῦν
1255 1218 1488 1275 μονονουχὶ
1502 1235 1628 1261 πνευι-

178 1294 351 1335 στιῶσιν
370 1290 452 1333 ὕπὸ
477 1293 554 1333 τοῦ
574 1289 750 1348 δρόμου,
770 1287 903 1331 ἅπασι
922 1291 1000 1342 μὲν
1023 1288 1080 1337 ὥς
1096 1288 1226 1329 εἰπεῖν
1246 1293 1330 1337 τοῖς
1348 1281 1491 1335 αλλοις
1508 1287 1669 1332 ἔλατ-Ρ
1682 1295 1728 1334 83

179 1358 404 1411 τωθέντες,
432 1357 543 1414 μόιῳ
569 1358 615 1399 δὲ
633 1359 688 1398 τῶ
709 1355 830 1410 τάχει
851 1371 953 1404 τους
981 1352 1207 1403 διώκοντας
1227 1351 1494 1408 νενικηκότες.

292 1423 331 1464 ι’.
386 1420 581 1476 ,,Τούτου
601 1423 648 1463 δὲ
673 1419 720 1463 τὸ
741 1423 819 1474 μὲν
840 1421 1025 1474 ἐμφανὲς
1049 1421 1120 1460 καί
1143 1418 1467 1475 προχειρότατον
1496 1415 1631 1459 αἴτιον

128 1486 414 1543 Ζοᾶνανὸρίαν
437 1485 546 1528 εἴποι
579 1503 643 1535 τις
671 1482 744 1539 ἂν,
783 1487 856 1527 καί
876 1483 923 1526 τὸ
954 1482 1012 1539 μὴ
1037 1482 1090 1526 τὰ
1112 1484 1374 1539 προσήκοντα
1407 1482 1632 1537 βεβουλεῦ-

187 1557 304 1597 σθαι.
333 1550 532 1610 πρόσεστι
545 1551 625 1609 γάρ
650 1549 795 1602 αὕτοῖς
813 1550 870 1601 ὥς
885 1546 1055 1606 ἀληθῶς
1078 1548 1267 1605 καθάπερ
1287 1550 1416 1590 οἰκεῖα
1441 1547 1514 1590 καί
1531 1562 1634 1602 συγ..

283 1647 333 1671 ιο.
345 1634 554 1681 χρήσονται
582 1635 620 1667 Β.
635 1631 885 1679 ,χρήσωνται
909 1633 1001 1678 vulg.
1091 1633 1141 1676 ¹4·
1169 1642 1243 1666 καν
1264 1629 1400 1676 α’ρτίως
1421 1629 1631 1666 R.15.

276 1683 556 1728 προσμίξαντες
579 1683 643 1714 καὶ
668 1680 748 1714 add.
780 1691 824 1714 ex
849 1681 886 1713 Β.
913 1685 951 1713 et
974 1680 1084 1722 Intpr.
1109 1676 1173 1713 uhi
1200 1697 1239 1705 —
1268 1690 1400 1712 manus
1423 1676 1633 1711 conseruis-

277 1737 368 1764 sent.
444 1729 498 1764 18.
522 1727 758 1769 νενικηκότες
779 1727 831 1766 Β.,
857 1728 1092 1768 νενικηκέναι
1115 1726 1212 1770 vulg.
1321 1736 1376 1759 20.
1404 1722 1635 1770 ἄνανδρείαν

278 1774 321 1815 Β,
438 1774 683 1821 προσήσονται
707 1773 796 1819 Sph.
820 1774 898 1810 Par.

188 1855 251 1901 qui
285 1853 543 1887 moderatiores
576 1853 916 1899 aequabilioresque
953 1856 1058 1892 sunt,
1104 1852 1242 1897 quique
1276 1849 1568 1883 benevolentiam
1595 1848 1636 1882 in

187 1912 270 1936 suos
303 1905 340 1933 et
364 1902 402 1933 in
429 1900 632 1934 foederatos
659 1906 789 1933 sartam
814 1904 944 1932 tectam
970 1904 1190 1932 conservant.
1239 1894 1294 1931 Ita
1319 1907 1404 1931 vero
1430 1897 1634 1949 ειιροιὶοτοε

186 1947 380 1982 evademus
405 1947 465 1987 iis,
489 1948 552 1993 qui
576 1958 660 1981 vere
684 1947 792 1980 nobis
818 1951 902 1979 sunt
926 1945 1061 1986 hostes,
1091 1946 1122 1978 si
1147 1955 1267 1990 neque
1293 1944 1442 1976 omnino
1467 1943 1650 1975 commis-.

187 2005 267 2027 sum
291 1993 431 2026 facinus
464 1994 613 2039 impune
646 1993 779 2035 abeat,
815 1993 996 2038 simulque
1024 1993 1062 2025 in
1088 1996 1272 2036 posterum
1302 1990 1488 2023 securitati
1514 2000 1634 2022 rerum

189 2044 392 2073 nostrarum
431 2040 729 2076 consuluerimus.
802 2039 892 2072 Nam
933 2038 1081 2072 subdoli
1119 2049 1243 2071 eorum
1276 2042 1313 2070 et
1350 2036 1477 2069 blandi
1509 2046 1638 2075 mones,

191 2097 280 2132 quos
327 2097 413 2132 prae
438 2098 476 2120 se
513 2087 670 2120 ferentes
707 2086 831 2120 dolosa
871 2085 1027 2132 quadam
1073 2085 1224 2118 lenitate
1268 2084 1470 2128 fictitiaque
1500 2082 1638 2115 famili-

192 2133 319 2166 aritate
355 2133 518 2166 credulos
554 2134 686 2167 fallunt
723 2133 942 2178 iniuriisque
993 2132 1159 2165 afficiunt
1191 2131 1286 2163 irriti
1324 2131 1432 2183 plane
1476 2133 1513 2161 et
1552 2129 1639 2161 inu·—

194 2179 277 2212 tiles
304 2183 433 2222 erunt3
465 2190 584 2224 neque
611 2180 699 2225 ipsis
735 2180 887 2212 facultas
913 2183 1083 2223 suppetet
1114 2178 1281 2210 adversus
1320 2189 1385 2210 nos
1418 2175 1464 2208 iis
1489 2175 1640 2216 utendi,

194 2235 274 2260 cum
309 2225 408 2258 nulla
439 2226 545 2259 nobis
582 2226 629 2259 ob
664 2227 903 2260 hostilitatem
940 2224 1162 2258 consuetudo
1198 2235 1277 2257 cum
1306 2224 1358 2256 eis
1385 2223 1432 2256 sit
1462 2223 1642 2255 intences-

195 2283 298 2312 sura,
323 2269 386 2305 sed
407 2278 528 2316 aperte
555 2272 730 2306 disiuncti
758 2275 870 2306 simus
902 2272 1027 2305 futuri.
1078 2270 1188 2315 Quod
1224 2271 1253 2303 si
1286 2281 1371 2302 vero
1403 2269 1512 2302 etiam
1541 2269 1639 2301 bello

194 2329 261 2351 nos
285 2317 427 2363 aggredi
452 2320 648 2362 tentarint3
674 2320 705 2352 si
736 2319 906 2352 adversus
934 2319 1042 2352 Lazos
1067 2318 1175 2350 simul
1203 2323 1239 2350 et
1258 2318 1376 2350 Persas
1402 2315 1640 2360 congredien—

196 2364 281 2397 dum
307 2364 418 2396 fuerit
442 2370 478 2398 et
503 2365 649 2411 quidem
673 2367 712 2399 in
739 2365 866 2399 hostili
895 2366 1067 2410 regione,
1095 2375 1141 2396 ne
1167 2364 1323 2408 primum
1350 2362 1494 2408 quidem
1517 2373 1642 2395 eorum

194 2411 371 2455 impetum
409 2411 583 2444 sustinere
614 2413 776 2456 possint,
824 2412 887 2457 qui
920 2411 1027 2444 modo
1070 2422 1149 2443 cum
1185 2411 1352 2443 universo
1397 2410 1555 2442 excxcitu
1595 2408 1640 2440 ab

196 2459 324 2502 exigua
350 2456 503 2502 quadam
522 2457 709 2491 Medorum
728 2470 836 2491 manu
863 2459 1053 2491 confestim
1075 2458 1113 2489 in
1135 2458 1378 2501 tmpissimam
1398 2456 1516 2500 fugam
1535 2455 1640 2494 vensi,

196 2509 234 2537 et
258 2502 375 2536 adhuc
412 2507 552 2535 tantum
578 2516 650 2537 non
684 2516 771 2549 prae
807 2516 910 2537 cmsu
948 2503 1159 2536 anhelantes
1198 2504 1366 2548 spiritum
1400 2501 1566 2542 trahnnt3
1606 2506 1643 2533 et

195 2549 363 2584 omnihus
381 2549 540 2593 quidem,
553 2556 594 2583 nt
612 2551 663 2583 ita
682 2551 810 2593 dicam,
827 2552 908 2584 aliis
928 2551 1028 2592 victi,
1050 2551 1125 2584 sola
1141 2560 1224 2583 vero
1242 2551 1424 2583 celeritate
1444 2550 1642 2592 insequen-

194 2601 250 2630 tes
266 2597 386 2630 Persas
410 2597 583 2628 vicerunt.

292 2654 342 2677 ιο.
393 2642 506 2674 Huius
541 2652 623 2674 vero
652 2643 706 2676 rei
744 2644 970 2688 apertissima
995 2642 1354 2693 expeditissimaquq
1365 2651 1468 2672 eausa
1501 2639 1642 2685 ignavia

194 2689 324 2723 merito
346 2687 486 2721 dicatur
508 2694 544 2721 et
563 2689 795 2722 consiliorum
816 2691 985 2734 pravitas.
1012 2689 1282 2722 Adhacrcscunt
1298 2687 1394 2719 enim
1414 2686 1500 2730 ipsis
1521 2698 1643 2720 reveno

196 2739 365 2782 tanquam
394 2736 540 2782 propria
571 2740 679 2782 atque
705 2736 829 2770 innata
851 2733 940 2770 haec
961 2735 1114 2782 probm3
1147 2735 1193 2768 ad
1225 2745 1316 2779 quae
1350 2739 1508 2766 anatura
1536 2733 1643 2767 insiti
