1832 3152
549 125 924 171 msTomARnM
968 130 1035 168 iv.
1055 129 1118 172 13.
1457 101 1565 158 '233

126 232 198 272 καί
228 231 386 272 ἕκαστα
405 228 710 283 διαγγειλαντες
727 259 740 281 ,
775 228 982 283 μεγίστων
1016 227 1251 284 ἀνέπλησαν
1274 225 1322 268 τὸ
1352 222 1473 273 ἔθνος
1499 224 1616 265 ἑλ-Α·
1637 223 1674 256 C.
1696 223 1762 260 555

125 294 271 338 πίθων.
327 327 331 330 .
1579 272 1703 318 1'1'29

235 359 298 416 ιγ’.
360 363 444 402 Τοῦ
477 361 524 403 δὲ
554 354 656 417 ἦρος
677 357 942 418 ἆρχομένου,
985 360 1137 405 αὐτίκα
1162 361 1202 402 οἱ
1231 361 1313 403 τῶν
1344 355 1618 411 εΡωμαίωνΑ.
1632 362 1669 396 C.
1686 359 1753 396 556

125 427 352 484 στρατηγοὶ
377 427 421 476 ἐς
456 422 587 469 ταῦτό
621 443 702 470 που
737 428 1023 482 ξυνελθόντες,
1070 426 1256 483 ἔγνωσαν
1289 422 1395 466 κατὰ
1426 424 1565 466 Μισι-
1582 411 1707 446 1.1.30

99 492 288 547 spatam-32*
319 491 652 548 ἐπιστρατεύειν.
691 491 796 535 ἀλλὰ
819 491 987 549 Βούζης
1021 496 1101 547 μὲν
1123 491 1196 535 καί
1228 488 1450 539 Ἰουστῖνος
1487 487 1572 531 dmi

124 555 202 613 τήν
227 557 372 613 Νῆσον
395 560 536 611 μένειν
572 558 822 614 ἐτετάχατο,
867 559 1177 616 φρουρήσοντες
1204 556 1258 600 τὰ
1289 553 1464 609 ἐνθάδέ,
1504 553 1578 596 καὶ

124 619 322 666 minoium
341 623 692 680 ἐπιμελησόμενοι.
721 627 961 668 ἐστέλλοντο
979 626 1026 667 δὲ
1048 626 1120 668 ἐπὶ
1135 622 1207 667 τὸν
1220 622 1399 676 πόλεμον
1418 616 1600 678 ἄνδρεςΒ

125 689 170 739 ἒς
196 692 578 746 τετρακισχιλίους,
617 690 736 743 πεζοὶ
755 687 847 744 ἅμα
876 690 950 734 καί
977 689 1163 734 ἱππόται·
1201 691 1248 732 ἐν
1275 694 1364 738 τοῖς
1393 682 1510 730 ἄλλοι
1531 702 1576 728 τε

126 747 237 809 ἦσαν
257 757 343 799 τῶν
366 757 704 812 γνωριμωτάτων
730 752 834 811 ἄγαν
847 791 860 811 ,
889 756 965 799 καί
986 754 1231 808 Μαξέντιός
1253 772 1299 798 τε
1321 753 1393 796 καί
1413 750 1578 796 Θεόδω-

74 833 224 877 ιορος,
262 820 290 862 ὅ
311 822 385 876 τῆς
420 823 646 878 Τζαννικῆς
664 822 882 876 δυνάμεως
908 821 1228 880 πρωτοστάτης,
1257 818 1316 872 ὥς
1331 836 1406 875 μοι
1424 817 1578 862 πολλά..

127 901 192 935 κις
211 881 398 942 ἐρ’ῥὴθη,
427 881 556 943 ἄμφω
577 887 784 942 πολεμικαὶ
817 891 890 931 καί
908 887 1137 946 ταξιάρχω.
1163 887 1236 930 καί
1253 885 1292 929 οἱ
1315 889 1394 940 μὲν
1417 883 1578 940 εἴχοντο

126 953 201 1006 τῆς
226 951 384 1003 ἐξόδου·
421 947 574 1008 ἤμελλε
601 955 648 995 δὲ
677 951 823 1005 αὐτοῖς
846 951 920 996 οῦκ
951 958 995 1005 ἐς
1015 953 1184 1012 μακρὰν
1208 953 1282 996 καί
1308 952 1331 995 ὖ
1359 955 1579 1007 Μαρτῖνος

127 1015 427 1072 ἐπιστήσεσθαι
447 1017 506 1068 ὥς
527 1018 790 1074 ἡγησόμενος.
837 1019 896 1070 ὥς
919 1016 971 1062 ἂν
993 1021 1040 1062 δὲ
1060 1021 1168 1076 μηδὲ
1192 1018 1296 1076 πρὸς
1320 1016 1461 1075 βραχὺ
1480 1019 1580 1072 γοῦν

127 1079 437 1139 ἀστρατήγητοι
465 1080 570 1137 εἶεν,
610 1079 759 1140 ἄρχειν
789 1087 874 1128 τῶν
903 1081 1011 1128 ὅλων
1039 1086 1265 1142 ἑλαχέτην,
1315 1087 1393 1134 ἕως
1417 1082 1479 1125 ἔτι
1508 1081 1577 1124 διὰ

76 1150 199 1205 ιότῆς
215 1146 402 1204 ὑπηκόου
427 1149 683 1207 πορεύοιντο,
711 1150 914 1208 Βαράζης
933 1168 979 1193 τε
997 1148 1102 1207 ἀνὴρ
1137 1148 1356 1208 Ἀρμένιος
1378 1148 1450 1191 καί
1467 1147 1581 1190 Κόλ-

123 1230 202 1268 χος
221 1213 486 1271 Φαρσάντης,
510 1214 607 1258 οὕτε
626 1215 762 1259 πόνων
784 1215 912 1275 ἀρετῇ
936 1213 1033 1260 οὔτε
1054 1219 1104 1275 τῇ
1125 1213 1230 1275 ἄλλῃ
1247 1215 1417 1269 ἀξιώσει
1441 1212 1572 1257 ἁπάν-

126 1296 210 1322 των
222 1282 305 1323 τῶν
319 1284 697 1338 ξυστρατευομένων
717 1282 978 1339 προήκοντες,-
1006 1286 1165 1338 μᾶλλον
1175 1285 1255 1337 μὲν
1273 1278 1347 1326 οὖν
1367 1281 1487 1325 ἐνίων
1498 1279 1571 1323 καί
1582 1293 1608 1327 C

127 1345 444 1400 ἐλασσούμενοι.
480 1346 504 1389 ὅ
528 1350 608 1401 μὲν
637 1347 718 1405 γάρ
740 1351 786 1391 ἐν
808 1354 999 1404 λοχαγοῖς
1029 1351 1157 1392 ἐτέλει
1189 1349 1214 1391 ὅ
1242 1349 1454 1405 Βαράζης,
1484 1343 1580 1389 ἅτε-

129 1426 203 1468 ρος
230 1413 278 1454 δὲ
309 1414 393 1454 τῶν
417 1415 495 1467 μὲν
528 1414 574 1456 ἐν
601 1417 655 1471 τῇ
684 1411 793 1471 αὖλῇ
816 1414 1041 1469 ταγμάτων
1071 1418 1147 1458 τοῦ
1180 1416 1340 1467 Λαζῶν
1372 1414 1579 1468 βασιλέως

74 1477 276 1533 αοῆγεῖτο·
318 1476 568 1536 (μάγιστρος
585 1474 716 1533 ὄνομα
743 1481 794 1537 τῇ
823 1477 950 1538 ἆρχῇ·
979 1481 1220 1534 νενόμισται
1252 1478 1331 1536 γὰρ
1351 1481 1474 1522 τοῦτο
1506 1476 1582 1520 καί

129 1541 244 1600 παρὰ
263 1550 348 1595 τοῖς
367 1543 501 1602 ταύτῃ
521 1544 784 1604 βαρβάροις)
815 1543 866 1588 οὗ
887 1545 970 1603 μὴν
994 1548 1038 1596 ἐς
1064 1549 1261 1589 τοσοῦτον
1282 1544 1398 1604 αὐτῷ
1421 1542 1579 1602 φρονή-

226 1635 254 1658 ι.
279 1622 488 1666 ἐνέπλησαν
507 1625 546 1658 R.
640 1628 673 1661 6.
699 1625 988 1672 φρουρήσαντες
1014 1629 1052 1660 R.
1170 1630 1208 1664 8,
1233 1625 1439 1661 triamillia
1464 1626 1576 1670 Intpr.

226 1671 280 1706 13.
300 1671 365 1704 Pro
393 1669 434 1705 δὲ
456 1673 494 1704 Β.
520 1673 595 1706 καὶ.
704 1673 754 1718 14.
777 1673 846 1711 ἕως
871 1675 922 1714 R„
946 1674 997 1711 ὥς
1021 1675 1117 1721 vulg.
1219 1675 1267 1709 15.
1298 1675 1367 1707 Pro
1398 1682 1436 1706 τε
1461 1674 1499 1706 R.
1524 1671 1576 1706 δὲ.

227 1719 616 1765 ι7.’στρατευομένων
638 1720 680 1757 R.
781 1723 832 1756 18.
856 1719 982 1768 ἕτερος
1006 1721 1044 1756 Β.
1162 1733 1215 1756 21.
1242 1720 1345 1764 αὐτῷ
1369 1730 1434 1766 φρ.
1462 1728 1501 1753 τε
1525 1720 1578 1761 R„

221 1773 336 1811 φρον.
356 1776 386 1798 τ.
412 1765 515 1810 αὐτῷ’
538 1766 633 1819 yulg.

129 1847 333 1889 opportune
362 1843 559 1879 habituros.
611 1846 780 1881 Oratores
812 1849 936 1894 itaque
971 1847 1018 1881 ad
1045 1858 1128 1882 suos
1152 1848 1304 1889 reversi,
1326 1859 1406 1881 cum
1431 1846 1573 1892 singula

130 1891 415 1932 renuntiassent,
438 1894 594 1926 maxima
623 1905 687 1939 spe
718 1899 861 1939 gentem
887 1895 1083 1940 replerunt.

225 1939 276 1972 13.
323 1938 478 1973 Ineunte
503 1945 624 1974 autem
649 1951 754 1982 vere,
785 1942 907 1976 statim
933 1943 1173 1976 Romanorum
1200 1941 1375 1987 praefecti
1399 1942 1438 1974 in
1465 1941 1578 1974 unum

131 1984 248 2018 eoacti
277 1986 475 2019 exercitum
511 1987 551 2020 in
585 1988 813 2022 Misimianos
842 1988 1059 2022 mittendum
1096 1992 1312 2022 statuerunt.
1382 1988 1432 2021 Ac
1462 1989 1574 2021 Buzes

131 2028 279 2076 quidem
301 2037 339 2066 et
364 2032 522 2066 Iustinus
549 2034 647 2079 apud
677 2035 834 2069 Insulam
861 2046 1003 2068 manere
1029 2041 1114 2069 sunt
1137 2036 1248 2077 iussi,
1274 2034 1457 2081 pracsidio
1484 2035 1575 2067 locis

131 2077 206 2111 illis
231 2076 366 2119 futuri,
391 2079 514 2113 omnia
567 2091 588 2114 e
616 2080 812 2126 diligenter
835 2083 992 2115 curaturi
1014 2094 1023 2126 3
1060 2083 1171 2115 missa
1193 2094 1278 2117 vero
1305 2087 1390 2116 sunt
1419 2080 1465 2115 ad
1493 2080 1576 2113 bel-

132 2123 208 2158 lum
231 2123 398 2168 peditum
430 2126 523 2158 simu
565 2132 602 2160 et
629 2129 793 2173 equitum
828 2130 945 2162 millia
975 2133 1156 2175 quatuor,
1188 2129 1285 2163 inter
1322 2140 1412 2175 quos
1441 2133 1478 2162 et
1511 2127 1576 2166 alii

133 2174 238 2203 erant
258 2170 403 2210 maximi
427 2173 584 2207 nominis
616 2174 696 2215 viri,
729 2180 766 2209 et
801 2175 1007 2209 Maxentius
1035 2188 1076 2210 ac
1105 2175 1319 2210 Theodorus
1343 2175 1575 2209 Zannicarum

132 2217 318 2261 copiarum
341 2217 428 2259 dux,
461 2225 503 2253 ut
525 2220 596 2253 iam
627 2232 735 2266 saepe
760 2222 848 2266 dixi3
875 2223 1044 2256 bellicosi
1070 2223 1177 2256 ambo
1203 2229 1241 2257 et
1257 2223 1427 2257 ordinum
1451 2221 1573 2256 duces.

132 2262 179 2296 At
233 2274 254 2296 e
276 2263 317 2297 hi
343 2264 492 2310 quidem
517 2266 785 2312 expeditionem
804 2269 957 2315 aggressi
986 2275 1080 2304 sunt.
1129 2269 1335 2304 Videbatur
1355 2274 1475 2303 autem
1500 2280 1576 2302 non

130 2320 191 2343 mu
210 2315 246 2343 to
282 2316 365 2356 post
400 2312 510 2346 etiam
540 2314 714 2349 Martinus
749 2316 836 2362 ipsis
876 2317 1150 2362 adiungendus,
1186 2322 1229 2350 ut
1263 2317 1392 2351 ductor
1422 2316 1576 2354 futurus,

130 2356 187 2390 Ne
210 2367 297 2390 vero
321 2357 380 2391 vel
405 2358 453 2392 acl
482 2360 591 2394 breve
625 2362 777 2408 aliquod
804 2369 946 2409 tempus
981 2363 1071 2398 duce
1103 2364 1389 2397 destituerentur
1413 2386 1426 2403 ,
1462 2363 1581 2406 impo-

131 2403 226 2436 rium
257 2404 368 2439 totius
396 2407 600 2448 exercitus,
637 2410 809 2454 quamdiu
836 2422 903 2457 per
932 2411 1160 2444 subditorum
1206 2412 1389 2456 regionem
1421 2410 1492 2442 iter
1522 2408 1578 2441 fa-

133 2455 274 2491 cerent,
297 2449 344 2483 ad
368 2451 534 2487 Barazem
557 2453 767 2488 Armenium
795 2462 832 2490 et
855 2457 1086 2491 Pharsantem
1111 2456 1286 2490 Colchum
1313 2461 1368 2490 est
1393 2455 1578 2495 delatum,

132 2497 197 2542 qui
224 2507 344 2542 neque
375 2497 508 2532 bellica
534 2501 668 2535 virtute
693 2514 812 2549 neque
846 2504 916 2537 alia
943 2504 1120 2548 dignitate
1149 2503 1316 2536 omnibus
1343 2503 1449 2537 sociis
1474 2512 1580 2546 p1·ae-.

132 2542 300 2584 stabant,
336 2545 446 2578 immo
474 2557 559 2580 vero
583 2549 770 2582 nonnullis
805 2557 908 2584 erant
937 2551 1139 2584 inferiores.
1188 2549 1279 2582 Nam
1307 2551 1455 2582 Barazes
1482 2548 1580 2581 inter

132 2591 321 2625 turmarios
353 2591 588 2635 censebatur,
630 2595 720 2628 alter
747 2607 830 2629 vero
863 2597 903 2630 in
939 2597 1021 2630 aula
1055 2597 1198 2642 agmina
1234 2597 1326 2641 regis
1361 2595 1579 2628 Colchorum

132 2635 331 2684 ‹luctabat3
372 2638 560 2684 (Magister
596 2640 765 2686 dignitati
797 2647 852 2676 est
885 2655 1048 2685 nomen‚·
1088 2645 1262 2676 usitatum
1295 2643 1393 2675 enim
1428 2641 1498 2674 hoc
1524 2647 1579 2675 cst

137 2687 218 2732 8³¹¹*-
236 2684 307 2718 loci
337 2683 526 2732 barbaris‚)
554 2689 654 2732 atqui
679 2699 752 2722 non
778 2693 918 2723 tantum
954 2696 1016 2723 aut
1046 2690 1262 2736 prudentiae
1293 2694 1355 2723 aut
1392 2688 1579 2722 confiden-

136 2729 210 2766 l-lsse
248 2725 335 2767 uui«,
355 2733 487 2775 inerat,
522 2739 562 2773 ut
592 2734 761 2777 audacter
796 2736 907 2777 >etiam
947 2739 1104 2772 Romano
1153 2736 1327 2771 exercitui
1375 2737 1577 2782 imperaret,
