1832 3152
630 102 1006 143 msTomARUM
1033 105 1083 142 v.
1113 106 1179 146 211.
1309 124 1311 126 -
1514 81 1589 138 33
1604 102 1621 135 1

187 194 244 252 ὥς
269 194 442 246 πλεῖστα
469 198 583 259 παρὰ
607 203 827 255 Ῥωμαίων
854 206 1106 257 κομίσαιντο,
1133 203 1322 260 καθάπερ
1353 201 1392 245 οἶ
1424 201 1726 257 Ου’τίγου-Α.(2.
1745 211 1812 246 558

184 285 273 325 ροι·
298 268 395 318 τούς
422 285 466 310 τε
495 268 813 322 αἰχμαλώτους,
862 271 901 311 εἰ
925 269 984 325 μὴ
1012 271 1165 311 θᾶττον
1192 263 1384 325 πρίαιντο
1414 267 1453 310 οἱ
1482 260 1660 323 ἐπιτή-Ῐ·
1686 259 1768 291 13²

185 335 302 388 δειοι,
333 334 619 391 ἀποσφάττειν
656 334 807 376 αὔτικα
845 335 1053 390 ἠπείλουν.
1095 334 1118 377 ὁ
1153 337 1199 378 δὲ
1226 333 1427 389 βασιλευς
1455 333 1633 390 χρυσίον

184 395 326 457 αὖτοῖς
351 398 542 452 ἔστειλεν,
567 397 724 441 ὁπόσον
747 396 938 455 ἀποχρῆν
958 394 1058 458 ᾤετο
1081 399 1124 450 ἔς
1147 417 1192 442 τε
1208 398 1259 442 τά
1279 398 1409 456 λύτρα
1435 401 1518 441 τῶν
1540 401 1636 449 ξυν-

155 463 466 519 5ειλημμένων,
488 466 561 506 καί
583 461 696 514 ὅπως
715 466 917 520 εἶρηναῖοι
935 464 1126 508 τολοιπὸν
1150 462 1425 519 ἀπαλλαγεῖεν
1443 467 1519 521 τῆς
1546 462 1635 519 χιό-

175 545 280 584 pag.
320 528 395 570 καί
412 527 464 584 δὴ
486 524 642 578 ἄλλους
661 546 703 571 τε
725 527 904 579 πολλοὺς
929 530 1152 584 ἀπέδοντο,
1200 529 1272 571 καί
1297 528 1348 586 δὴ
1370 531 1541 586 Σέργιον
1561 528 1634 572 τὸν

179 592 356 648 Βάκχου
379 593 452 635 τὸν
474 595 717 651 στρατηγόν·
744 592 919 636 ἑαλώκει
941 593 1019 651 γάρ
1043 591 1181 649 ὀλίγου
1203 594 1442 650 ἔμπροσθεν
1460 596 1532 637 καί
1554 594 1632 636 αὖ-

175 651 253 708 Ιτὸς
275 659 450 718 ἀπαισίᾳ
472 659 557 703 τινί
573 658 834 716 χρησάμενος
855 661 977 717 τύχῃ,
999 662 1071 702 καί
1087 662 1133 702 ἑν
1147 666 1232 711 τοῖς
1244 657 1529 714 αἰχμαλώτοις
1540 661 1628 702 ἑτέ-
1643 670 1678 704 P.
1693 669 1761 708 170

180 729 268 767 λει.
317 721 423 766 οὕτω
451 740 493 766 τε
521 723 638 778 μόλις
667 725 868 767 ἐπαύοντο
897 726 1216 781 λεηλατοῦντες,
1270 725 1344 766 καί
1378 727 1454 780 τῆς
1491 723 1634 767 οἴκαδε

131 788 344 844 ιοεῖχοντο
365 790 558 845 πορείας,
601 790 875 845 ἀναλαβόντες
903 791 981 832 οὔκ
1008 792 1051 842 ἐς
1069 788 1238 846 μακρὰν
1264 788 1338 832 καί
1357 788 1457 840 τούς
1488 791 1534 834 ἐκ
1559 791 1634 847 τῆς

172 846 372 904 Ἑλλάδος
402 855 693 911 ἀφικομένους.

289 919 366 962 κδ’.
427 924 522 970 Τοῖς
548 922 626 973 μὲν
655 916 729 962 οὖν
755 922 830 976 τῆς
857 921 1015 971 πόλεως
1053 924 1128 978 τῆς
1154 924 1373 977 βασιλίδος
1401 918 1542 972 ἀστοῖς
1585 921 1631 964 αἱ

159 989 367 1039 ι’τοιαῦται
396 989 599 1042 ξυνθῆκαι
624 987 804 1041 ἀγεννεῖς
822 983 928 1029 εἶναι
951 986 1123 1030 ἐδόκουν
1144 988 1217 1032 καί
1243 990 1420 1045 αἰσχραί
1441 988 1514 1032 καί
1536 988 1632 1031 ἀνε-

176 1051 397 1107 λεύθεροι·
443 1050 526 1105 εἴγε
554 1048 691 1108 ὥσπερ
722 1053 774 1093 οὐ
803 1051 987 1108 φορητὸν
1014 1053 1231 1109 ὑπάρχον,
1265 1051 1328 1096 ὅτι
1357 1053 1407 1109 δὴ
1437 1054 1632 1110 πλησιαί-

121 1119 282 1161 fitam
323 1119 395 1172 τῆς
434 1116 589 1167 πόλεως
633 1117 672 1159 οἱ
710 1120 902 1171 πολέμιοι
943 1119 1168 1175 ἀφιγμένοι
1204 1122 1277 1162 καί
1323 1120 1629 1174 ἐγγελάσαντες,

174 1182 252 1224 ὀὐκ
290 1179 414 1224 αὖτοί
450 1185 718 1242 πανωλεθρία
758 1185 1078 1240 διεφθάρησαν,
1129 1185 1221 1227 ἀλλ’
1248 1184 1313 1227 ἔτι
1352 1184 1426 1228 καὶ
1451 1188 1628 1241 χρυσίον

171 1250 421 1302 ’ἐκομίσαντο
446 1249 746 1305 χαριστήριον,
800 1247 936 1306 ὥσπερ
966 1249 1086 1304 ἡμῶν
1127 1253 1172 1302 ἐς
1201 1249 1358 1301 αὐτούς
1384 1255 1627 1307 πεπλημμε-

175 1313 377 1370 ληκότων.
424 1314 451 1370 ἦ
482 1315 529 1356 δὲ
556 1317 630 1356 τοῦ
657 1315 862 1368 βασιλέως
886 1313 1030 1370 γνώμη
1057 1318 1100 1365 ἐς
1128 1311 1230 1358 ἄλλο
1259 1332 1301 1357 τι
1329 1318 1474 1369 μεῖζον
1498 1313 1652 1372 ἓώρα,Β

175 1375 275 1435 ὅπερ
307 1379 382 1422 οὔκ
418 1382 463 1428 ἐς
497 1378 665 1435 μακρὰν
695 1379 860 1434 ἀποβάν
887 1379 1026 1422 ἔπεισε
1063 1379 1166 1429 τούς
1193 1381 1396 1437 πρότερον
1419 1384 1624 1434 νεμεσῶν-

118 1457 251 1495 αοτας
277 1445 573 1502 ὗπεράγασθαι
599 1442 726 1488 αὐτὸν
746 1445 804 1495 ὥς
832 1440 937 1500 ἄγαν
965 1448 1165 1502 προμηθῆ
1189 1448 1261 1488 καί
1284 1447 1625 1500 ἀγχινούστατον·

271 1546 299 1569 1.
329 1533 558 1581 Οὐτίγουροι
579 1534 718 1568 correxi
743 1545 787 1568 ex
810 1545 843 1577 p.
866 1536 944 1569 300.
975 1537 1007 1575 3,
1031 1535 1109 1570 303.
1138 1531 1187 1570 rr.
1211 1541 1248 1569 et
1268 1535 1470 1570 Menandro
1500 1535 1619 1569 histo-

264 1581 365 1621 rico.,
388 1580 757 1626 Ov’rrtyovqocvulg„
784 1581 1040 1627 Οὗτρίγουροι
1059 1582 1099 1614 R.
1193 1581 1225 1625 4.
1252 1591 1290 1615 τε
1307 1582 1375 1615 ins.
1389 1593 1433 1616 ex
1451 1583 1492 1620 R.
1585 1585 1619 1617 6.

263 1620 307 1669 dt}
333 1639 401 1660 om.
426 1629 464 1662 R.
570 1631 600 1664 8.
629 1629 707 1662 τινὶ
729 1635 840 1672 χρησ,
864 1629 915 1668 R„
943 1635 1052 1674 χρησ.
1076 1639 1154 1661 τινι
1173 1629 1266 1673 vulg.
1365 1631 1416 1663 13.
1447 1626 1514 1662 due
1524 1653 1619 1663 .....

264 1674 304 1707 R.
327 1685 408 1707 cum
422 1675 549 1709 lacuna
569 1685 684 1720 usque
707 1674 753 1707 ad
773 1673 842 1707 οὐκ
870 1675 993 1716 αὐτοὶ,
1017 1678 1095 1707 tum
1114 1680 1235 1709 autem
1255 1676 1390 1720 pergit:
1424 1676 1494 1709 τοῦ
1518 1686 1618 1708 παν-

263 1720 324 1753 ωλ.
437 1720 485 1764 ¹4·
511 1722 589 1766 εἴγε
603 1721 730 1765 ὥσπερ
744 1721 790 1754 οὗ
811 1713 982 1766 φορητὸν
1001 1719 1189 1765 ὑπάρχον.
1216 1719 1270 1754 Ita
1285 1720 1376 1754 haec
1402 1733 1516 1767 ,quae
1539 1733 1621 1757 cer-

264 1771 302 1800 te
318 1778 392 1800 non
419 1766 514 1801 bene
535 1767 686 1807 habent,
710 1768 748 1800 in
773 1768 851 1801 Par.
873 1768 1064 1812 leguntur:
1102 1768 1141 1799 in
1157 1767 1268 1812 Lugd.
1295 1773 1332 1801 et
1354 1768 1408 1801 ed.
1425 1779 1478 1812 pr.
1508 1779 1619 1812 nega-

262 1813 316 1846 tio
337 1814 526 1847 omittitur.
575 1815 618 1847 In
636 1816 672 1846 R.
689 1815 852 1847 lacunam
871 1825 948 1847 esse
970 1815 1042 1846 iam
1062 1813 1150 1847 dixi.
1199 1815 1310 1858 Intpr.
1327 1826 1398 1849 nec
1419 1817 1535 1860 plane
1557 1826 1620 1848 esc-

261 1860 479 1894 istimabant
498 1859 542 1894 id
556 1859 716 1906 quodam
731 1859 1059 1909 pactofirendum.
1168 1862 1218 1894 16.
1247 1861 1310 1892 καὶ
1331 1872 1401 1894 om.
1425 1862 1463 1893 R.
1564 1873 1615 1906 ¹9·

261 1905 354 1953 ὅπερ
373 1908 435 1948 Β.,
459 1905 587 1953 ὥσπερ
607 1907 700 1952 vulg.
723 1912 760 1940 et
778 1907 893 1951 Intpr.
988 1918 1040 1940 20.
1069 1905 1119 1943 ὥς
1146 1907 1200 1947 R„
1226 1906 1264 1943 ἐς
1283 1907 1378 1952 vulg.

168 1996 334 2043 Utiguri5
377 2000 414 2038 et
439 1998 599 2042 captivos
615 2022 626 2038 ,
665 1996 737 2031 nisi
764 1996 810 2030 ab
835 2006 959 2030 eorum
984 1996 1200 2042 propinquis
1227 1996 1490 2043 quamprimum
1515 1996 1615 2031 redi-

168 2048 369 2084 merentur,
414 2044 605 2077 confestim
636 2043 858 2088 iugulaturos
894 2055 973 2077 sese
1006 2043 1247 2077 minabantur.
1305 2044 1506 2087 Imperator
1528 2055 1613 2077 vero

168 2094 308 2123 tantum
331 2090 409 2123 auri
433 2091 485 2124 eis
511 2091 621 2132 misit,
646 2096 821 2136 quantum
848 2089 1071 2125 redimendis
1097 2091 1247 2134 captivis
1273 2091 1502 2122 suffecturum
1528 2101 1614 2122 cen-

169 2135 294 2178 sebat,
318 2142 356 2170 et
372 2141 412 2169 ut
427 2137 568 2182 pacifici
586 2137 758 2182 deinceps
775 2138 923 2182 regione
941 2135 1169 2170 excederent.
1222 2136 1368 2169 Barbari
1388 2137 1513 2181 itaque
1532 2148 1612 2170 cum

168 2182 261 2218 alios
298 2183 429 2216 multos
462 2183 721 2224 restituerunt,
768 2189 847 2220 tum
883 2195 967 2218 vero
997 2183 1107 2216 etiam
1141 2182 1305 2227 Sergium
1329 2181 1459 2217 Bacchi
1498 2183 1615 2215 filium

168 2227 409 2274 praefectum3
430 2235 552 2274 captus
571 2231 668 2265 enim
683 2230 801 2263 fuerat
819 2230 928 2264 etiam
948 2231 1026 2274 ipse
1044 2230 1154 2273 paulo
1167 2235 1263 2270 ante,
1282 2229 1441 2263 infausta
1460 2229 1612 2274 quadam

170 2287 254 2309 usus
280 2275 448 2317 fortuna,
478 2281 516 2310 et
538 2277 634 2310 inter
656 2277 833 2322 mancipia
858 2276 1083 2310 censebatur.
1118 2276 1238 2321 Atque
1262 2276 1314 2309 ita
1339 2286 1443 2319 aegre
1468 2275 1614 2308 tandem

168 2334 190 2355 a
212 2321 418 2367 praedando
445 2321 712 2364 abstinuerunt,
736 2329 776 2357 et
797 2324 944 2357 domum
962 2334 1083 2356 versus
1106 2323 1176 2357 iter
1199 2323 1448 2362 instituerunt,
1474 2333 1612 2355 assum-

167 2368 215 2402 tis
237 2379 358 2402 secum
377 2380 451 2402 non
474 2370 587 2403 multo
612 2374 696 2414 post
723 2371 831 2403 etiam
855 2370 919 2411 iis,
947 2369 1010 2415 qui
1038 2380 1057 2402 e
1088 2369 1240 2402 Graecia
1265 2368 1494 2402 advenerant.

260 2413 315 2458 24.
359 2414 506 2448 Civibus
529 2416 652 2462 itaque
673 2416 773 2450 urbis
797 2417 917 2461 regiae
945 2415 1034 2449 haec
1063 2420 1167 2459 pacta
1196 2427 1323 2459 parum
1349 2414 1503 2447 honesta
1537 2424 1614 2448 esse

166 2461 404 2502 videbantur,
439 2462 547 2495 immo
581 2463 702 2508 turpia
740 2468 848 2509 atque
878 2463 1095 2505 illiberalia;
1133 2461 1286 2508 perinde
1314 2473 1354 2494 ac
1380 2461 1410 2493 si
1436 2461 1611 2493 intolera-

166 2507 244 2541 bile
269 2513 374 2548 esset‚
399 2507 497 2553 quod
514 2507 646 2550 hostes,
677 2511 740 2555 qui
767 2521 874 2556 quam
890 2511 1053 2555 proxime
1077 2508 1122 2542 ad
1140 2510 1266 2542 urbem
1286 2513 1474 2547 venerant,
1501 2508 1612 2551 eique

166 2564 232 2599 per
257 2553 457 2587 ludibrium
488 2555 724 2596 insultarant,
770 2567 844 2589 non
870 2557 940 2600 ipsi
971 2556 1017 2589 ad
1045 2556 1334 2590 internecionem
1358 2553 1449 2587 caes)
1479 2558 1611 2594 essent,

168 2600 232 2635 sed
245 2602 392 2644 insuper
417 2602 524 2635 etiam
549 2612 674 2634 aurum
697 2601 907 2636 donativum
923 2602 1181 2642 abstulissent,
1223 2600 1323 2645 quasi
1348 2611 1413 2632 nos
1443 2600 1481 2631 in
1512 2599 1609 2642 ipsos

169 2645 456 2692 deliquissemus.
497 2648 724 2691 Imperatoris
748 2659 832 2682 vero
851 2660 952 2682 mens
970 2654 1080 2694 atque
1102 2648 1294 2681 consilium
1314 2645 1359 2679 ad
1378 2645 1479 2678 aliud
1500 2644 1612 2691 quid-

171 2691 252 2731 dam
271 2693 384 2732 maius
406 2694 641 2743 respiciebat,
683 2694 984 2744 quemadmodum
1008 2700 1157 2730 eventus
1185 2705 1260 2731 non
1288 2692 1402 2727 multo
1419 2697 1503 2739 post
1519 2690 1607 2728 sub-
