1794 3112
529 148 903 193 111s'romAnm1
946 153 977 192 1.
1007 151 1072 196 16.
1456 125 1526 204 47

88 248 146 301 οὗ
169 257 332 299 πώποτε
357 249 408 296 ἂν
427 251 660 308 πολεμίοις,
687 248 818 306 οἶμαι,
847 249 1022 306 ἁλῶναι,
1051 254 1090 295 εἰ
1108 251 1238 307 μετῆν
1259 250 1304 294 ἐν
1318 251 1439 307 μὲρει
1459 253 1533 292 καί
1540 259 1579 293 Α.
1592 259 1628 292 C.
1653 259 1721 293 552

86 319 310 378 εὖβουλίας
325 321 376 378 τῇ
400 316 533 377 ῥώμῃ.
569 318 730 361 τούτων
751 320 831 372 μὲν
852 314 926 360 οὖν
951 321 1070 360 ἕκατι
1092 315 1315 374 ὖπερήλγει
1334 315 1406 358 καί
1430 312 1535 361 0320-
1544 307 1568 340 1·
1585 308 1609 340 Ῑ·
1625 309 1670 341 ²⁶

90 387 258 446 φύρετο,
286 383 334 429 οὗ
359 384 455 441 μὴν,
483 381 624 441 ὥσπερ
642 385 682 426 οἱ
707 385 861 437 πολλοί,
890 382 1195 439 κατεπέπληκτό
1213 399 1258 438 γε
1282 383 1355 424 καί
1371 382 1570 435 ἐὸεδιίει,Β

87 450 196 497 ἄλλά
224 454 298 496 καί
317 450 364 494 τὸ
397 449 508 508 ἄμφ’
529 447 658 493 αὗτὸν
682 450 948 507 στράτευμα,
987 449 1130 504 ἐπειδή
1164 445 1318 498 αὐτοὺς
1345 445 1457 505 ἑώρα
1482 449 1538 506 τῷ

60 518 310 576 ὄπαραδόξῳ
357 514 692 573 κατεπτηχότας,
747 514 851 571 ἔγνω
886 516 1132 572 παραίνεσιν
1162 510 1302 563 αὖτοῖς
1334 515 1378 556 ἐν
1417 515 1538 569 κοινῷ

85 582 370 640 ποιήσασθαι,
411 581 467 634 ὥς
490 579 541 624 ἂν
562 581 667 638 πρὸς
691 577 905 637 εὐψυχίαν
931 577 1084 629 αὖτοὺς
1108 579 1426 632 ἆνακαλέσοιτο,
1467 580 1541 621 καί

85 649 134 694 τὸ
161 648 299 700 δεδιὸς
323 648 639 706 ἑκθεραπεύσοι.

197 714 265 765 ις’.
295 711 377 758 Ἦν
401 713 478 772 γὰρ
505 714 531 756 ὅ
555 716 733 771 Ναρσῆς
776 712 950 771 ἔμφρων
976 713 1020 762 ἐς
1047 709 1103 755 τοὶ
1127 709 1318 766 μάλιστα
1346 712 1419 752 καί
1440 712 1544 767 δρα..

86 782 282 839 στήριος,
309 783 381 823 καί
402 778 535 829 δεινὸς
557 777 835 836 ἁρμόσασθαι
864 780 923 836 τῷ
948 778 1304 834 παρεμπίπτοντι,
1343 778 1417 818 καί
1446 793 1544 817 παι-

33 849 206 898 ιοὸείας
229 850 308 902 μὲν
333 843 448 906 αὐτῷ
473 840 525 887 01’2'
553 861 596 887 τι
624 846 739 899 μάλα
771 846 926 900 μετῆν,
960 845 1060 886 οὐδὲ
1093 841 1146 885 τά
1182 845 1257 898 τῆς
1288 839 1544 897 εὐγλωττίας

85 912 428 970 ἐπεφρόντιστο,,
450 910 619 968 φύσεως
648 911 694 953 δὲ
726 907 1025 965 ὅγεδεξιότητι
1055 910 1274 965 διέπρεπε,
1313 910 1386 949 καί
1405 924 1545 963 παρα-

85 982 238 1036 στῆσαι
266 975 354 1027 οἶός
385 993 430 1019 τε
455 971 508 1033 ἧν
536 974 643 1034 λόγῳ
671 975 724 1018 τὰ
749 977 1074 1031 βεβουλευμένα·
1117 977 1190 1017 καί
1220 977 1358 1016 ταῦτα
1392 973 1544 1026 τομίας

85 1061 132 1101 γε
156 1041 238 1098 ὢν,
267 1045 341 1086 καί
367 1044 411 1086 ἐν
439 1048 527 1093 τοῖς
559 1043 789 1097 βασιλείοις
812 1040 1132 1100 τρυφερώτερον
1156 1041 1545 1097 ἀνατεθραμμένος.

85 1107 141 1166 ἦν
165 1111 211 1152 δὲ
245 1104 331 1167 ἄρα
356 1111 429 1152 καί
450 1106 497 1150 τὸ
525 1111 646 1162 σῶμα
665 1107 854 1164 βραχύς,
883 1109 958 1150 καί
986 1109 1030 1157 ἐς
1052 1106 1278 1163 ἰσχνότητα
1305 1107 1545 1162 ἐκδεδιῃτη-

36 1177 223 1230 ιὸμένος.
258 1173 306 1217 τὸ
328 1176 376 1218 δὲ
407 1175 599 1232 ἀνδρεῖον
626 1177 700 1217 καί
726 1173 1018 1231 μεγαλουργὸν
1044 1176 1088 1223 ἒς
1111 1175 1311 1216 τοσοῦτον
1339 1171 1582 1227 ἐκέκτητο,0

87 1243 132 1291 ἐς
166 1237 265 1284 ὅσον
300 1241 448 1295 ἀμέλει
475 1243 550 1283 καί
581 1240 877 1283 α’πιστεῖσθαι.
927 1237 1064 1289 οὕτως
1102 1234 1187 1296 ἄρα
1225 1235 1307 1296 ὅτῳ
1342 1233 1394 1280 ἂν
1425 1238 1470 1279 ἐν
1502 1230 1552 1294 τῇ

87 1309 212 1364 ψυχῇ
244 1305 443 1364 φρόνημα
465 1304 708 1363 ἐλευθέριόν
744 1322 790 1348 τε
819 1308 894 1349 καί
911 1312 1099 1362 γενναῖον
1128 1306 1210 1363 ἕνῇ,
1239 1304 1377 1362 τούτῳ
1402 1305 1449 1346 δὲ
1475 1303 1550 1344 οὔ..

88 1374 160 1415 δὲν
191 1371 332 1414 ὁτιοῦν
361 1369 536 1426 κώλυμα
567 1371 771 1426 γίγνεται,
799 1370 859 1427 μὴ
895 1372 998 1426 οὕχί
1018 1369 1126 1414 εἶναι
1153 1371 1325 1429 ἀρίστῳ.
1375 1367 1469 1412 τότε
1495 1365 1546 1424 δὴ

179 1449 851 1542 ἷξαῗὲῗῖιῖᾞὲαῗειῗςῗᾶυέἷέἓὸιζ’ς’’
863 1449 1260 1543 Jssssssrqassgfffszl‘i’fft'ss‘i.
1286 1452 1549 1543 «101388ζῇῗοῖ-

181 1545 314 1580 ebatur
333 1545 494 1590 ingenti,
522 1544 615 1589 vulg.
652 1542 850 1590 ιῗπερὴμει.
944 1544 983 1581 3.
1011 1545 1291 1586 κατεπέπληκτό
1320 1553 1364 1589 γε
1391 1545 1453 1583 R„
1479 1554 1550 1575 κα-

180 1599 363 1625 τεπ...τε
387 1590 526 1636 Lugd.,
552 1591 760 1634 κατέπτηχε
781 1599 820 1624 τε
845 1591 939 1636 vulg.
967 1602 1011 1624 ex
1037 1603 1072 1624 m
1098 1616 1104 1623 .
1131 1590 1245 1636 Lugd.
1292 1590 1327 1635 4.
1353 1585 1471 1623 αὐτὸν
1495 1591 1549 1629 R.,

180 1639 294 1682 Intpr.
334 1637 375 1671 ui
386 1639 489 1672 circa
507 1648 544 1671 se
557 1645 654 1679 erat,
676 1629 769 1670 αὐτὰ
779 1637 874 1683 vulg.
924 1639 957 1672 6.
985 1636 1124 1674 αὕτους
1135 1639 1177 1674 R.
1193 1637 1291 1684 (CL),
1306 1635 1436 1673 αὐτοῖς
1453 1637 1549 1681 vulg.

181 1686 214 1719 8.
241 1684 305 1717 Sui
360 1695 388 1720 s.
401 1695 437 1720 v.
448 1684 624 1727 Ναρσῆςε
650 1682 816 1728 εὔφρων.
896 1696 948 1720 ιο.
972 1687 1091 1730 μετῆν
1116 1686 1156 1720 R.
1185 1691 1223 1718 et
1248 1683 1351 1718 Suid.
1369 1710 1378 1724 ,
1402 1687 1551 1730 μεστιῡς

180 1731 292 1776 vulg„
316 1730 428 1776 Lugd.
449 1731 488 1763 in
506 1741 574 1775 mg.
594 1727 725 1776 μετὸν,
779 1730 829 1765 13.
853 1730 1123 1776 τρυφερώτατα
1141 1730 1242 1764 Suid.
1268 1732 1294 1768 l,
1315 1732 1338 1763 l.
1357 1730 1428 1764 Sed
1452 1728 1550 1763 idem

181 1789 210 1812 s,
226 1788 258 1811 v.
280 1779 416 1823 τομίας
438 1777 535 1822 vulg.
561 1782 690 1815 servat.
771 1776 826 1820 14.
850 1777 892 1810 ἐν
917 1777 1112 1821 ἰσχνότητι
1139 1778 1239 1811 Suid.
1255 1778 1278 1810 Ι.
1303 1778 1327 1810 l.
1403 1779 1452 1812 16.
1475 1775 1546 1820 ὅτῳ

180 1825 220 1857 R.
245 1833 299 1867 pr.
331 1835 376 1856 m.
405 1828 444 1856 et
469 1825 580 1868 Intpr.
616 1825 678 1858 cui
709 1825 854 1857 animus
878 1825 989 1866 insit,
1017 1823 1078 1858 ὅτε
1109 1825 1225 1870 vulg.‚
1250 1822 1300 1857 ὅτ’
1332 1825 1370 1858 R.
1395 1834 1440 1856 ex
1458 1835 1546 1856 corr.

186 1871 238 1906 18.
250 1868 393 1917 α’ρίστῳ
409 1871 461 1912 Β.,
485 1869 649 1916 ἄρίστως
665 1871 759 1916 vulg.
817 1871 883 1904 Pro
903 1869 986 1905 τότε
1010 1869 1054 1915 δὴ
1071 1867 1141 1906 οὖν
1158 1872 1237 1905 ὁΝ.
1249 1872 1287 1904 R.
1309 1869 1392 1904 τότε
1409 1869 1450 1904 δὲ
1465 1869 1486 1903 0‘
1498 1870 1546 1902 Ν.

90 1953 256 1984 strenuus
284 1947 476 1993 imprimis,
502 1947 700 2002 multisque
726 1946 890 1981 victoriis
916 1948 1044 1988 clarus,
1075 1948 1140 1994 qui
1160 1960 1344 1995 nunquam
1372 1948 1418 1982 ab
1438 1947 1544 1983 hoste
1583 1989 1586 1993 ι

90 1996 187 2031 vinci
212 1995 403 2041 potuisset,
429 1995 460 2027 si
481 1993 714 2038 prudentlam
741 2005 823 2027 cum
848 1994 1064 2028 fortitudine
1087 1995 1322 2029 coniunctam
1347 1995 1550 2032 habuisset.

95 2043 204 2076 Hisce
242 2041 352 2086 igitur
387 2040 432 2074 de
469 2041 584 2074 causis
610 2041 758 2085 lugebat
790 2040 940 2086 quidem
967 2042 1030 2074 ille
1069 2046 1107 2074 et
1144 2043 1433 2083 lamentabatur,
1474 2055 1550 2076 non

93 2094 229 2130 tamen,
259 2093 300 2121 ut
324 2088 445 2128 multi,
461 2087 584 2121 animo
605 2087 760 2121 cadebat
776 2092 841 2120 aut
864 2087 1104 2131 formidabat3
1133 2088 1196 2122 sed
1213 2101 1294 2122 cum
1315 2090 1550 2123 circumstan-

93 2139 148 2168 tes
175 2135 294 2181 ipsum
323 2135 444 2179 copias
480 2134 670 2179 inopinata
696 2133 798 2167 clade
826 2140 1082 2173 'consternatas
1114 2134 1277 2177 videret,
1321 2136 1550 2170 adhortatio-

94 2192 179 2216 nem
205 2180 276 2216 sibi
299 2181 339 2214 in
362 2180 511 2226 publico
540 2179 747 2214 habendam
773 2183 936 2223 censuit,
971 2192 1044 2228 qua
1078 2193 1138 2216 eos
1164 2181 1211 2216 ad
1235 2183 1350 2217 animi
1376 2194 1550 2228 praesen-

93 2227 184 2263 tiam
206 2232 389 2262 revocaret
413 2233 623 2274 metumque
650 2228 838 2264 eximeret,

193 2277 244 2310 16.
274 2274 359 2308 Erat
385 2275 483 2307 enim
516 2275 645 2307 Narses
680 2273 839 2319 prudens
858 2274 1034 2318 imprimis
1059 2279 1096 2308 et
1122 2274 1342 2318 industrius,
1368 2276 1548 2324 valdeque

95 2321 234 2367 peritus
252 2320 545 2355 aecommodandi
566 2332 604 2354 se
633 2322 745 2354 cuivis
771 2321 940 2354 fortunae
959 2326 1069 2367 atque
1096 2323 1264 2365 eventui;
1297 2329 1334 2356 et
1359 2323 1547 2357 doctrinae

97 2367 246 2414 quidem
269 2372 332 2401 aut
357 2367 587 2414 eloquentiae
613 2379 687 2400 non
704 2379 920 2413 magnopere
937 2368 1144 2409 studuerat,
1172 2375 1324 2403 naturae
1346 2381 1431 2404 vero
1459 2370 1549 2404 ‹lex-

94 2415 243 2448 teritate
269 2413 470 2456 eminebat3
495 2419 711 2459 poteratque
735 2415 850 2447 animi
877 2416 933 2448 sui
962 2426 1065 2448 sensa
1089 2416 1274 2450 commode
1301 2418 1482 2461 explicare
1509 2429 1550 2450 ac

96 2460 364 2503 demonstrare3
394 2465 432 2493 et
459 2460 549 2494 haec
584 2461 732 2507 quidem
769 2461 881 2506 spado
922 2462 1103 2503 existens,
1145 2468 1182 2495 et
1222 2464 1262 2497 in
1297 2464 1390 2496 aulis
1426 2475 1549 2508 regum

96 2508 327 2541 molliuscule
366 2505 525 2540 habitus.
579 2508 665 2540 Erat
689 2513 811 2542 autem
846 2513 884 2541 et
911 2514 1049 2542 statura
1083 2511 1241 2552 corporis
1280 2510 1403 2551 brevi,
1443 2516 1480 2543 et
1501 2509 1549 2543 ad

97 2554 336 2600 gracilitatem
358 2551 550 2595 educatus,
579 2553 670 2587 adeo
695 2566 780 2589 vero
807 2560 974 2588 strenuus
1001 2556 1213 2602 magnisque
1241 2557 1348 2591 rebus
1383 2556 1548 2601 gerendis

96 2612 184 2646 par,
210 2605 252 2634 ut
275 2598 536 2645 propemodum
562 2599 669 2633 fidem
699 2607 900 2647 superaret.
958 2602 1011 2635 Ex
1047 2614 1119 2648 quo
1151 2604 1237 2636 satis
1267 2604 1398 2648 liquet,
1426 2603 1459 2636 ei
1484 2604 1548 2649 qui

95 2646 243 2680 liberali
288 2652 326 2681 et
358 2657 534 2690 generoso
573 2647 691 2681 animo
731 2650 780 2682 sit
811 2648 1019 2694 praeditus,
1056 2648 1151 2681 nihil
1185 2649 1445 2694 impedimento
1470 2661 1547 2682 esse

96 2704 217 2738 posse,
247 2705 320 2739 quo
348 2693 470 2725 minus
497 2692 620 2738 quavis
646 2694 685 2726 in
709 2706 746 2728 re
770 2696 966 2740 plurimum
988 2695 1117 2727 valeat.
1145 2696 1248 2728 Tunc
1272 2697 1396 2742 itaque
1417 2696 1547 2729 Narscs

100 2739 141 2774 in
160 2738 322 2774 medium
347 2739 528 2773 exercitus
559 2750 786 2784 progressus,
826 2743 865 2775 in
899 2741 995 2775 hunc
1018 2740 1164 2775 modum
1189 2742 1299 2777 verba
1330 2743 1436 2777 facit:
1473 2743 1546 2788 Qui
