1832 3152
326 131 427 202 198
897 149 1170 190 AGATfflAE

119 256 162 290 A.
182 255 217 288 C.
240 255 305 291 555
317 245 546 295 παντιάζειν
554 244 797 297 βουλόμενοι
816 250 900 295 τοῖς
929 245 1160 300 Ῥωμαίοις,
1189 247 1356 301 ἄμεινον
1377 245 1481 291 εἶναι
1517 247 1727 304 ἡγούμενοι

171 302 197 335 Ῑ·
212 302 237 334 Ῑ·
256 314 300 347 29
312 310 350 350 εἰ
370 311 528 362 μᾶλλον
555 313 639 358 τοῖς
663 308 889 364 ὁμοφύλοις
912 311 955 358 ἐς
974 308 1018 363 ὅ,
1049 329 1091 352 τι
1116 311 1288 366 τάχιστα
1314 314 1570 368 ἕπαρὴξαιεν,
1598 328 1727 355 σπου-

312 375 362 429 δῇ
401 388 444 413 τε
468 368 629 430 ἆτάκτῳ
670 375 741 414 καί
762 371 899 429 δρόμῳ
925 378 1058 430 πολλῷ
1072 377 1285 431 ἐφέροντο,
1314 377 1371 426 ὥς
1404 375 1599 432 φεύγουσι
1620 378 1727 429 μᾶλ-

681 435 700 450 Ἂ
729 434 748 449 ‘l
821 435 831 447 t

308 442 380 478 λον
416 433 628 491 οἷπρεπῶς,
674 455 698 491 η
728 453 788 478 οτι
815 439 970 492 ετέροις
1002 441 1267 494 ἐπέρχονται,
1304 442 1556 495 εἰκασθῆναι.
1605 439 1726 482 ἔθεον

272 504 382 553 Βμὲν
417 499 493 557 γὰρ
533 502 588 550 ὠς
625 501 674 556 δι’]
711 507 793 551 τοῖς
822 502 983 551 οἰκείοις
1021 503 1420 558 προσβοηθὴσοντες,
1458 508 1580 546 πλέον
1609 507 1654 546 δέ
1682 507 1750 548 τι5

310 566 494 620 ὑπῆρχεν
521 568 566 607 ἐν
589 567 728 614 αὐτοῖς
747 567 820 606 τοῦ
844 563 1102 620 ὀργιζομένου
1126 565 1169 607 τὸ
1188 567 1498 622 ταραττόμενον.
1525 569 1551 623 ἦ
1573 570 1618 610 δὲ
1642 570 1724 610 τῶν

306 631 488 684 Περσῶν
503 629 689 683 στρατιά,
709 627 839 684 ὁπόση
862 629 911 684 δη
934 631 990 678 ὠς
1011 631 1280 684 πλησιαίτατα
1302 633 1586 686 παρετάττετο,
1614 632 1724 675 ἰδόν-

302 710 369 742 τες
388 692 485 742 ‘mog
512 694 752 745 Διλιμνίτας
776 691 885 734 οὕτω
917 692 966 748 δή
993 710 1034 734 τι
1053 693 1127 742 ξύν
1157 696 1317 750 ταραχῇ
1338 697 1408 736 καί
1431 693 1607 754 ἀκοσμίᾳ
1631 713 1724 752 φοι-

926 754 945 769 ss
970 754 989 770 (l

302 760 459 807 τῶντας
472 791 485 810 ,
536 756 674 812 ἕτερόν
704 774 747 799 τε
774 754 897 798 οὗδὲν
919 775 943 812 η
966 774 1030 798 οτι
1053 757 1402 813 ἀποδιδράσκουσι
1427 760 1722 813 διανοηθέντες,

303 823 379 865 καί
403 821 654 876 λογιζόμενοι
681 820 736 870 ὥς
759 823 834 862 οὐκ
853 817 906 863 ἄν
927 838 1020 863 ποτε
1044 824 1186 863 ἐκεῖνοι
1218 824 1261 870 ἐς
1283 825 1400 863 τοῦτο
1424 821 1596 875 αἴσχους
1621 818 1774 878 &pl-10

303 905 428 940 κοντο,
455 886 514 941 μὴ
539 887 717 939 μεγάλου
745 885 854 935 τινὸς
875 888 946 927 καί
975 884 1222 928 ἆνυποίστου
1257 885 1555 942 περιεστηκότος
1583 886 1723 928 κινδύ-

300 971 396 1006 νου,
435 951 521 994 τότε
552 951 600 1006 δη
630 949 700 992 καί
735 949 856 991 αὐτοὶ
887 953 1104 1005 τραπέντες
1140 951 1315 1004 ἀγεννῶς
1355 950 1655 992 ἕσκεδάννυντο.
1694 948 1722 1005 ἧ

301 1021 348 1060 δὲ
371 1018 628 1070 μελετωμένη
650 1016 754 1062 τέως
775 1012 884 1070 φυγὴ
906 1014 980 1055 καί
999 1010 1344 1056 ὗπολανθάνουσα
1357 1045 1372 1062 ,
1402 1014 1488 1056 τότε
1509 1013 1559 1068 δὴ
1583 1014 1722 1062 αὕτοῑς

300 1083 343 1130 ἐς
373 1081 609 1136 τοῦμφανὲς
634 1076 852 1134 ἅνεῤῥάγη.
903 1076 1008 1120 ἄλλα
1044 1077 1121 1133 γὰρ
1153 1080 1224 1120 κατ’
1256 1077 1294 1121 οἱ
1320 1082 1562 1131 Διλιμνῖται
1591 1077 1720 1120 ταῦτὰ

296 1149 395 1202 περὶ
413 1147 494 1202 τῶν
525 1146 707 1199 Περσῶν
729 1145 948 1198 οἰηθέντες,
979 1142 1207 1194 ’ξυνείποντό
1230 1159 1275 1197 γε
1302 1142 1443 1192 αὐτοῖς
1464 1143 1537 1183 καί
1554 1144 1772 1191 συνεξέ-ιὸ

261 1214 415 1263 (ςθεον,
454 1208 732 1265 ἆπατὴσαντές
751 1224 794 1249 τε
821 1205 908 1259 ἅμα
937 1208 1008 1249 καί
1035 1210 1341 1262 ἐξηπατημένοι.
1397 1206 1548 1248 ’τούτων
1584 1207 1629 1248 δὲ
1655 1222 1719 1261 γι-

294 1276 512 1329 γνομένων,
535 1278 718 1315 πλεῖστοι
741 1270 830 1315 ὅσοι
851 1276 932 1314 τῶν
954 1271 1179 1325 “Ρωμαι’ων
1198 1273 1272 1312 τοῦ
1299 1270 1516 1326 περιβόλου
1530 1271 1718 1324 διεκβάν-

297 1355 388 1391 τες,
417 1340 702 1394 λαμπροτέραν
727 1346 814 1386 τοῖς
839 1339 1045 1389 πολεμίοις
1070 1335 1309 1390 εἰργάσαντο
1333 1333 1405 1389 τὴν
1438 1331 1716 1388 ἀναχώρησιν,

295 1401 566 1454 ἐπισπόμενοί
591 1418 635 1444 τε
673 1401 815 1451 αὐτοῖς
824 1436 837 1454 ,
887 1400 959 1442 καὶ
989 1398 1034 1441 τὸ
1073 1399 1143 1440 del
1167 1399 1407 1452 λειπόμενον
1439 1395 1716 1454 ἀναιροῦντες.

295 1461 410 1508 ἄλλοι
433 1468 478 1508 δὲ
507 1461 682 1507 ἄλλοθεν
711 1464 936 1515 ἐπεξιόντες
958 1462 1058 1519 πρὸς
1079 1461 1125 1505 τὸ
1137 1460 1321 1517 ὀἷντέχον
1343 1462 1406 1504 ἔτι
1431 1462 1502 1504 καί
1527 1466 1769 1516 §uveam-20

194 1539 233 1574 V.
248 1529 372 1585 ς4κός
397 1527 673 1573 διεπονοῦντο.
700 1529 746 1571 τὸ
768 1532 846 1582 μὲν
866 1527 944 1584 γὰρ
970 1526 1228 1583 λαιὸνκέρας
1249 1529 1332 1570 τῶν
1358 1525 1581 1582 βαρβάρων
1603 1523 1714 1568 οὕτω

386 1621 416 1653 3.
441 1619 623 1664 ἐφέροντο
638 1620 675 1651 R.
701 1623 738 1652 et
754 1617 1110 1664 Intpr.firebantur‚
1135 1615 1363 1660 ἐπεφέροντο
1383 1615 1473 1660 vulg.
1536 1626 1565 1658 7.
1592 1612 1713 1655 ὁπόση

385 1662 429 1705 δὴ
459 1665 506 1702 ὥς
518 1667 569 1706 R„
595 1663 694 1701 ὅπως
719 1664 784 1707 ἤδη
808 1665 899 1708 vulg.
967 1675 999 1707 9.
1027 1661 1153 1707 ἕτερόν
1176 1673 1211 1694 τι
1226 1663 1265 1698 R.
1370 1664 1419 1695 13.
1444 1661 1531 1696 τέως
1542 1662 1578 1692 R.
1602 1660 1715 1703 Lugd.

385 1710 482 1756 (CL),
508 1719 546 1743 τε
559 1711 607 1747 ὥς
619 1710 706 1743 Edd.
771 1710 821 1753 14.
848 1710 963 1742 ταῦτα
974 1711 1010 1741 R.
1072 1709 1308 1746 ι5.ξυνέθεον
1319 1707 1371 1747 R„
1397 1707 1576 1740 συνέθεον
1601 1705 1711 1748 Lugd.

386 1768 413 1789 ι.
437 1767 481 1788 m.
564 1758 615 1792 16.
642 1758 856 1801 γινομένων
879 1755 968 1798 vulg.
1043 1766 1095 1799 ¹7·
1124 1750 1333 1796 διεκβιὶντες
1357 1753 1409 1793 R„
1431 1750 1599 1796 ἐκβάντες
1621 1751 1712 1795 vulg.

387 1802 437 1835 18.
461 1801 702 1847 ἀναχώρησιν
728 1803 790 1842 R.‚
821 1799 1064 1845 α’ποχιόρησιν
1089 1799 1180 1843 vulg.

293 1892 548 1930 existimantes,
575 1891 604 1923 si
630 1890 750 1934 potius
782 1887 1016 1933 popularibus
1038 1888 1111 1921 suis
1137 1898 1241 1931 quam
1263 1887 1433 1920 citissime
1464 1885 1713 1926 subvenirent,

291 1938 494 1971 inordinato
529 1936 648 1970 studio
683 1938 865 1978 effusoque
901 1945 1003 1966 cursu
1029 1932 1252 1972 serebantur,
1282 1934 1333 1965 ita
1356 1937 1397 1964 ut
1421 1931 1629 1964 indecenter
1652 1931 1712 1962 fu-

291 1983 471 2027 gientibus
502 1983 611 2027 magis
636 1992 742 2026 quam
769 1981 807 2012 in
831 1980 920 2012 alios
945 1978 1113 2012 euntibus
1139 1979 1273 2010 similes
1302 1977 1518 2013 viderentur,
1579 1975 1711 2008 Curre·-

290 2029 380 2061 bant
398 2029 494 2061 enim
520 2033 690 2073 tanquam
705 2026 778 2059 suis
800 2025 1031 2068 opitulaturi‚
1055 2024 1135 2068 plus
1160 2029 1278 2056 tamen
1299 2021 1582 2066 perturbationis
1605 2031 1711 2066 quam

293 2075 366 2107 irae
389 2085 473 2118 prae
492 2085 529 2106 se
548 2073 720 2108 ferebant.
743 2073 923 2104 Persarum
949 2075 1066 2103 autem
1092 2070 1278 2107 exercitus,
1295 2073 1335 2100 ut
1362 2068 1432 2099 iam
1457 2078 1563 2112 quam
1586 2066 1711 2109 proxi-

290 2130 347 2152 me
371 2119 456 2163 ipsis
483 2121 655 2152 instructa
679 2118 753 2150 acie
778 2116 918 2155 stabat,
945 2126 1023 2148 cum
1045 2115 1183 2147 videret
1209 2113 1412 2146 Dilimnitas
1437 2113 1488 2145 ita
1513 2111 1708 2151 tumultua-

288 2166 341 2197 rie
365 2170 400 2197 et
425 2166 501 2197 sine
519 2164 644 2198 ordine
668 2164 772 2202 ferri,
795 2172 912 2206 neque
936 2159 1034 2193 aliud
1059 2171 1162 2205 quam
1179 2159 1298 2203 sugere
1328 2169 1387 2190 eos
1407 2158 1493 2197 rati,
1517 2167 1708 2201 secumque

287 2215 496 2254 reputantes
519 2219 744 2254 nequaquam
762 2208 842 2240 illos
869 2218 945 2239 eam
969 2205 1227 2250 turpitudinem
1259 2205 1298 2237 in
1322 2215 1360 2236 se
1385 2203 1610 2242 admissuros,
1635 2202 1707 2234 nisi

286 2257 326 2289 in
371 2261 563 2288 extremum
602 2253 748 2299 aliquod
791 2258 826 2285 et
864 2251 1093 2284 ineluctabile
1134 2250 1330 2293 periculum
1368 2248 1500 2282 redacti
1533 2248 1706 2281 fuissent:

285 2306 361 2333 tum
385 2301 508 2344 utique
551 2299 659 2333 etiam
699 2299 769 2342 ipsi
811 2298 964 2341 turpiter
994 2302 1092 2340 terga
1124 2301 1302 2328 vertentes
1339 2300 1422 2328 sunt
1451 2294 1634 2337 dissipati,
1668 2297 1706 2325 et

284 2347 541 2390 praemeditata
564 2347 633 2378 iam
664 2345 888 2388 obscureque
922 2347 1061 2375 tentata
1087 2341 1167 2385 suga
1199 2342 1238 2374 in
1273 2346 1433 2384 apertum
1463 2340 1581 2383 erupit
1605 2363 1613 2372 .
1637 2337 1706 2371 Di-

285 2392 447 2424 limnitae
465 2392 557 2424 enim
585 2390 671 2423 haec
697 2389 740 2422 de
761 2390 872 2421 Persis
901 2389 1101 2432 opinantes,
1126 2387 1238 2419 socios
1260 2397 1335 2418 sese
1361 2385 1432 2417 illis
1455 2383 1704 2422 adiunxerant,

286 2447 428 2482 unaque
453 2437 642 2480 sugerunt3
670 2435 834 2467 fallentes
860 2434 965 2466 simul
990 2438 1026 2466 et
1049 2433 1138 2465 salsi.
1187 2433 1250 2464 His
1280 2432 1402 2476 itaque
1431 2429 1604 2473 peractis,
1627 2439 1702 2460 ma·-

287 2483 380 2515 xima
414 2483 650 2516 Romanorum
681 2481 734 2513 vis
764 2481 873 2512 muris
908 2481 1034 2518 effusa,
1068 2478 1346 2510 manifestiorem
1381 2476 1558 2508 Persarum
1584 2473 1702 2518 fugam.

291 2527 470 2566 reddidit,
505 2527 610 2571 tergis
637 2537 757 2558 eorum
783 2523 1001 2557 inhaerendo
1038 2529 1074 2555 et
1096 2529 1268 2556 extremos
1294 2520 1460 2554 metendo
1481 2531 1490 2561 3
1519 2520 1582 2552 alii
1606 2529 1690 2551 vero

287 2574 360 2605 alia
386 2585 430 2606 ex
459 2578 560 2617 parte
594 2572 767 2604 irruentes
787 2594 797 2610 ‚
829 2569 993 2603 adversus
1026 2569 1230 2602 resistentes
1263 2567 1380 2600 adhuc
1409 2571 1446 2600 et
1474 2562 1702 2608 conglobatos

290 2620 420 2652 acriter
444 2617 661 2663 pugnabant.
709 2617 861 2648 Laevum
885 2616 980 2648 enim
1003 2614 1234 2647 barbarorum
1258 2624 1366 2645 cornu
1393 2611 1462 2644 iam
1485 2613 1606 2654 aperte
1638 2610 1697 2642 in-

293 2663 443 2699 clinarat
465 2664 692 2709 solutumque
719 2666 812 2705 erat3
837 2661 900 2708 qui
923 2670 1007 2697 vero
1029 2662 1069 2694 in
1096 2660 1207 2695 altero
1232 2658 1397 2698 stabant,
1418 2654 1611 2690 fortissime
1637 2661 1698 2688 re-
