1794 3112
238 161 255 193 1
268 163 299 195 ο
308 163 334 194 2
815 152 1090 198 AGATmAE
1101 133 1105 138 ἱ

51 268 90 301 A.
103 267 139 300 c.
163 256 382 308 554οιῖκέτι
407 250 458 295 ἂν
485 254 652 301 δικαίως
685 255 890 307 κληθεῖεν,
911 251 1108 307 Ῥωμαῖοι
1134 255 1180 297 δὲ
1211 256 1388 308 μᾶλλον,
1426 256 1466 296 εἶ
1497 256 1568 295 καί
1587 253 1640 296 τὰ

105 313 309 373 Ῑ·Ῑ·98τῆς
341 317 479 372 φωνῆς
514 318 557 363 ἒς
584 314 630 357 τὸ
655 314 861 370 ὲλληνικόν
898 332 940 357 τε
972 317 1044 358 καί
1066 318 1326 372 ἅττικώτερον
1362 317 1642 372 μετεβάλοντο.

233 383 318 429 πῶς
342 378 417 433 γὰρ
449 378 522 419 οὐκ
548 374 723 434 ἤμελλον
756 382 1066 434 προσοικοῦντες
1094 379 1169 435 τήν
1200 381 1388 432 Ἰωνιἀν,·
1428 383 1560 422 ταῦτα
1595 382 1642 422 δὲ

233 442 340 486 οὕτω
375 446 666 497 ξυνενεχθήναι
705 445 826 497 δηλοῖ
847 444 923 495 μέν
943 459 1020 484 που
1049 445 1120 485 καί
1150 444 1178 499 ἤ
1203 445 1370 499 πάτριος
1400 447 1474 486 τοῦ
1498 440 1643 492 ἄστεος

231 506 418 562 ἱστορία,
448 504 524 560 οὐχ
551 505 699 561 ἥκιστα
729 508 775 548 δὲ
808 507 1116 562 τούπίγραμμα,
1142 505 1237 563 ὅπερ
1262 507 1384 562 ἔγωγε
1411 510 1540 562 ἐκεῖσε
1576 510 1668 554 ἒλ-5

230 570 320 612 θεὸν
340 570 600 626 ἀνελεξάμην.
631 571 674 613 ἐν
695 588 776 613 τινι
799 570 877 626 γάρ
901 573 981 613 τῶν
1007 572 1121 627 α’μφί
1138 570 1211 626 τήν
1235 571 1351 613 πόλιν
1375 573 1520 628 ἀγρῶν,
1547 568 1644 614 ὅθεν

233 634 283 690 δή
308 632 366 677 ὢν
391 635 616 689 ἐτύγχανεν
644 634 665 677 ὅ
686 635 941 690 Χαιρήμων,
968 637 1188 691 (Σιδήροῧς
1211 637 1257 678 δὲ
1289 630 1418 688 ὄνομα
1453 638 1509 692 τῷ
1533 633 1643 692 α’γρῷ

232 701 403 757 ἐκείνῳ)
432 698 572 753 βωμὸς
595 701 762 755 ἵδρυται
779 697 1066 755 ἀρχαιότατος,
1094 701 1137 742 ἐν
1159 695 1192 758 ᾧ
1214 698 1264 755 δή
1284 698 1424 752 πάλαι,
1451 700 1507 748 ὥς
1527 698 1644 751 ἔοικε,

231 766 309 804 τοῦ
330 763 596 819 Χαιρήμονος
616 759 781 818 ἄγαλμα
810 761 1057 819 ἐφειστήκει.
1084 767 1163 805 νῦν
1186 762 1264 818 γὰρ
1291 764 1412 805 οὐδὲν
1439 762 1578 804 ὄτιοῦν
1600 763 1646 804 ἐν

233 827 342 883 αὐτῷ
359 830 565 883 φαινεται.
598 829 893 884 έγκεχάρακται
915 829 961 870 δὲ
979 825 1091 881 ὅμως
1112 826 1171 870 ἔτι
1192 827 1236 870 τὸ
1258 829 1430 882 ἐλεγεῖον
1449 828 1506 883 τῷ
1518 826 1699 883 βωμῷιο

235 886 317 932 ὧδέ
343 908 428 938 πως
451 890 558 944 ἔχον·

130 968 165 1002 Ρ,
181 966 224 1003 55
289 956 559 1005 Κλασθείσας
580 957 739 1012 πάτρας
765 959 917 1013 σεισμῷ
943 972 1060 1009 ποτε,
1089 955 1330 1013 Κάνταβριν
1352 958 1395 1005 ἐς
1411 958 1487 1010 γᾶν

337 1020 570 1075 Χαιρήμων
604 1020 729 1074 ἔπτα,
765 1023 941 1077 πατρίδα
971 1021 1212 1076 ῥυσόμενος.

283 1086 473 1139 Καίσαρι
497 1087 536 1125 δ’
556 1084 755 1139 εἱλιχθείς
770 1085 866 1140 περὶ
885 1085 1073 1139 γούνασι,
1100 1084 1174 1128 τάν
1199 1084 1462 1139 μεγάλαυχον

326 1144 525 1202 γΩρθωσε
556 1149 753 1204 Τράλλιν,
780 1148 852 1191 τάν
874 1149 966 1191 τότε
989 1151 1239 1203 κεκλιμέναν·
1655 1156 1701 1197 15

278 1211 396 1253 ’.ἄνθ’
422 1206 479 1253 ὧν
503 1215 712 1266 συγγενέες
734 1215 857 1255 τοῦτο
876 1215 1047 1268 βρέτας,
1082 1209 1178 1269 ὄφρ’
1200 1215 1270 1255 ἐπὶ
1291 1213 1433 1268 βωμῷ,

339 1271 418 1317 Οἴα
448 1277 540 1318 δήια
568 1280 751 1328 κτίσταν,
779 1276 901 1319 τάνδε
927 1278 1090 1332 φέροιτο
1111 1274 1254 1331 χάριν.

231 1338 303 1381 καί
329 1339 377 1381 τὰ
411 1341 487 1391 μὲν
522 1342 603 1381 τῶν
635 1340 849 1395 Τράλλεων
879 1343 975 1395 πέρι
1003 1336 1086 1381 ὧδέ
1115 1357 1202 1389 πως
1232 1339 1343 1393 ἑῇζειν
1375 1340 1652 1380 πεπίστευται.

231 1401 383 1452 πολλὰς
404 1405 448 1445 δὲ
467 1406 555 1445 κατ’
569 1406 697 1446 έκεῖνο
721 1406 794 1445 τοῦ
814 1406 962 1460 καιροῦ
975 1403 1050 1445 καί
1067 1400 1192 1451 ἄλλας
1211 1403 1349 1451 πόλεις
1370 1404 1415 1445 ἐν
1434 1404 1486 1457 τῇ
1515 1399 1651 1458 Ἀσία,

227 1465 418 1515 Ἰωνικάς
437 1482 479 1508 τε
503 1467 575 1507 καί
600 1467 827 1520 Αἰολίδας,
852 1467 1116 1522 παραπλήσια
1151 1470 1300 1508 παθεῖν
1326 1467 1567 1520 ξυνηνέχθη.
1649 1489 1704 1515 20

198 1544 225 1575 Β
348 1530 404 1585 ιή.
456 1529 580 1586 Πλήν
601 1532 693 1573 ἀλλ’
715 1530 850 1585 ἔμοιγε
865 1533 941 1572 νῦν
963 1529 1012 1572 τὰ
1034 1532 1207 1572 τοιαῦτα
1230 1531 1416 1584 παρέντι,
1444 1532 1515 1571 καί
1525 1524 1651 1578 αὖθις

326 1631 355 1654 1.
379 1617 573 1657 εόδικαίως
596 1621 635 1654 R.
791 1631 841 1653 ια.
869 1617 1108 1663 Καντάβαριν
1132 1620 1173 1654 R.
1279 1620 1331 1655 13.
1357 1617 1589 1664 ῥυσσόμενος
1611 1621 1650 1652 Β.

328 1666 378 1698 15.
409 1665 492 1698 τότε
515 1667 652 1711 scripsi,
677 1665 767 1698 πότε
792 1667 828 1697 R.
855 1669 891 1698 et
912 1666 1018 1710 vulg„
1046 1666 1158 1709 Intpr.
1186 1665 1280 1698 olim.
1382 1666 1434 1699 16.
1459 1667 1652 1708 συγγενέες

322 1709 446 1754 Luget,
469 1713 576 1756 Intpr.
602 1711 812 1758 propinqui,
837 1713 1014 1755 συγγενὲς
1038 1711 1088 1751 Β,,
1113 1712 1290 1753 συγγενές
1313 1709 1350 1742 οἱ
1371 1710 1463 1753 vulg.
1515 1720 1565 1752 17.
1592 1705 1653 1743 οἷα

324 1755 410 1787 δίκα
444 1759 595 1790 κτίσταν
619 1759 669 1796 R„
701 1756 786 1789 δίκα
811 1757 916 1790 etiam
947 1757 1072 1801 Intpr„
1098 1756 1181 1789 dum
1206 1757 1313 1791 vertit
1333 1757 1474 1797 merito,
1521 1751 1582 1790 οἶά
1608 1765 1652 1801 γε

323 1799 368 1843 δή
394 1804 543 1839 κτίστας
566 1803 656 1846 vulg.

236 1884 396 1918 canicum
423 1889 459 1917 et
478 1883 633 1916 Atticum
657 1885 703 1916 sit
717 1888 879 1916 mutatus.
913 1882 985 1928 Qui
1010 1883 1105 1915 enim
1129 1882 1233 1915 aliter
1262 1881 1338 1914 fieri
1354 1882 1547 1926 potuisset,
1573 1893 1651 1915 cum

236 1932 361 1963 Ionum
385 1931 458 1962 sint
481 1929 648 1962 finitimi?
675 1930 771 1962 Haec
794 1939 875 1962 vero
903 1929 953 1960 ita
977 1927 1146 1960 accidisse
1180 1933 1329 1960 testatur
1362 1929 1445 1960 satis
1477 1933 1514 1960 et
1538 1929 1652 1972 patria

237 1977 334 2008 urbis
357 1974 505 2008 historia
529 1981 565 2007 et
587 1976 819 2019 epigramma,
843 1973 940 2018 quod
965 1984 1047 2017 ego,
1064 1984 1142 2005 cum
1166 1984 1208 2005 eo
1235 1973 1429 2013 venissem,
1454 1973 1534 2017 legi.
1561 1974 1652 2006 Nam

237 2023 275 2053 in
299 2032 378 2064 agro
404 2021 555 2065 quodam
578 2021 659 2053 urbi
682 2021 811 2060 vicino,
834 2021 873 2052 in
897 2030 967 2064 quo
991 2024 1094 2051 natus
1119 2023 1194 2051 erat
1219 2017 1278 2050 hic
1291 2017 1518 2058 Chaeremon,
1542 2017 1655 2063 (Sidi-

236 2077 294 2099 rus
322 2068 394 2098 sive
422 2066 554 2098 ferreus
577 2067 610 2098 ei
635 2077 715 2109 agro
741 2066 884 2110 nomen)
909 2075 967 2096 ara
981 2064 1098 2096 stabat
1122 2064 1377 2104 vetustissima,
1400 2065 1439 2096 in
1463 2075 1532 2108 qua
1555 2064 1653 2104 olim,

238 2113 291 2143 uti
314 2112 528 2151 verisimile,
554 2111 802 2143 Chaeremonis
827 2115 942 2143 statua
971 2115 1046 2142 erat
1068 2109 1191 2154 posita.
1249 2109 1351 2142 Nunc
1376 2111 1470 2142 enim
1494 2109 1588 2142 nihil
1611 2110 1652 2142 in

239 2168 281 2188 ea
304 2162 498 2200 comparet3
522 2157 754 2189 nihilominus
777 2161 894 2190 tamen
913 2156 1053 2200 elegion
1081 2155 1187 2188 etiam
1223 2166 1318 2187 nunc
1333 2166 1414 2189 arae
1437 2155 1652 2200 insculptum

239 2203 417 2242 cernitur,
443 2201 540 2246 quod
563 2203 613 2234 ita
637 2201 763 2234 habet:

377 2261 612 2301 Chaeremon,
631 2262 791 2306 patriam
817 2268 856 2294 ut
879 2259 1014 2294 stravit
1034 2259 1214 2292 succussz'o
1232 2266 1372 2298 terrae,

422 2308 659 2353 Longinquae
685 2307 789 2340 volat
810 2305 862 2339 ad
883 2307 1008 2338 littora
1036 2305 1278 2346 Cantabriae;

375 2353 426 2386 Et
449 2354 574 2397 magni
595 2353 746 2396 genibus
769 2362 804 2385 se
835 2350 1005 2384 advolvit
1032 2351 1217 2392 Caesaris;
1242 2348 1325 2382 inde

426 2399 613 2442 Collapsas
639 2397 778 2431 Tralles
802 2409 846 2431 ex
870 2398 997 2430 iterum
1023 2394 1107 2428 aedi
1126 2403 1209 2428 teat.

374 2445 475 2488 Ergo
501 2443 558 2475 his
581 2455 647 2486 pro
671 2443 809 2476 meritis
832 2449 953 2475 statua
978 2439 1160 2483 donatum·
1195 2447 1234 2474 ut
1259 2451 1329 2473 ara

418 2490 492 2522 Stet
516 2487 654 2528 media,
684 2499 794 2522 carae
821 2487 989 2521 conditor
1015 2494 1054 2519 ιιι
1075 2485 1230 2531 patriae.
1326 2488 1328 2490 '

241 2551 291 2583 Ac
326 2549 585 2583 Trallianorum
621 2548 767 2594 quidem
800 2559 854 2581 res
896 2547 963 2580 hoc
997 2546 1101 2579 modo
1134 2557 1170 2579 se
1208 2545 1340 2578 habere
1374 2542 1526 2577 creditae
1557 2548 1648 2576 sunt.

240 2597 374 2629 Multae
397 2605 479 2627 vero
504 2596 609 2627 etiam
633 2594 723 2627 aliae
758 2605 821 2637 per
845 2593 940 2626 idem
964 2592 1056 2625 illud
1081 2597 1218 2635 tempus
1242 2592 1280 2623 in
1304 2590 1386 2622 Asia
1410 2588 1528 2629 urbes,
1550 2590 1649 2622 Ioni-

240 2652 302 2673 cae
326 2641 462 2673 scilicet
487 2645 523 2672 ot
548 2640 722 2679 Aeolicae,
748 2639 924 2671 similibus
949 2638 1049 2670 malis
1073 2637 1247 2670 obnoxiae
1274 2637 1426 2668 suerunt.

339 2688 387 2719 18.
437 2685 507 2720 Sed
530 2685 616 2720 haee
639 2686 723 2720 talia
754 2684 846 2719 mihi·
872 2695 968 2719 nuuc
1001 2684 1182 2718 emittenti
1215 2687 1252 2715 et
1273 2681 1510 2715 narrationem
1543 2691 1647 2725 supra
