1832 3152
251 120 359 174 300
858 139 1130 182 AGATHJAE

59 242 147 277 A.C.
170 236 389 279 558Ἀσιἀν
414 238 637 292 ἐτύγχανον
657 235 872 292 ἱδρυμένα.
912 235 1023 281 οὗτοι
1045 243 1090 282 δὲ
1117 238 1294 291 ἅπαντες
1317 245 1429 299 κοινῇ
1454 240 1532 296 μὲν
1557 237 1665 286 ’Σκῦέ

103 288 127 321 l·
150 289 231 325 1¹3²
243 306 322 342 θαι
343 303 415 342 καί
439 298 589 343 Οὖννοι
611 301 938 353 ἐπωνομάζοντο·
979 306 1064 362 ἴδιζι
1087 307 1132 346 δὲ
1159 304 1262 347 κατὰ
1286 307 1402 361 γένη,
1440 306 1486 349 τὸ
1520 313 1596 360 μέν
1621 323 1662 350 τι

246 365 380 406 αὐτῶν
402 364 698 420 Κοτρίγουροι,
726 363 770 406 τὸ
795 366 841 406 δὲ
869 366 1132 422 Οὗτίγουροι,
1162 364 1277 410 ἄλλοι
1302 372 1347 411 δὲ
1373 368 1662 428 Οὖλτίζουροι,

203 431 319 475 Βκαί
337 424 452 470 ἄλλοι
467 429 814 485 Βουρούγουνδοι·
852 431 925 471 καί
949 426 1064 472 ἄλλοι
1090 432 1147 480 ώς
1173 429 1223 473 ἂν
1251 434 1393 484 αὐτοῖς
1415 434 1590 491 πάτριόν
1618 453 1663 478 τε

245 488 298 546 ἦν
319 492 391 534 καί
409 495 653 546 εἰθισμένον.
691 499 847 547 γενεαῖς
870 496 916 535 δὲ
938 500 1106 543 πολλαῖς
1122 493 1290 552 ὕστερον
1313 500 1508 553 διέβησαν
1531 501 1574 549 ἐς
1589 499 1689 555 τὴνὸ

244 554 473 613 Εὐρώπην,
521 556 598 599 εἴτε
635 557 693 607 ὥς
719 559 885 613 ἀληθῶς
922 557 1080 614 ἐλάφου
1111 559 1221 609 τινὸς
1255 560 1359 603 κατά
1384 565 1505 605 τοῦτο
1536 563 1587 619 δη
1617 563 1665 606 τὸ

243 624 551 678 θρυλλούμενον
573 625 771 678 ταπρῶτα
807 622 1067 678 ἦγησαμένης
1086 658 1098 676 ,
1149 622 1227 666 εἴτε
1255 625 1326 667 καί
1345 622 1488 685 ἇλλοίᾳ
1506 629 1666 684 χρησά-

243 701 361 738 μενοι
391 685 525 743 τύχῃ,
564 688 638 728 καί
659 686 732 741 την
757 685 903 742 ἐκροήν
933 689 1006 742 τῆς
1027 686 1170 743 λιζιινης
1196 688 1271 744 τήν
1305 691 1349 739 ἐς
1381 688 1452 732 τὸν
1471 687 1665 742 Εὔξεινον

243 749 407 792 Πόντον
437 752 691 805 φερομένην,
730 745 884 806 ἄπορον
912 752 1013 800 τέως
1048 753 1249 794 δοκοῦσαν
1258 786 1271 806 ,
1312 752 1402 795 τότε
1429 752 1480 809 δὴ
1513 753 1666 812 ὁτῳοῦν

241 812 373 871 ’τρόπῳ
400 815 792 869 διαπεραιωθέντες,
833 813 1036 867 ἀλώμενοι
1063 816 1108 857 δὲ
1133 813 1245 868 ὅμως
1272 813 1350 858 dvc}
1376 816 1450 873 την
1475 817 1717 872 ὄθνείανμο

241 884 412 920 πλεῖστα
436 875 511 919 ὅσα
539 877 582 919 τὸ
611 881 799 932 ἰθαγενὲς
835 880 1112 934 ἐλυμήναντο,
1155 880 1440 936 ἀπροσδόκητα
1483 898 1664 938 προσπε-

241 941 405 995 σόντες,
435 942 493 991 ὥς
512 945 596 995 καί,
617 942 712 992 τοὺς
735 945 964 999 προτέρους
988 946 1203 999 οἰκήτορας
1226 942 1514 999 ἀπελάσαντες,
1543 945 1664 990 αὐτοὶ

240 1005 315 1061 την
342 1007 505 1049 ἐκεινων
537 1008 737 1060 κατέχειν.
793 1003 970 1063 ἤμελλον
998 1011 1045 1050 δὲ
1072 1005 1156 1064 ἄρα
1192 1006 1267 1051 οὔκ
1299 1010 1371 1052 ἐπὶ
1407 1011 1662 1066 μακρότατον

241 1072 469 1124 διαμένειν,
516 1067 621 1113 ἄλλα
649 1069 864 1128 πρόῤῥιζοι
898 1071 944 1113 τὸ
974 1071 1190 1126 λεγόμενον
1203 1075 1471 1116 ἀπολεῖσθαι.
1510 1075 1662 1116 αὐτίκα

115 1155 150 1188 Ρ,
169 1138 340 1191 155702711
370 1133 650 1191 Οὕλτίζουροί
679 1151 724 1176 τε
749 1138 822 1178 καί
853 1136 1189 1192 Βουρούγουνδοι
1225 1140 1353 1194 μέχρι
1381 1139 1458 1191 μὲν
1483 1142 1715 1188 Λέοντοςι5

238 1203 311 1242 τοῦ
330 1198 631 1255 αὐτοκράτορος
663 1199 735 1241 καί
767 1202 850 1242 τῶν
869 1202 914 1242 ἐν
936 1203 991 1257 τῷ
1014 1201 1104 1243 τότε
1137 1202 1352 1254 Ῥωμαίων
1389 1203 1591 1259 γνώριμοί
1619 1220 1661 1246 τε

238 1263 424 1320 ὑπῆρχον
443 1263 516 1306 καί
529 1259 694 1316 ἄλκιμοι
712 1261 819 1307 εἶναι
843 1264 1022 1306 ἐδόκουν
1048 1266 1168 1320 ἡμεῖς
1185 1269 1231 1308 δὲ
1249 1265 1286 1308 οἱ
1301 1269 1375 1308 νῦν
1409 1263 1503 1308 οἷίτε
1541 1266 1661 1320 ἴσμεν

241 1328 404 1381 αὐτοὺς,
429 1323 536 1382 οὔτε,
556 1325 684 1381 οἶμαι,
697 1329 910 1382 εἰσόμεθα,
937 1328 1061 1383 τυχὸν
1082 1332 1158 1382 μὲν
1178 1332 1510 1386 διαφθαρέντας,
1538 1330 1665 1386 τυχὸν

240 1396 288 1435 δὲ
317 1394 373 1443 ὥς
399 1390 652 1449 ποᾷῥωτάτω
682 1391 1032 1445 μεταναστάντας,
1073 1394 1228 1436 ἐκείνου
1253 1411 1298 1448 γε
1328 1394 1411 1450 μὴν
1430 1397 1507 1436 τοῦ
1534 1393 1664 1449 ἔτους,

239 1459 285 1500 ἐν
306 1453 340 1515 ᾧ
362 1456 411 1511 δὴ
435 1456 540 1512 ἔφην
563 1455 639 1511 τὴν
662 1457 842 1512 λοιμώδη
857 1453 989 1500 ινόσον
1019 1459 1066 1515 τῇ
1087 1458 1203 1499 πόλει
1221 1460 1444 1514 ἐνσκῆψαι,
1469 1457 1519 1501 τὰ
1539 1457 1718 1507 λοιπὰῃο

240 1524 322 1566 τῶν
349 1517 515 1565 Οὕννων
537 1523 633 1576 γένη
660 1521 860 1575 ἐσώζετο,
902 1526 973 1565 καί
993 1517 1098 1578 ἦσαν
1131 1522 1194 1565 ἔτι
1231 1522 1550 1576 ὀνομαστότατα.
1589 1539 1662 1566 κα-

334 1613 366 1645 3.
390 1612 647 1656 Κοτρίγουροι
678 1615 714 1644 et
747 1609 971 1655 Οδτίγουροι
1011 1613 1070 1652 R.,
1114 1613 1350 1658 Κοτρίγοροι
1379 1618 1416 1646 et
1459 1610 1662 1657 Οότίγοροι

332 1658 423 1702 vulg.
491 1657 524 1692 8.
550 1659 614 1698 τῆς
637 1668 705 1690 om.
730 1658 768 1690 R.
845 1653 961 1702 9·⁰t'1‘
986 1658 1053 1690 ins.
1078 1659 1116 1694 R.
1140 1663 1221 1702 post
1244 1656 1309 1700 δὴ,
1332 1659 1413 1692 fort.
1442 1654 1510 1691 οὖν
1532 1653 1660 1702 tinguit).

336 1705 387 1739 15-
415 1702 677 1749 Ου’λτίνζουροι
699 1704 737 1735 R.
763 1708 800 1736 et
821 1704 937 1747 vulg.‚
965 1704 1123 1737 Ultizuri
1147 1705 1256 1748 Intpr.
1376 1705 1425 1740 18.
1452 1702 1559 1750 οἶμαι
1580 1703 1659 1736 add.

333 1760 378 1781 ex
399 1750 436 1782 R.
590 1747 863 1793 διαφθαρέντες
882 1754 919 1782 ct
941 1748 1238 1794 μεταναστάντες
1254 1751 1292 1783 R.
1443 1761 1496 1784 αι.
1529 1748 1660 1788 ἐσώζε-

333 1805 375 1828 το
405 1796 463 1835 R„
489 1792 668 1833 ἐσώζοντο
699 1795 790 1839 vulg.

245 1863 480 1897 communiter
501 1860 647 1907 quidem
669 1860 820 1904 Scythae
835 1865 871 1893 et
887 1861 1010 1895 Hunni
1026 1862 1260 1905 vocabantur3
1283 1863 1449 1907 privatim
1466 1866 1584 1895 autem
1604 1873 1661 1895 se-

245 1909 400 1944 cundum
429 1909 616 1947 nationes,
642 1907 807 1939 nonnulli
837 1917 958 1939 eorum
981 1907 1180 1952 Cotriguri,
1204 1908 1267 1940 alii
1298 1908 1452 1952 Ufiguri,
1485 1908 1549 1940 alii
1579 1919 1662 1941 vero

244 1955 404 1993 Ustizuri,
433 1954 495 1986 alii
515 1954 621 1987 etiam
634 1952 839 1996 Burugundi
859 1952 1080 1993 dicebantur,
1105 1953 1166 1986 alii
1189 1954 1293 1986 aliter
1321 1965 1363 1986 ex
1392 1954 1506 1997 patria
1533 1954 1662 1999 cuique

244 2007 353 2046 atque
370 2000 501 2033 usitata
523 1999 761 2043 appellatione
779 1998 1063 2032 nominabantur.
1111 1999 1234 2032 Multis
1258 2004 1375 2032 autem
1395 2005 1516 2043 postea
1535 1999 1662 2032 seculis

245 2047 465 2080 transierunt
484 2047 523 2078 iu
543 2045 735 2087 Europam3
761 2044 834 2077 sive
846 2054 964 2077 revera
985 2056 1005 2077 a
1023 2055 1124 2077 cervo
1145 2044 1314 2089 quodam,
1347 2050 1388 2077 ut
1407 2045 1498 2078 fama
1521 2056 1662 2089 percre-

246 2093 352 2132 buit,
377 2093 530 2135 primum
559 2091 676 2130 ducti,
711 2091 785 2122 sive
809 2090 879 2122 alia
904 2090 1070 2135 quapiam
1095 2090 1238 2123 fortuna
1267 2092 1344 2130 usi,
1379 2095 1416 2123 et
1440 2089 1661 2124 Moeotidem

246 2137 432 2183 paludem,
465 2149 534 2181 qua
560 2141 660 2180 parte
686 2136 726 2168 in
752 2135 927 2168 Euxinum
956 2140 1106 2180 pontum
1142 2137 1272 2176 fertur,
1307 2147 1386 2168 eum
1412 2141 1516 2169 antea
1546 2135 1661 2170 traiici

245 2194 473 2228 nequaquam
489 2193 591 2226 posse
607 2180 821 2222 crederetur,
838 2186 923 2214 tune
938 2185 1031 2214 certe
1048 2193 1260 2226 quocunque
1275 2182 1419 2214 taudem
1436 2181 1541 2215 modo
1559 2183 1662 2216 traii—

246 2231 395 2268 cientes,
424 2234 460 2261 et
480 2239 544 2272 per
568 2227 686 2260 aliena
701 2232 876 2271 vagantes,
899 2228 1095 2260 innumeris
1113 2227 1251 2261 damnis
1264 2227 1446 2272 indigenas
1459 2229 1662 2268 affecerunt,

246 2275 431 2319 inopinato
451 2285 510 2307 eos
530 2272 667 2315 adorti;
692 2272 780 2306 adeo
795 2278 845 2313 ut,
865 2273 1044 2317 prioribus
1065 2273 1323 2308 habitatoribus
1340 2273 1475 2315 eiectis,
1492 2273 1561 2317 ipsi
1581 2273 1665 2306 illo-

247 2332 326 2355 rum
356 2319 532 2352 ditionem
557 2318 781 2362 occuparint,
813 2319 852 2351 in
882 2329 952 2363 qua
969 2324 1086 2351 tamen
1121 2331 1194 2352 non
1224 2319 1439 2355 videbantur
1463 2319 1661 2352 diutissime

249 2366 519 2404 commoraturi,
544 2365 608 2398 sed
629 2365 813 2408 stirpitus,
837 2363 935 2408 quod
956 2365 1075 2404 aiunt,
1100 2365 1262 2408 perituri,
1287 2366 1387 2398 Tunc
1414 2366 1535 2409 itaque
1567 2365 1661 2396 Ulti-

249 2413 325 2446 zuri
348 2417 384 2445 et
399 2410 607 2455 Burugundi
628 2421 741 2455 usque
758 2409 803 2442 ad
822 2409 976 2442 Leonem
999 2411 1250 2454 Imperatorem
1277 2415 1313 2443 et
1336 2411 1398 2456 qui
1429 2421 1492 2455 per
1513 2409 1551 2443 id
1570 2415 1662 2443 tem*

248 2469 316 2503 pus
346 2462 447 2491 crant
478 2458 650 2489 Romanos
666 2480 675 2496 ‚
716 2455 872 2488 celebres
897 2456 1063 2488 exstitere
1079 2481 1088 2497 ‚
1115 2457 1297 2502 fortesque
1324 2462 1408 2489 sunt
1436 2455 1572 2488 habiti:
1596 2466 1661 2488 nos

250 2515 355 2544 vero,
390 2504 452 2548 qui
477 2502 544 2535 hac
565 2506 682 2534 aetate
707 2501 870 2542 vivimus,
894 2512 1010 2546 neque
1031 2513 1090 2535 eos
1116 2504 1294 2542 novimus,
1320 2513 1437 2546 neque
1465 2511 1660 2540 noscemus,

252 2550 350 2594 quod
369 2549 427 2582 vel
452 2547 563 2581 deleti
586 2548 733 2581 fortasse
759 2549 848 2587 sint,
879 2548 935 2580 vel
961 2559 1064 2592 quam
1088 2549 1322 2581 remotissime
1346 2547 1431 2580 hinc
1454 2545 1553 2579 sedes
1581 2557 1660 2578 suas

251 2595 506 2631 transtulerint.
555 2594 621 2626 Illo
650 2592 776 2638 utique
802 2604 906 2632 anno,
930 2604 999 2637 quo
1023 2595 1229 2638 pestilentia
1254 2593 1378 2626 urbem
1404 2591 1543 2633 invasit,
1575 2592 1660 2624 reli-

251 2653 341 2685 quae
367 2641 576 2673 Hunnorum
596 2644 716 2683 gentes
738 2639 851 2671 salvae
878 2638 993 2672 adhuc
1019 2645 1055 2672 et
1078 2640 1223 2672 maximi
1246 2644 1343 2672 crant
1361 2637 1524 2671 nominis.
1572 2637 1660 2679 Cum

252 2688 371 2735 itaque
398 2685 663 2723 descendissent
686 2684 807 2720 lIunni
835 2685 873 2719 iu
899 2684 975 2721 loca
1002 2685 1045 2718 ad
1081 2691 1238 2722 austrum
1261 2685 1454 2730 vergentia,
1489 2694 1562 2719 nou
1574 2694 1662 2731 pro.-
