1794 3112
297 124 398 196 178
870 139 1140 184 AGATHIAE

98 251 133 283 Α,
150 251 188 284 c.
206 250 271 285 555
287 236 437 287 αὔτούς
454 233 547 280 οὔτε
563 238 801 280 παντάπασι
819 239 990 292 ψιλούς,
1019 235 1114 282 οὔτε
1136 244 1214 294 μὲν
1237 234 1309 283 οὖν
1334 241 1504 290 ὁπλίτας
1522 244 1594 284 κατ’
1619 243 1692 297 οἶγ-

158 297 182 328 1·
195 297 219 328 Ῑ·
237 308 281 340 29
284 301 509 355 χεμάχους.
537 300 758 357 πόρ’ῥωθέν
778 317 821 342 τε
845 301 923 358 γάρ
950 301 1058 345 οὕτω
1090 304 1222 358 τυχόν
1256 301 1532 359 οἷκοντίζουσι,
1560 305 1633 347 καί
1649 308 1695 348 ἐκ

251 374 277 405 Β
284 364 424 420 χειρὸς
453 361 511 406 αὖ
531 364 819 419 διαμάχονται,
846 367 999 419 οἷγαθοί
1013 371 1058 409 δὲ
1075 371 1146 410 καί
1160 370 1363 424 συρράξαι
1380 371 1557 425 φάλαγγι
1574 374 1694 411 πολε-
1750 396 1752 398 »

284 429 372 486 μία,
398 429 468 469 καί
485 430 657 486 ὠθισμῷ
680 429 887 484 χρώμενοι
910 430 985 479 τὰς
1007 433 1232 481 πυκνώσεις
1254 434 1560 488 διαῤῥηγνύναι,
1589 433 1631 483 ἔς
1649 450 1695 475 τε

285 491 331 533 τὸ
358 493 673 544 μετατάξασθαι
701 492 903 546 εὗπετεῖς,
941 497 1012 535 καί
1035 493 1299 550 ἁρμοσθῆναι
1329 500 1388 554 τῷ
1411 497 1723 552 προσπεσόντι5

285 556 408 597 αὐτοὶ
429 559 474 598 δὲ
497 557 569 597 καί
587 559 629 605 ἐς
651 557 702 598 τοὶ
726 557 927 612 προσάντη
941 558 1128 614 γεώλοφα
1151 557 1304 616 ῥαδίως
1322 562 1572 614 ἇναθέοντες,
1590 577 1693 616 προ-

285 618 653 672 καταλαμβάνουσι
690 620 741 660 τά
770 619 990 676 ὑπερδέξια
1033 625 1115 663 τῶν
1142 623 1333 677 χωρίων,
1369 623 1615 678 τρεπόμενοί
1647 641 1692 665 τε

286 680 476 724 ὠκύτατα
504 682 795 738 διαφεύγουσι,
833 685 905 726 καί
931 685 1114 734 ἐπιόντες
1153 684 1309 740 ἑτέροις
1343 689 1623 740 ἐμμελέστατα
1649 691 1693 736 ἐς

283 745 355 800 τὴν
384 746 521 795 δίωξιν
551 746 771 800 ἔγκεινται,
807 747 878 789 καί
912 748 1058 801 σχεδόν
1095 766 1136 790 τι
1168 747 1333 792 ἅπασαν
1365 753 1481 793 ἰδέαν
1513 753 1692 804 πολέμου

282 812 486 862 μετιόντες
506 810 578 851 καί
598 813 884 866 ἐξησκημένοι,
911 815 1084 866 μέγιστα
1108 816 1290 855 σίνονται
1312 813 1406 863 τούς
1429 813 1745 863 οἶντιπάλους·ῐσ

287 872 341 922 ὥς
375 876 420 915 δὲ
453 876 709 916 ἐπιπλεῖστον
746 878 1014 929 ξυμπολεμεῖν
1046 885 1130 925 τοῖς
1165 880 1355 932 Πέρσαις
1388 878 1608 931 εἰώθασιν,
1643 875 1692 919 οὗ

286 937 367 992 μὴν
401 935 718 992 ἧναγκασμένοι,
755 937 891 995 ὥσπερ
927 939 1138 995 κατήκοοι.
1178 939 1408 995 αὐτόνομοί
1429 958 1475 983 τε
1507 944 1586 997 γάρ
1617 944 1696 984 εἰσι

285 1003 357 1042 καί
379 1001 617 1056 ἐλεύθεροι,
644 1003 716 1044 καί
733 999 907 1057 ἄγεσθαι
935 1003 1017 1045 ὑπό
1039 1022 1110 1045 του
1137 1004 1239 1060 πρὸς
1263 1008 1357 1058 βίας
1382 1003 1430 1047 οὗ
1453 1003 1692 1061 πεφυκότες.

251 1068 278 1101 C
395 1065 450 1119 ιή.
511 1067 675 1108 Τούτων
708 1066 757 1121 δή
781 1064 854 1109 οὖν
886 1071 968 1110 τῶν
997 1071 1247 1121 Διλιμνιτῶν
1282 1069 1303 1109 ὅ
1326 1067 1592 1122 οἷποδασμὸς,
1619 1085 1692 1110 νυ-

182 1129 277 1173 ν-67
292 1127 385 1176 κτὸς
409 1130 676 1184 ἐπελθούσης,
703 1130 905 1173 κατὰ.τῶν
931 1133 1140 1187 Σαβείρων
1165 1132 1363 1188 ἐχώρουν,
1391 1130 1559 1186 ἄμεινον
1587 1130 1743 1174 εἶναιῐό

285 1194 454 1244 δοκοῦν,
482 1191 541 1234 ἔτι
567 1193 840 1236 καθεύδουσιν
863 1196 1003 1244 αὐτοῖς
1038 1197 1276 1250 ἐπιστῆναι,
1306 1195 1414 1238 οὕτω
1445 1212 1489 1238 τε
1512 1193 1693 1244 ἅπαντας

282 1255 553 1312 εὐκολώτερον
567 1265 833 1300 κατακτεῖναι·
862 1259 943 1311 καί,
972 1258 1099 1312 οἶμαι,
1124 1258 1198 1300 ov'x
1219 1257 1270 1301 ἂν
1289 1259 1512 1315 διήμαρτον
1528 1261 1600 1315 τῆς
1625 1262 1694 1301 ἐλ-

283 1320 420 1371 πίδος,
448 1321 486 1360 εἰ
515 1319 572 1374 μή
596 1338 656 1370 τις
688 1319 841 1370 αὐτούς
874 1322 1026 1378 ἔσφηλε
1053 1323 1175 1377 τύχη.
1202 1322 1330 1371 ἰόντες
1359 1323 1439 1378 γὰρ
1477 1323 1610 1378 δήπου
1649 1325 1692 1371 ἐς

282 1383 414 1435 τοῦτο,
443 1381 546 1438 ἆνήρ
574 1401 636 1433 τις
659 1382 799 1434 αὐτοῖς
817 1386 981 1439 Κόλχος
998 1389 1043 1428 ἐν
1063 1386 1194 1443 σκότῳ
1220 1388 1293 1428 καί
1317 1388 1478 1444 ἐρημίᾳ,
1505 1382 1586 1444 ᾦδέ
1606 1403 1693 1436 πως

284 1449 549 1500 ξυνενεχθὲν,
587 1448 850 1498 ὑπαντιάζει·
887 1452 960 1491 καὶ
988 1449 1059 1491 τὸν
1099 1452 1383 1503 ἀσμενέστατα
1414 1450 1743 1503 ξυλλαβόντεςρο

285 1505 563 1563 ἀναγκάζουσι
598 1515 673 1566 τῆς
695 1512 766 1553 ἐπὶ
790 1512 887 1562 τούς
911 1516 1137 1570 Σαβειρους
1167 1513 1358 1568 ἡγεῖσθαι
1383 1514 1559 1570 πορείας.
1595 1513 1619 1554 ὅ
1647 1515 1693 1555 δὲ

282 1573 581 1627 προθυμότατα
602 1573 784 1624 ’ὑποστάς
810 1576 854 1618 τὸ
873 1578 1096 1632 ἐπίταγμα,
1125 1580 1195 1619 καί
1222 1573 1301 1632 ἤδη
1329 1575 1691 1633 προπορευόμενος,

379 1663 407 1686 1.
432 1651 590 1704 Pro-{stu
617 1650 685 1685 οὖν
708 1654 744 1686 R.
768 1652 898 1698 μόνον.
980 1656 1013 1688 3.
1037 1652 1085 1688 ἂν
1107 1652 1366 1699 διαμάχωνται
1389 1655 1442 1686 Rs
1497 1655 1527 1687 8.
1553 1652 1692 1698 ἑτέροις

377 1707 534 1737 correxi,
558 1697 682 1742 ἑτέρας
706 1700 755 1738 R„
780 1698 910 1743 ἑτέρως
933 1701 1022 1745 vulg.
1150 1712 1182 1744 9.
1209 1698 1312 1732 ἷδέαν
1335 1699 1499 1744 πολέμου
1523 1700 1584 1739 R„
1607 1699 1691 1732 πολ..

376 1740 423 1774 m.
446 1742 538 1786 vulg.
659 1755 708 1776 ιι.
733 1743 781 1779 ὥς
806 1739 848 1785 δὴ
873 1745 944 1779 Par.
1032 1756 1082 1790 17.
1115 1742 1360 1790 εὐκολώτερον
1382 1745 1434 1786 R„
1459 1745 1568 1790 Intpr.
1583 1743 1693 1790 saci-

375 1786 460 1827 lius,
485 1787 714 1821 εὕκολώτατα
738 1789 828 1834 vulg.

286 1863 343 1884 rae
365 1863 440 1885 esse
455 1877 464 1893 ,
487 1864 605 1898 neque
631 1865 771 1897 prorsus
797 1856 984 1899 gravioris,
1009 1860 1046 1890 et
1073 1858 1233 1891 statarios
1263 1857 1414 1898 milites;
1439 1866 1520 1888 nam
1542 1859 1579 1888 et
1601 1855 1692 1888 emi-

286 1909 366 1936 nus,
388 1899 418 1930 si
439 1899 490 1930 ita
517 1910 571 1932 res
590 1901 757 1943 postulet,
788 1902 859 1932 tela
889 1902 1043 1941 iaciunt,
1075 1907 1111 1934 et
1137 1903 1295 1935 cominus
1324 1913 1429 1934 manu
1450 1912 1524 1933 rem
1547 1905 1691 1944 gerunt;

286 1945 470 1976 exercitati
498 1945 604 1976 etiam
635 1944 679 1977 ad
711 1946 840 1978 infesta
869 1947 943 1979 acie
979 1948 1227 1989 proeliandum
1247 1972 1255 1987 ‚
1289 1957 1494 1992 summaque
1521 1947 1557 1979 vi
1582 1945 1692 1977 densa

287 1989 423 2032 agmina
441 1990 761 2034 perrumpendum3
786 1991 942 2034 expediti
965 2003 1106 2037 quoque
1132 1998 1168 2024 et
1196 1993 1317 2024 faciles
1346 1993 1383 2025 in
1413 1991 1581 2024 mutanda
1601 1989 1696 2022 aciei

286 2034 418 2073 forma,
443 2039 479 2066 et
500 2035 544 2067 ad
565 2037 722 2080 quemvis
753 2042 916 2068 eventum
946 2048 1020 2070 sese
1047 2037 1352 2078 accommodandi3
1378 2037 1483 2069 facile
1507 2037 1612 2068 etiam
1633 2046 1691 2068 ar-

287 2078 375 2110 duos
401 2080 507 2112 colles
533 2092 633 2113 cursu
658 2087 881 2125 superantes,
906 2081 1056 2115 editiora
1079 2084 1156 2115 loca
1183 2087 1462 2125 praeoccupant,
1486 2081 1689 2114 celerrime-

287 2134 357 2167 que
387 2136 466 2156 cum
498 2137 584 2169 opus
627 2131 681 2158 est
706 2127 904 2169 refugiunt,
930 2139 1118 2172 rursusque
1141 2129 1297 2160 conversi
1320 2128 1488 2160 acerrime
1508 2127 1688 2158 insectan-

286 2173 345 2200 tur
364 2175 470 2214 atque
499 2176 640 2214 urgent,
666 2178 772 2216 atque
799 2173 835 2204 in
870 2173 964 2204 omni
1000 2173 1074 2205 fere
1105 2174 1191 2205 belli
1219 2173 1335 2215 specie
1362 2172 1489 2204 versati
1517 2171 1688 2204 exercita-

286 2214 487 2259 tissimique
518 2217 719 2258 gravissime
746 2218 864 2249 hostes
887 2217 1059 2259 laedunt3
1091 2217 1296 2250 iamdudum
1324 2219 1418 2249 enim
1446 2217 1542 2249 bello
1569 2226 1689 2248 assue-

286 2264 388 2298 runt,
419 2260 627 2302 iampridem
656 2262 720 2294 sub
749 2263 859 2294 Persis
886 2263 1107 2302 militantes,
1141 2275 1213 2295 non
1241 2267 1357 2295 tamen
1384 2263 1496 2295 coacti
1521 2267 1689 2306 tanquam

286 2303 431 2336 subditi.
479 2305 598 2337 Liberi
623 2307 717 2338 enim
736 2313 819 2340 sunt
837 2308 963 2352 suique
986 2308 1094 2348 iuris,
1127 2319 1244 2353 neque
1262 2308 1306 2340 ad
1331 2309 1480 2340 alicuius
1503 2306 1688 2340 arbitrium

284 2359 350 2392 per
374 2350 444 2381 vim
469 2350 559 2382 trahi
582 2357 848 2386 consueverunt.

381 2396 430 2427 18.
478 2395 610 2428 Horum
637 2396 759 2441 itaque
798 2397 1063 2430 Dilimnitarum
1101 2399 1218 2440 portio
1259 2398 1462 2443 quaedam,
1503 2406 1581 2430 cum
1618 2395 1688 2427 iam

286 2450 358 2470 nox
381 2445 491 2479 esset,
521 2441 559 2472 in
583 2441 724 2473 Sabiros
752 2441 836 2482 ivit3
871 2443 1064 2474 consultius
1096 2444 1191 2474 enim
1221 2444 1306 2486 ipsis
1336 2443 1534 2480 videbatur,
1565 2440 1594 2472 si
1629 2450 1687 2472 eos

286 2484 403 2517 adhue
432 2485 657 2518 'dormientes
685 2486 913 2526 invaderent,
953 2493 1060 2532 atque
1105 2489 1155 2520 ita
1174 2489 1342 2521 facillime
1377 2499 1497 2521 omnes
1532 2484 1689 2518 trucida-

286 2534 392 2571 rcnt;
427 2542 562 2574 neque,
590 2533 729 2574 opinor,
767 2533 925 2565 frustrati
958 2533 1110 2565 fuissent
1151 2544 1211 2565 sua
1244 2544 1328 2576 spe,
1361 2530 1431 2566 nisi
1460 2529 1633 2577 quaedam
1656 2529 1690 2560 i-

284 2585 366 2617 psos
387 2575 528 2614 fortuna
551 2577 746 2609 fefellisset.
793 2577 879 2610 Nam
911 2578 996 2621 ipsis
1016 2578 1060 2610 ad
1084 2577 1151 2610 hoc
1173 2578 1340 2611 euntibus
1371 2579 1425 2610 vir
1447 2574 1591 2622 quidam
1607 2574 1692 2608 Col-

287 2619 370 2652 chus
402 2621 439 2652 in
473 2621 628 2654 tenebris
660 2627 696 2655 et
727 2622 921 2654 solitudine
949 2624 1039 2655 forte
1070 2624 1212 2656 fortuna
1244 2624 1284 2655 fit
1313 2623 1436 2655 obvius
1455 2645 1465 2661 ‚
1523 2630 1604 2652 uem
1631 2619 1689 2652 illi

287 2665 406 2698 statim
442 2666 642 2703 avidissime
680 2667 937 2712 apprehensum
956 2692 966 2709 ‚
1007 2674 1047 2701 ut
1077 2668 1216 2702 itineris
1250 2667 1295 2701 ad
1325 2667 1467 2702 sabiros
1521 2675 1622 2699 ucem
1651 2673 1689 2697 se
