1832 3152
259 127 370 199 294
823 141 1099 186 AGATHIAE

63 244 104 283 A.
125 245 162 279 C.
180 246 244 291 557
257 243 382 297 μόνον
422 242 642 294 Ἀνθέμιος
661 242 732 284 ἐπὶ
748 243 914 297 Ζήνωνι
938 244 1248 299 ἐμηχανήσατο,
1277 240 1369 286 ἄλλ’
1400 240 1482 301 ἄρα
1507 242 1574 301 ὅγε
1597 263 1673 288 κα-

131 292 158 325 1'
172 292 489 362 Ῑ·3“τὴστραψέν
516 322 560 360 γε
599 303 728 347 αὐτοῦ
756 306 829 348 καί
858 307 1154 363 κατεβρόντησε
1184 307 1230 350 τὸ
1266 307 1483 362 δωμάτιον.
1534 312 1675 354 δίσκον

214 372 334 423 Βμὲν
354 370 432 424 γάρ
460 386 552 411 τινα
579 369 780 426 ἐσόπτρου
815 372 929 425 δίκην
955 372 1275 425 ἐσκευασμένον,
1314 377 1384 416 καί
1412 371 1548 429 ἧρέμα
1569 375 1676 416 ὕπο-

257 432 561 485 κοιλαινόμενον
592 440 684 484 ταῖς
722 436 795 476 τοῦ
828 433 943 489 ἧλίου
977 433 1220 490 ἀντερείδων
1257 434 1415 480 ἆκτῖσιν
1446 441 1675 492 ἐνεπίμπλα

256 499 326 550 τῆς
348 495 499 552 αἴγλης·
544 499 617 540 καί
644 496 732 540 εἶτα
752 498 939 552 μετάγων
967 501 1036 554 ἐφ’
1061 501 1202 554 ἕτερα,
1232 500 1383 555 πολλὴν
1413 501 1568 558 ἀθρόον
1597 500 1703 550 ‹td-5

258 563 315 618 τῷ
344 562 598 617 κατηκόντιζε
625 565 892 618 λαμπηδόνα,
938 563 996 612 ὥς
1023 562 1213 605 ἁπάντων
1241 566 1308 620 ἐφ’
1334 564 1407 615 οὕς
1432 563 1484 609 ἂν
1509 568 1675 623 φέροιτο

259 627 547 681 ἀμβλύνεσθαι
580 627 654 677 τὰς
693 623 813 682 ὄψεις
851 627 922 669 καὶ
964 627 1302 684 σκαρδαμύττειν·
1351 632 1591 686 συντρίψεις
1629 632 1677 673 δέ

123 697 163 731 V·
183 697 246 731 ¹06
259 709 372 742 τινας
403 691 476 733 καί
497 691 736 741 ἀντιτυπίας
759 691 960 746 σωμάτων
995 695 1171 734 ἐπινοῶν
1204 693 1539 749 βαρυηχοτάτων,
1581 692 1679 736 κτύ-

260 773 364 807 πους
393 758 581 799 ἀπετέλει
611 757 820 814 σφοδρούς
850 757 922 799 καί
946 756 1212 814 βρονττόδεις,
1249 757 1323 799 καὶ
1349 759 1460 808 οἵους
1485 760 1680 812 ἐκπλῆξαι

257 820 336 877 τὴν
362 821 580 876 αἴσθησιν,
622 820 678 870 ὥς
703 824 853 864 ἐκεῖνον
881 821 1000 875 μόλις
1031 825 1128 877 γοῦν
1155 821 1369 876 διαγνόντα
1399 819 1494 864 ὅθεν
1528 824 1736 865 &nautam

259 888 461 940 γίγνεται,
498 889 863 942 προκαλινδεῖσθαι
894 884 1133 943 ἀναφανδὸν
1159 884 1272 942 ἀμφὶ
1298 885 1355 928 ταὶ
1382 885 1483 928 πόδε
1507 890 1582 928 τοῦ
1602 891 1683 941 βα-

261 950 432 1003 σιλέως,
463 951 535 992 καί
557 957 795 1007 κατηγορεῖν
819 954 896 993 τοῦ
919 952 1109 1006 γείτονος,
1139 951 1195 999 ὥς
1222 954 1349 992 κακοῦ
1378 953 1451 993 καί
1479 948 1684 993 ἀδικωτά-

260 1030 351 1057 του·
378 1012 482 1057 ὥστε
514 1011 654 1068 ἀμέλει
683 1017 755 1058 καί
775 1016 922 1072 χάριέν
947 1033 988 1059 τι
1017 1017 1088 1057 ὑπ’
1110 1015 1232 1071 ὀργῆς
1253 1017 1536 1072 ἐπεφθέγγετο.
1566 1031 1685 1070 ποιη-

261 1078 356 1120 τικοὶ
390 1077 467 1134 γὰρ
511 1081 692 1137 παρῴδει
726 1080 908 1136 ῥημάτια
949 1080 1021 1122 καί
1053 1077 1205 1134 ἀνεβόα
1246 1080 1317 1122 ἐπὶ
1347 1083 1421 1134 τῆς
1454 1078 1683 1134 συγκλήτου

261 1145 415 1198 βουλῆς
465 1140 602 1199 ὥσπερ
649 1145 987 1200 εἰρωνευόμενος,
1043 1145 1101 1194 ὥς
1137 1146 1216 1198 οὐχ
1243 1141 1330 1188 οἷόν
1358 1160 1403 1186 τε
1439 1141 1548 1200 αὗτῷ
1574 1142 1738 1201 μόνῳιό

260 1223 306 1262 γε
333 1202 418 1251 ὄντι
439 1205 645 1266 ἆνθρώπῳ
677 1207 782 1251 κατὰ
806 1208 964 1251 ταύτὸν
985 1205 1075 1262 ἅμα
1110 1208 1214 1264 πρός
1237 1225 1282 1250 τε
1306 1209 1390 1252 Δία
1419 1206 1489 1250 τὸν
1514 1205 1686 1264 ἀστερο-

141 1281 168 1315 Ρ
191 1272 403 1328 152πητὴν
436 1275 508 1315 καί
533 1274 804 1330 ἐρίγδουπον,
841 1275 913 1315 καί
936 1272 1038 1328 πρός
1071 1290 1116 1327 γε
1148 1275 1397 1316 Ποσειδῶνα
1431 1271 1501 1314 τὸν
1533 1273 1688 1314 ἐννοσί-

262 1353 382 1392 γαιον
405 1336 698 1391 διαμάχεσθαι.
737 1336 841 1379 καλά
866 1340 944 1391 μὲν
966 1335 1040 1379 οὖν
1061 1339 1184 1393 τῆσδε
1217 1340 1290 1393 τῆς
1315 1338 1461 1392 τέχνης
1485 1335 1556 1378 καὶ
1582 1333 1687 1377 αὐτὰ

265 1401 396 1456 δήπου
425 1401 477 1442 τὰ
504 1399 743 1457 ἀθύρματα·
787 1399 834 1443 οὗ
862 1402 946 1456 μὴν
976 1399 1132 1458 ἀνάγκη
1155 1401 1228 1456 τὴν
1250 1401 1379 1458 φύσιν
1402 1403 1575 1443 ἕπεσθαι
1591 1400 1690 1442 τού-

265 1481 352 1516 τοις
381 1465 454 1507 καί
476 1468 735 1517 ἐξισοῦσθαι.
772 1465 878 1521 πλὴν
902 1465 991 1508 ἀλλ’
1012 1468 1182 1516 ἕκαστος
1201 1468 1278 1520 μὲν
1299 1467 1464 1520 ἐχέσθω
1492 1465 1564 1507 καί
1587 1466 1744 1508 ruffin-20

267 1532 312 1571 δε
343 1532 439 1587 πέρι
469 1530 607 1580 ὁποίας
628 1528 682 1574 ἂν
707 1530 780 1573 καὶ
801 1530 987 1585 βούλοιτο
1011 1533 1185 1587 γνώμης·
1227 1530 1322 1585 ἐμοὶ
1352 1532 1399 1574 δὲ
1425 1532 1467 1579 ἐς
1491 1528 1564 1572 τὸν
1589 1526 1690 1586 πρό-

270 1610 388 1650 τερον
418 1596 534 1648 λόγον
563 1597 769 1639 ἐπανιτέα.

361 1678 405 1731 4.Ὶ
419 1677 646 1723 ἀντερείδων
672 1678 756 1716 add.
781 1691 825 1713 ex
847 1681 885 1712 R.
912 1684 948 1712 et
969 1680 1079 1725 Intpr.
1099 1681 1188 1714 solis
1213 1680 1411 1726 oppositum
1437 1677 1565 1714 radiis.
1639 1690 1688 1712 ιι.

362 1735 409 1758 ἰιι
435 1723 528 1757 πόδε
542 1726 580 1758 R.
689 1736 739 1769 ¹7·
766 1723 994 1759 Ποσειδῶνα
1017 1737 1085 1760 om.
1111 1727 1149 1759 R.
1175 1731 1211 1760 et
1236 1728 1366 1770 lntpr.,
1393 1727 1455 1772 qui
1477 1726 1586 1759 vertit
1609 1725 1690 1757 ine-

361 1775 442 1813 pte:
469 1778 504 1804 et
526 1779 662 1806 terram
680 1772 794 1815 ipsam
821 1773 1096 1807 concutientem.
1204 1771 1444 1817 ἐννοσίγαιον
1468 1773 1525 1812 R„
1549 1771 1690 1815 ἐνοσίγ.

362 1815 454 1858 vulg.
549 1827 605 1851 21.
634 1816 772 1850 ὁποίαν
798 1835 845 1842 ·—
868 1817 1023 1862 γνώμην
1057 1819 1096 1850 R.

270 1905 403 1927 nonem
429 1894 650 1928 machinatus
683 1900 754 1934 est,
778 1894 842 1928 sed
877 1900 912 1928 et
942 1895 1082 1940 fulgura
1103 1900 1139 1929 et
1166 1896 1325 1928 tonitrua
1349 1895 1387 1928 in
1406 1894 1549 1928 domum
1577 1896 1691 1928 torsit.

272 1942 421 1974 Discum
443 1942 598 1974 enimin
626 1941 759 1984 speculi
789 1942 942 1985 speciem
973 1946 1211 1985 comparatum
1239 1941 1452 1985 modiceque
1484 1946 1693 1975 excavatum

274 1986 458 2031 radiisque
490 1987 574 2020 solis
609 1988 812 2032 oppositum
843 1988 1030 2030 splendore
1056 1987 1251 2030 implebat;
1292 1997 1331 2018 ac
1364 1986 1494 2019 deinde
1525 1986 1694 2020 aliorsum

274 2033 512 2072 transferens,
536 2033 716 2077 ingentem
744 2033 932 2066 confestim
962 2035 1001 2066 in
1023 2033 1166 2066 domum
1185 2031 1427 2065 eiaculabatur
1455 2032 1693 2075 splendorem,

275 2077 365 2111 adeo
378 2083 418 2111 ut
429 2078 597 2119 omnium,
618 2079 656 2112 in
671 2090 758 2122 quos
775 2078 967 2120 ferebatur,
983 2079 1148 2112 obtutum
1164 2078 1418 2122 perstringeret
1433 2082 1541 2123 atque
1559 2077 1693 2111 obtun-

278 2123 390 2159 deret.
439 2124 633 2168 Corporum
661 2125 768 2157 etiam
792 2125 1023 2169 quorundam,
1057 2135 1148 2170 quae
1182 2123 1285 2156 valde
1313 2127 1430 2156 essent
1460 2135 1598 2164 sonora,
1620 2124 1695 2157 col—

277 2169 424 2202 lisiones
462 2171 792 2215 complosionesque
819 2172 1038 2214 excogitans,
1071 2170 1242 2202 immanes
1273 2169 1443 2214 quosdam
1467 2174 1504 2202 et
1533 2169 1693 2203 tonitruo

279 2215 411 2248 similes
437 2215 590 2259 fragores
618 2216 748 2248 edebat
771 2216 995 2260 percellendo
1012 2217 1131 2249 sensui
1163 2221 1284 2259 aptos5
1315 2214 1403 2248 adeo
1418 2220 1459 2248 ut
1481 2216 1585 2255 Zeno,
1613 2226 1694 2249 cum

280 2271 382 2304 aegre
408 2261 551 2294 tandem
573 2262 820 2302 intellexisset,
848 2261 942 2295 unde
963 2262 1099 2306 singula
1119 2262 1257 2301 fierent,
1290 2261 1408 2304 palam
1427 2261 1472 2294 ad
1487 2261 1597 2306 pedes
1618 2262 1694 2294 Im-

281 2307 454 2352 peratoris
478 2307 697 2350 provolutus,
723 2307 879 2340 vicinum
908 2308 1078 2340 accusarit
1104 2313 1144 2340 ut
1170 2306 1369 2351 improbum
1400 2312 1438 2340 et
1466 2307 1692 2340 sceleratum:

283 2352 372 2385 adeo
399 2357 440 2385 ut
469 2357 504 2385 et
528 2353 716 2396 gratiosum
734 2353 911 2398 quoddam
943 2358 1050 2398 atque
1079 2353 1222 2397 elegans
1244 2352 1377 2386 dictum
1403 2353 1457 2385 ira
1475 2352 1545 2396 ipsi
1569 2362 1694 2386 excus-

283 2399 379 2432 serit.
428 2399 578 2432 Poeticis
607 2399 703 2431 enim
735 2399 947 2443 quibusdam
981 2399 1098 2433 verbis
1126 2398 1288 2432 alludens
1320 2409 1435 2431 coram
1460 2402 1586 2431 senatu
1598 2408 1694 2442 ,pro-

281 2443 476 2483 clamabat,
498 2445 608 2478 veluti
627 2456 691 2489 per
715 2445 865 2478 ironiam
891 2451 928 2478 et
945 2446 1124 2478 cavillum:
1159 2455 1214 2485 se,
1242 2443 1349 2477 homo
1371 2455 1450 2477 cum
1475 2448 1588 2484 esset,
1619 2453 1694 2476 non

282 2501 387 2535 posse
396 2489 560 2523 adversus
578 2496 765 2535 utrumque
784 2490 925 2534 pariter,
947 2492 1065 2524 Iovem
1078 2491 1340 2524 fulminatorem
1350 2495 1386 2524 et
1403 2490 1694 2535 gravitouantem‚

283 2542 321 2569 et
338 2536 502 2570 adversus
528 2537 733 2580 Neptunum
752 2542 866 2570 terrae
897 2548 1140 2570 concussorem
1163 2547 1331 2581 pugnare.
1379 2533 1526 2581 Pulchra
1548 2533 1694 2579 quidem

283 2582 393 2617 initur
409 2587 491 2615 sunt
505 2582 652 2616 huiusce
670 2584 755 2615 artis
779 2584 923 2622 effecta,
955 2583 1177 2627 quantumvis
1210 2581 1357 2623 ludicra3
1405 2591 1547 2614 necesse
1576 2584 1695 2613 tamen

284 2639 358 2660 non
377 2634 429 2661 est
444 2654 453 2668 ‚
478 2630 638 2662 naturam
661 2628 747 2662 haec
770 2629 870 2672 sequi
897 2629 1013 2674 iisque
1048 2629 1247 2674 exaequari.
1297 2627 1460 2660 Ceterum
1486 2625 1530 2658 de
1554 2625 1610 2659 his
1635 2635 1695 2659 re—

284 2673 352 2706 bus
370 2685 475 2718 quam
501 2676 652 2720 quisque
678 2675 831 2707 voluerit
853 2675 1066 2709 sententiam
1089 2679 1226 2718 teneat5
1261 2672 1350 2707 mihi
1367 2682 1449 2708 vero
1479 2671 1526 2706 ad
1538 2671 1695 2718 priorem

285 2721 524 2754 narrationem
550 2725 603 2753 est
622 2719 850 2755 redeundum.
1284 2738 1295 2742 <
