1832 3152
354 58 464 123 414

343 174 788 230 ’”ἦμιαγρυπνος,δ,ἧ,
817 176 967 220 246,11.

352 218 398 261 ἢν
416 233 493 253 cum
515 221 622 258 indic,
645 233 727 266 217,
766 234 802 255 12
846 222 938 263 ἤντι
952 232 1023 254 πα-

398 269 481 298 θεῖν
505 266 598 310 ὑπὲρ
626 268 731 311 ὑμῶν
756 266 839 300 ἔδει

351 307 397 351 ἢν
418 320 494 342 cum
517 315 622 354 optat.
645 315 699 352 32,
716 323 735 344 2
762 312 806 352 ἤν
837 322 893 348 τις
909 312 1020 345 ἐπίοι.

397 357 525 399 89,15
564 356 607 396 ἢν
633 368 687 392 τις
711 357 805 401 ὑμᾶς
834 359 915 402 τῆς
914 367 1023 390 ιιετα-

394 401 506 454 βολῆς
528 402 687 444 αἰτιιότο.
709 414 765 446 92,
783 404 803 435 8
836 402 946 443 ἧντις
967 403 1023 435 ἐπ’

395 443 531 481 αὐτοῦς
559 447 622 478 ἴοι.
649 449 726 486 332,
760 459 795 491 17
821 446 865 488 ἥν
884 459 939 484 τις
953 446 1022 480 αὔ-

396 488 483 526 τούς
502 493 605 527 ἴσους
621 511 661 516 -—
685 491 925 525 α’ποκαλέσοι.

354 534 480 581 ηρέιια,
499 538 703 582 paullatim,
714 538 757 569 ab
774 539 835 582 Ag,
857 539 1024 582 saepissi-

398 593 453 613 me
486 583 583 614 nulla
617 581 689 615 fere
717 584 752 615 vi
785 584 954 616 inscrtum
991 585 1023 623 5,

397 639 435 660 21
476 626 652 659 λανθάνει
677 634 755 663 ταῖς
781 634 918 671 ψυχαῖς
940 630 1025 671 ἤρε’-

397 683 450 717 μα
469 683 534 708 τας
556 664 689 715 α’ρετας
707 673 946 725 ἐσοικίζουσα.
969 674 1024 716 34,

396 721 428 752 6.
458 718 512 759 45,
534 718 552 750 5
589 712 757 754 α’ντωπὸς
786 717 900 764 ηρέμα
923 719 960 755 ἐς
980 717 1024 751 τὰ

400 763 517 795 ὀπίσω
551 762 861 808 υποσχαζόμενος.
894 767 1024 804 81,18.

398 809 454 846 82,
480 819 532 840 12.
565 810 620 851 93,
645 820 695 841 2ο.
740 821 810 848 100,
833 811 863 843 5.
901 789 972 849 106,
995 813 1027 845 8.

405 865 477 892 111,
506 865 553 884 11.
594 852 666 896 144,
691 865 743 886 2ο.
773 834 922 894 152,21.
954 857 1026 898 173,

403 897 560 942 14.179,
588 909 617 934 1.
645 901 718 940 188,
740 900 902 944 15197,
928 912 962 933 11
993 906 1029 933 et

398 954 540 988 passun.

354 991 496 1028 θᾶκος,
532 987 578 1027 6,
616 989 752 1044 regium
786 990 914 1023 solium
943 991 1028 1034 269,

406 1046 464 1086 17
477 1033 500 1066 o‘
527 1033 733 1088 Ζαμοὶσᾳης
768 1029 862 1068 ἑκων
893 1034 1028 1076 οἷπέστη

398 1078 464 1112 τοῦ
490 1078 622 1112 acinon.
649 1081 725 1120 206,
749 1082 769 1114 5
809 1080 936 1125 legitur
951 1081 1028 1113 θῶ-

355 1135 528 1215 θτῇῧὲειν
539 1170 624 1210 τινι,
647 1181 790 1215 operam
810 1171 898 1205 dare
916 1171 1032 1205 alicui

402 1216 456 1249 rei
491 1217 526 1254 6,
551 1227 594 1248 20
618 1216 702 1259 ἐμοὶ
729 1218 800 1261 μὲν
823 1227 890 1250 ουν
907 1216 1032 1249 τοῖσδε

400 1260 577 1314 θαμίζειν
593 1259 727 1293 ἐδόκει.

355 1302 533 1352 θαιιινός,
559 1297 594 1346 ἢ,
612 1303 668 1344 ὂν,
694 1305 749 1347 40,
772 1304 792 1347 4
820 1303 1033 1349 οἰμωγαὶἤ-

405 1337 560 1383 κούοντο
587 1351 759 1395 θαιιιναί.

358 1395 578 1434 θεοείκελος,
609 1395 641 1435 6,
661 1395 695 1436 ἤ,
712 1405 783 1427 voc.
801 1397 897 1451 po'ct.
923 1394 995 1437 114,
1015 1397 1036 1429 8

368 1448 371 1450 “
403 1439 471 1483 τὴν
486 1433 612 1484 ψυχὴν
631 1439 787 1484 ἄγανται
807 1439 855 1474 ὥς
880 1439 966 1474 λίαν
990 1452 1036 1472 α-

407 1490 534 1532 ρίστην
559 1487 622 1518 καὶ
640 1485 862 1518 θεοείκελον

365 1533 576 1572 θεσπέσιος,
595 1534 645 1571 ία,
663 1541 734 1570 ιον,
754 1541 827 1563 voc.
850 1541 902 1573 ep.
918 1531 992 1570 115,
1015 1532 1037 1564 8

407 1578 563 1621 ἄριστον
582 1578 644 1609 και
664 1578 877 1609 θεσπέσιον.
901 1577 973 1615 128,
997 1576 1035 1608 13

406 1622 580 1665 ζητήσεως
614 1625 824 1657 θεσπεσίας.
869 1620 954 1662 146,
993 1631 1036 1653 22

407 1669 606 1713 Στεφάνου
646 1667 711 1700 τοῦ
746 1668 951 1700 θεσπεσίου
985 1666 1037 1697 ἱε-

411 1714 491 1768 ρόν.

362 1757 542 1802 θητικὸν,
571 1769 627 1798 το,
658 1758 713 1802 (v.
743 1758 822 1790 Has.
854 1755 898 1788 ad
930 1755 1035 1788 Leon.

412 1807 492 1840 238.
505 1802 571 1845 D.)
590 1806 645 1843 8ο,
660 1803 679 1835 5
702 1802 768 1836 τοῦ
795 1803 954 1842 θητικοῦ
975 1802 1040 1832 καὶ

408 1850 597 1884 οἰκετικοῦ
616 1845 709 1882 ὅσον
731 1845 799 1880 οὐκ
833 1844 1037 1900 απόλεμον,

413 1896 530 1940 175,1
569 1894 605 1926 οἱ
630 1891 855 1949 δορυφόροι
859 1893 920 1923 καὶ
945 1889 1038 1923 ὁπό-

410 1950 478 1974 σον
499 1939 586 1972 αλλο
609 1938 706 1982 αὐτῷ
728 1934 883 1980 θητικὸν
902 1937 1038 1969 εἵπετο.

409 1985 570 2027 252,14
608 1983 751 2017 ὁπόσον
781 1983 904 2028 παρῆν
936 1984 1041 2022 θητι-

412 2033 480 2065 κόν
500 2039 538 2063 τε
559 2032 622 2062 καὶ
645 2028 790 2063 δοῦλον.

366 2070 555 2133 ἰθαγενὴς,
582 2074 614 2115 0,
645 2075 678 2116 ἧ,
708 2074 880 2127 indigena
906 2073 968 2112 56,
997 2083 1037 2105 21

411 2121 497 2158 τοὺς
519 2121 614 2165 γοῦν
639 2121 680 2154 ἐκ
709 2120 871 2153 παλαιοῦ
895 2117 1041 2158 οἴκητο-

412 2167 480 2213 ροίς
498 2176 535 2200 τε
552 2168 615 2198 και
641 2167 824 2211 ἰθαγενεῖς
845 2161 886 2198 τὸ
908 2163 1041 2196 ανὲκα-

411 2217 481 2247 θεν
508 2210 700 2267 ἡγεμόνας.
734 2212 796 2252 65,
814 2223 834 2244 2
861 2208 944 2242 ὅσοι
971 2206 1041 2240 αὕ-

412 2259 486 2292 τῶν
521 2257 689 2301 Φράγγοι
718 2258 906 2310 ἰθαγενεῖς
934 2253 1041 2297 ἐτύγ-

387 2308 389 2311 ’
411 2314 531 2349 χανον
551 2303 660 2338 ὄντες.
680 2305 736 2346 96,
760 2305 778 2337 3
811 2297 928 2336 πολύς
955 2297 1041 2344 διιι-

418 2352 481 2386 λος
508 2347 695 2392 ῖθαγενῶν
722 2357 759 2380 τε
794 2349 858 2380 καὶ
891 2330 1041 2379 ἐνδαπί-

419 2407 471 2429 ων
507 2393 662 2449 ἀνδρῶν.
710 2405 789 2433 120,
827 2392 865 2425 15
894 2391 1042 2435 Πέρσης

416 2453 468 2474 ων
493 2438 673 2484 ἰθαγενής.
714 2440 839 2482 237,1
829 2437 867 2480 14
912 2437 1042 2479 ἰθαγε-

417 2486 476 2522 νὲς
498 2489 559 2518 και
583 2484 794 2537 ἐπιχωριον.
821 2485 898 2521 300,
928 2493 976 2514 11.

373 2532 486 2565 furtim
511 2537 546 2564 et
565 2530 755 2574 composita
783 2527 851 2572 (dc
875 2528 986 2560 forma
1007 2527 1043 2559 in

418 2578 472 2610 τέω
494 2588 596 2620 saepe
615 2576 658 2608 ab
682 2573 828 2619 Agathia
844 2573 997 2618 praelata
1014 2582 1042 2602 v.

420 2623 500 2656 Has.
531 2621 574 2656 ad
604 2621 711 2655 Leon.
722 2632 755 2666 Ρ.
772 2621 849 2655 265.
870 2617 924 2662 Β.)
955 2618 1047 2657 5,18

973 78 1133 126 INDEX·

1129 178 1354 223 παριστῶσα.
1389 179 1537 221 163,18
1559 185 1751 228 μεθιστᾷν

1138 228 1223 265 181,
1264 237 1306 258 22
1348 229 1582 261 καθιστωνῐι.
1615 230 1748 270 316,2

1131 268 1332 313 διανιστᾷν.

1091 317 1276 358 κα-θαιρέω
1307 316 1370 347 sut.
1409 316 1553 348 καθελῶ
1580 318 1658 361 269,
1676 318 1696 350 5
1715 317 1753 351 ἕ-

1132 361 1273 392 στειλεν
1301 356 1410 396 αὖθις
1439 360 1480 393 τό
1511 371 1548 394 τε
1581 364 1754 396 ἀντιστα-

1131 408 1222 438 τοῦν
1247 405 1477 439 καθελοῦντα
1502 407 1566 439 καὶ
1593 426 1631 433 -
1662 406 1754 441 α’να-

1135 449 1373 503 κτήσομενον.

1091 497 1153 527 καὶ
1171 488 1213 536 (51)
1217 495 1455 549 saepissime
1462 495 1632 528 insertum
1662 497 1712 538 14,
1731 507 1754 539 9

1134 537 1195 582 ἐφ’
1210 537 1303 583 ίέπερ
1326 541 1388 571 καὶ
1406 550 1478 592 την
1491 538 1610 585 ἀρχὴν
1633 542 1758 585 ὥρμη-

1134 587 1206 625 θην
1223 586 1334 621 ἰέναι,
1361 586 1423 616 καὶ
1440 577 1482 625 δη
1501 586 1562 618 ἐπὶ
1577 586 1688 618 ταῦτα
1701 585 1754 618 εἴμ

1134 642 1189 684 μι.
1226 632 1281 669 3ο,
1306 631 1343 663 13
1376 630 1424 665 ὥς
1445 628 1577 662 αότίκα
1603 630 1704 675 μάλα
1719 631 1755 666 ἐς

1133 686 1200 716 την
1218 675 1377 707 Ἰταλίαν
1401 677 1463 707 καὶ
1490 668 1532 715 δη
1553 675 1756 728 ἐμβαλοῦν-

1135 729 1202 755 τες.
1234 720 1287 760 58,
1305 731 1348 752 22
1383 719 1441 773 ἐφ’
1461 715 1486 751 ἅ
1505 718 1606 765 ωρμη
1589 731 1670 761 ηντο
1678 731 1758 763 την

1137 762 1256 809 αρχὴν
1280 767 1341 796 καὶ
1362 758 1403 806 δὴ
1429 763 1491 797 ἐπὶ
1517 766 1630 798 ταῦτα
1651 766 1756 798 ἰέναι.

1135 822 1192 854 91,
1213 822 1264 845 10.
1294 821 1366 853 109,
1390 821 1439 843 11.
1471 811 1544 849 126,
1563 821 1582 843 2
1623 807 1692 844 ανοὶ
1714 822 1758 842 τα

1137 854 1299 900 πρότερα
1322 855 1384 886 καὶ
1406 847 1448 894 δη
1475 855 1650 895 ἐπανηξω.
1686 857 1759 900 169,

1143 912 1192 933 10.
1218 901 1294 939 223,
1311 899 1343 942 4.
1369 901 1445 940 238,
1468 900 1497 933 5.
1515 911 1592 944 290,
1609 911 1662 934 22.
1682 902 1760 944 317,

1145 947 1194 979 16.
1221 947 1367 983 320,11.

1095 992 1159 1023 καὶ
1175 990 1195 1023 6
1215 996 1250 1023 et
1268 991 1330 1021 καὶ
1345 987 1384 1024 ὃς
1398 988 1500 1022 valde
1516 988 1683 1022 usitatum
1697 1000 1760 1033 pro

1145 1037 1208 1068 καὶ
1239 1045 1346 1070 ουτος
1375 1036 1510 1078 23,19
1536 1033 1668 1075 ἥδοντο
1691 1035 1762 1080 μὲν

1143 1082 1206 1113 καὶ
1232 1080 1269 1112 οἳ
1291 1079 1337 1123 τῷ
1367 1080 1606 1139 νεωτερισμῷ.
1633 1080 1687 1120 56,
1722 1081 1762 1113 16
1788 1100 1790 1104 -

1139 1127 1189 1162 ὥς
1211 1136 1259 1158 αι
1274 1126 1334 1156 καὶ
1354 1125 1391 1157 οὶ
1403 1122 1689 1179 διαχειμάσοιεν.
1707 1125 1762 1163 58,

1141 1183 1162 1205 2
1193 1167 1367 1203 &cremeas
1377 1171 1437 1202 καὶ
1449 1181 1534 1206 τους
1547 1168 1617 1209 ὅπη
1630 1169 1763 1226 αριστα

1142 1215 1300 1268 ἤιιελλον
1314 1213 1576 1268 διαχειμάζειν.
1601 1215 1656 1254 65,
1671 1212 1764 1257 4ἱὶτε

1144 1249 1186 1301 δὴ
1203 1272 1247 1293 τα
1267 1256 1364 1304 ὀρθὰ
1381 1261 1445 1291 καὶ
1463 1260 1500 1292 οἳ
1516 1261 1579 1292 τοῦ
1601 1262 1765 1304 κρείττο-

1143 1315 1207 1341 νος
1240 1306 1328 1348 πέρι
1353 1300 1495 1357 νόμιμα
1525 1306 1767 1350 προσιέμενοι

1146 1353 1201 1390 85,
1223 1351 1246 1383 6
1277 1349 1402 1394 παρῆν
1429 1359 1503 1393 γαρ
1531 1351 1595 1382 καὶ
1620 1348 1660 1386 ὃς
1675 1351 1769 1393 ἐντῇ

1143 1395 1253 1473 ζιῗέη
1247 1406 1300 1476 ἐξ)
1307 1391 1769 1485 Ιμαᾎκιρἐν).λέπῖιίζὲε(στειῗιζνττίιὶκῖις

1149 1498 1224 1525 101,
1250 1497 1307 1570 517.
1343 1497 1415 1526 110,
1437 1488 1576 1530 9-178,
1607 1497 1659 1519 20.
1690 1484 1772 1528 234,

1145 1535 1178 1566 8.
1203 1542 1222 1563 2
1305 1541 1332 1564 1.

1102 1530 1354 1621 καρηβέρία,
1334 1575 1376 1616 ἤ,
1399 1585 1471 1619 170,
1483 1587 1526 1609 20
1544 1573 1657 1610 ἐνίοις
1671 1572 1770 1606 (ἰπο-

1146 1622 1280 1662 πληξία
1305 1622 1525 1662 ἐνέσκηπτεν
1549 1621 1612 1652 και
1632 1617 1771 1665 ἑτέροις

1147 1668 1359 1719 καρηβαρία.

1103 1723 1195 1746 κατα
1217 1705 1256 1743 τὸ
1277 1711 1424 1756 μᾶλλον
1445 1710 1594 1743 formula
1618 1709 1675 1754 Ag.
1696 1710 1772 1742 usi-

1146 1757 1318 1790 tutissima
1351 1767 1461 1800 9,19
1491 1753 1535 1788 τιὲ
1563 1772 1609 1780 -·-
1641 1751 1769 1799 αγαθιὲ

1149 1813 1240 1834 κατα
1270 1801 1311 1833 τό
1335 1801 1483 1856 μᾶλλον
1511 1801 1678 1857 ἐξαίρειν.
1719 1800 1770 1838 15,

1147 1849 1170 1880 6
1196 1845 1262 1879 οὔκ
1280 1857 1326 1879 αν
1344 1845 1432 1877 ἄλλο
1463 1856 1499 1877 τι
1520 1843 1644 1889 εὕροις
1659 1845 1699 1878 ἐν
1715 1847 1774 1889 τῇω

1147 1891 1187 1924 ὀέ·
1209 1902 1299 1923 κατα
1323 1888 1363 1923 τὸ
1380 1890 1520 1935 μᾶλλον
1537 1878 1773 1936 ἀναγεγραμ-

1146 1938 1251 1982 μένα
1279 1936 1333 1980 49,
1362 1935 1605 1974 13.135,18
1642 1934 1761 1979 141,9
1822 1958 1826 1962 -

1153 1983 1224 2022 152,
1216 1981 1389 2066 ‚346189‚
1420 1980 1466 2013 15.
1501 1980 1578 2024 284,
1609 1992 1657 2015 11.
1693 1982 1774 2020 286,

1156 2039 1204 2061 ιο.
1260 2038 1268 2059 1

1103 2073 1389 2123 ”καταβοαβέω
1419 2071 1477 2114 64,
1501 2070 1522 2114 4
1557 2067 1775 2114 ἀναγκάζων

1147 2136 1193 2142 -
1235 2110 1336 2162 θαμὰ
1370 2117 1411 2160 τῇ
1445 2114 1557 2148 σάλπι
1587 2127 1630 2159 γι
1661 2126 1774 2148 κατα-

1147 2165 1366 2208 βοαβεῖσθαι
1400 2154 1442 2194 τὸ
1479 2161 1655 2195 ἐνυαλιον
1684 2161 1774 2202 ἐπη-

1178 2207 1247 2240 οὕσ

1106 2220 1363 2306 καξευνᾶηστῆρ,
1390 2250 1428 2292 6,
1451 2261 1576 2286 servus
1595 2251 1778 2285 cubicula-

1149 2311 1224 2333 rzus
1241 2297 1364 2338 55,18
1385 2299 1514 2342 τομίαι
1534 2299 1780 2337 κατευναστὴ-

1174 2354 1188 2376 ε

1107 2355 1375 2474 '‘{33155‘2‘5
1390 2385 1780 2476 {aluffssffim‘ffl

1153 2482 1217 2521 τῆς
1231 2480 1270 2512 ἐν
1286 2477 1432 2514 τούτοις
1449 2477 1671 2534 ἐπιμελείας

1108 2525 1242 2570 κλίμα,
1269 2517 1336 2563 τὸ,
1373 2527 1451 2563 282,
1478 2535 1496 2579 7
1525 2523 1587 2554 καὶ
1616 2520 1782 2578 μάλιστα

1155 2571 1195 2604 ἓν
1212 2570 1261 2613 τῷ
1277 2570 1428 2613 κλίματι
1453 2566 1570 2609 δήπου
1591 2577 1610 2600 τ
1661 2565 1781 2610 ὄγδόω

1158 2615 1277 2652 καλῶς
1299 2614 1396 2660 εἶχεν
1402 2638 1415 2655 ,
1451 2611 1560 2659 ὅπερ,
1592 2621 1611 2646 ο
1627 2623 1722 2656 μαι,
1740 2611 1783 2645 ἐκ
