<?xml version="1.0" encoding="UTF-8"?>
<!DOCTYPE html PUBLIC "-//W3C//DTD XHTML 1.0 Transitional//EN"
    "http://www.w3.org/TR/xhtml1/DTD/xhtml1-transitional.dtd">
<html xmlns="http://www.w3.org/1999/xhtml" xml:lang="en" lang="en">
 <head>
  <title>
</title>
<meta http-equiv="Content-Type" content="text/html;charset=utf-8" />
  <meta name='ocr-system' content='tesseract 3.04.00' />
  <meta name='ocr-capabilities' content='ocr_page ocr_carea ocr_par ocr_line ocrx_word'/>
</head>
<body>
  <div class='ocr_page' id='page_1' title='image "./corpusscriptorum01niebuoft_0238.png"; bbox 0 0 1832 3152; ppageno 0'>
   <div class='ocr_carea' id='block_1_1' title="bbox 323 148 1130 218">
    <p class='ocr_par' dir='ltr' id='par_1_1' title="bbox 323 148 1130 218">
     <span class='ocr_line' id='line_1_1' title="bbox 323 148 1130 218; baseline 0.006 -19"><span class='ocrx_word' id='word_1_1' title='bbox 323 168 339 199; x_wconf 87' lang='lat'>1</span> <span class='ocrx_word' id='word_1_2' title='bbox 352 148 425 218; x_wconf 72' lang='grc'><strong>94</strong></span> <span class='ocrx_word' id='word_1_3' title='bbox 859 161 1130 204; x_wconf 77' lang='lat' dir='ltr'><strong>AGATmAE</strong></span> 
     </span>
    </p>
   </div>
   <div class='ocr_carea' id='block_1_2' title="bbox 121 256 1728 509">
    <p class='ocr_par' dir='ltr' id='par_1_2' title="bbox 121 256 1728 445">
     <span class='ocr_line' id='line_1_2' title="bbox 121 256 1727 318; baseline 0.002 -16"><span class='ocrx_word' id='word_1_4' title='bbox 121 278 158 311; x_wconf 71' lang='grc' dir='ltr'><strong>Α,</strong></span> <span class='ocrx_word' id='word_1_5' title='bbox 184 275 220 308; x_wconf 81' lang='lat' dir='ltr'><strong>c,</strong></span> <span class='ocrx_word' id='word_1_6' title='bbox 243 262 527 318; x_wconf 76' lang='grc' dir='ltr'><strong><em>555περιβόλῳ.</em></strong></span> <span class='ocrx_word' id='word_1_7' title='bbox 545 259 607 315; x_wconf 75' lang='grc' dir='ltr'><strong><em>εἴη</em></strong></span> <span class='ocrx_word' id='word_1_8' title='bbox 643 256 965 314; x_wconf 76' lang='grc' dir='ltr'><strong><em>ἐμβεβλημένον,</em></strong></span> <span class='ocrx_word' id='word_1_9' title='bbox 1002 256 1074 303; x_wconf 85' lang='grc' dir='ltr'><em>καί</em></span> <span class='ocrx_word' id='word_1_10' title='bbox 1099 263 1288 314; x_wconf 76' lang='grc' dir='ltr'><strong><em>μεθεῖναι</em></strong></span> <span class='ocrx_word' id='word_1_11' title='bbox 1324 257 1400 313; x_wconf 73' lang='grc' dir='ltr'><strong>μὲν</strong></span> <span class='ocrx_word' id='word_1_12' title='bbox 1431 259 1483 303; x_wconf 80' lang='grc' dir='ltr'><strong><em>τὰ</em></strong></span> <span class='ocrx_word' id='word_1_13' title='bbox 1512 262 1556 303; x_wconf 75' lang='grc' dir='ltr'><strong><em>ἐν</em></strong></span> <span class='ocrx_word' id='word_1_14' title='bbox 1582 265 1727 318; x_wconf 67' lang='grc' dir='ltr'><strong><em>χερσῖν</em></strong></span> 
     </span>
     <span class='ocr_line' id='line_1_3' title="bbox 166 322 1727 382; baseline 0.002 -17"><span class='ocrx_word' id='word_1_15' title='bbox 166 322 190 354; x_wconf 86' lang='grc' dir='ltr'><strong>Ῑ·</strong></span> <span class='ocrx_word' id='word_1_16' title='bbox 208 322 236 355; x_wconf 83' lang='lat'><strong>1·</strong></span> <span class='ocrx_word' id='word_1_17' title='bbox 252 332 297 365; x_wconf 80' lang='lat'><strong>29</strong></span> <span class='ocrx_word' id='word_1_18' title='bbox 308 325 430 381; x_wconf 78' lang='grc' dir='ltr'><strong><em>ἔργα,</em></strong></span> <span class='ocrx_word' id='word_1_19' title='bbox 469 326 686 379; x_wconf 80' lang='grc' dir='ltr'><strong><em>ὁρομαιόυς</em></strong></span> <span class='ocrx_word' id='word_1_20' title='bbox 715 325 760 364; x_wconf 71' lang='grc' dir='ltr'><strong>δὲ</strong></span> <span class='ocrx_word' id='word_1_21' title='bbox 793 323 851 372; x_wconf 77' lang='grc' dir='ltr'><strong>ὥς</strong></span> <span class='ocrx_word' id='word_1_22' title='bbox 873 324 998 367; x_wconf 72' lang='grc' dir='ltr'><strong><em>αὐτὸν</em></strong></span> <span class='ocrx_word' id='word_1_23' title='bbox 1050 323 1188 379; x_wconf 76' lang='grc' dir='ltr'><strong><em>ἥκειν,</em></strong></span> <span class='ocrx_word' id='word_1_24' title='bbox 1223 324 1295 366; x_wconf 83' lang='grc' dir='ltr'>καί</span> <span class='ocrx_word' id='word_1_25' title='bbox 1321 324 1628 378; x_wconf 84' lang='grc' dir='ltr'><strong><em>συνεπιβάλλειν</em></strong></span> <span class='ocrx_word' id='word_1_26' title='bbox 1657 324 1727 382; x_wconf 68' lang='grc' dir='ltr'><strong>την</strong></span> 
     </span>
     <span class='ocr_line' id='line_1_4' title="bbox 272 384 1728 445; baseline 0 -14"><span class='ocrx_word' id='word_1_27' title='bbox 272 400 297 431; x_wconf 92' lang='grc' dir='ltr'><em>Β</em></span> <span class='ocrx_word' id='word_1_28' title='bbox 311 390 465 445; x_wconf 76' lang='grc' dir='ltr'><strong><em>φλόγα,</em></strong></span> <span class='ocrx_word' id='word_1_29' title='bbox 493 389 549 437; x_wconf 74' lang='grc' dir='ltr'><strong>ὥς</strong></span> <span class='ocrx_word' id='word_1_30' title='bbox 573 385 624 430; x_wconf 77' lang='grc' dir='ltr'><strong><em>ἂν</em></strong></span> <span class='ocrx_word' id='word_1_31' title='bbox 653 387 803 444; x_wconf 70' lang='grc' dir='ltr'><strong><em>ῥᾳδίως</em></strong></span> <span class='ocrx_word' id='word_1_32' title='bbox 824 384 983 430; x_wconf 78' lang='grc' dir='ltr'><strong><em>ἅπαντα</em></strong></span> <span class='ocrx_word' id='word_1_33' title='bbox 1005 391 1300 445; x_wconf 69' lang='grc' dir='ltr'><strong><em>πυρποληθείη.</em></strong></span> <span class='ocrx_word' id='word_1_34' title='bbox 1327 391 1398 430; x_wconf 84' lang='grc' dir='ltr'>καί</span> <span class='ocrx_word' id='word_1_35' title='bbox 1416 388 1437 430; x_wconf 81' lang='grc' dir='ltr'>ὅ</span> <span class='ocrx_word' id='word_1_36' title='bbox 1456 392 1534 441; x_wconf 85' lang='grc' dir='ltr'><strong>μὲν</strong></span> <span class='ocrx_word' id='word_1_37' title='bbox 1555 393 1728 432; x_wconf 78' lang='grc' dir='ltr'><strong><em>τοιαῦτα</em></strong></span> 
     </span>
    </p>

    <p class='ocr_par' dir='ltr' id='par_1_3' title="bbox 310 450 1727 509">
     <span class='ocr_line' id='line_1_5' title="bbox 310 450 1727 509; baseline 0.001 -15"><span class='ocrx_word' id='word_1_38' title='bbox 310 455 378 508; x_wconf 79' lang='grc' dir='ltr'><strong>ἐφ’</strong></span> <span class='ocrx_word' id='word_1_39' title='bbox 411 450 546 509; x_wconf 74' lang='grc' dir='ltr'><strong><em>ἑαυτῷ</em></strong></span> <span class='ocrx_word' id='word_1_40' title='bbox 567 452 893 507; x_wconf 79' lang='grc' dir='ltr'><strong><em>βρενθυόμενος,</em></strong></span> <span class='ocrx_word' id='word_1_41' title='bbox 933 451 1065 506; x_wconf 82' lang='grc' dir='ltr'><strong><em>εἴχετο</em></strong></span> <span class='ocrx_word' id='word_1_42' title='bbox 1098 455 1170 507; x_wconf 80' lang='grc' dir='ltr'><strong><em>τῆς</em></strong></span> <span class='ocrx_word' id='word_1_43' title='bbox 1196 451 1361 508; x_wconf 72' lang='grc' dir='ltr'><strong><em>ἐφόδου.</em></strong></span> <span class='ocrx_word' id='word_1_44' title='bbox 1425 455 1642 496; x_wconf 82' lang='grc' dir='ltr'><strong><em>Ἰουστῖνον</em></strong></span> <span class='ocrx_word' id='word_1_45' title='bbox 1680 456 1727 496; x_wconf 79' lang='grc' dir='ltr'><strong>δὲ</strong></span> 
     </span>
    </p>
   </div>
   <div class='ocr_carea' id='block_1_3' title="bbox 901 510 922 526">
    <p class='ocr_par' dir='ltr' id='par_1_4' title="bbox 901 510 922 526">
     <span class='ocr_line' id='line_1_6' title="bbox 901 510 922 526; baseline -0.048 0"><span class='ocrx_word' id='word_1_46' title='bbox 901 510 922 526; x_wconf 74' lang='lat' dir='ltr'><strong>&gt;l</strong></span> 
     </span>
    </p>
   </div>
   <div class='ocr_carea' id='block_1_4' title="bbox 273 513 1776 1148">
    <p class='ocr_par' dir='ltr' id='par_1_5' title="bbox 273 513 1776 1148">
     <span class='ocr_line' id='line_1_7' title="bbox 310 513 1754 574; baseline 0.001 -15"><span class='ocrx_word' id='word_1_47' title='bbox 310 516 382 559; x_wconf 89' lang='grc' dir='ltr'><strong>τὸν</strong></span> <span class='ocrx_word' id='word_1_48' title='bbox 408 519 449 558; x_wconf 92' lang='grc' dir='ltr'><em>Γ</em></span> <span class='ocrx_word' id='word_1_49' title='bbox 446 519 626 572; x_wconf 81' lang='grc' dir='ltr'><strong><em>ερμανοῦ</em></strong></span> <span class='ocrx_word' id='word_1_50' title='bbox 639 550 651 569; x_wconf 91' lang='grc'><strong>,</strong></span> <span class='ocrx_word' id='word_1_51' title='bbox 682 513 749 571; x_wconf 82' lang='grc' dir='ltr'><strong>(οὗ</strong></span> <span class='ocrx_word' id='word_1_52' title='bbox 782 515 859 570; x_wconf 76' lang='grc' dir='ltr'><strong><em>γὰρ</em></strong></span> <span class='ocrx_word' id='word_1_53' title='bbox 888 532 985 574; x_wconf 74' lang='grc' dir='ltr'><strong><em>ῳετο</em></strong></span> <span class='ocrx_word' id='word_1_54' title='bbox 1012 518 1056 558; x_wconf 77' lang='grc' dir='ltr'><strong><em>ἐν</em></strong></span> <span class='ocrx_word' id='word_1_55' title='bbox 1084 519 1140 574; x_wconf 75' lang='grc' dir='ltr'><strong><em>τῷ</em></strong></span> <span class='ocrx_word' id='word_1_56' title='bbox 1162 517 1250 558; x_wconf 83' lang='grc' dir='ltr'><strong><em>τότε</em></strong></span> <span class='ocrx_word' id='word_1_57' title='bbox 1277 516 1343 559; x_wconf 88' lang='grc' dir='ltr'><strong>τὸν</strong></span> <span class='ocrx_word' id='word_1_58' title='bbox 1366 518 1616 574; x_wconf 75' lang='grc' dir='ltr'><strong><em>Ναχοραγὰν</em></strong></span> <span class='ocrx_word' id='word_1_59' title='bbox 1646 520 1754 559; x_wconf 76' lang='lat' dir='ltr'><strong>not-5</strong></span> 
     </span>
     <span class='ocr_line' id='line_1_8' title="bbox 310 578 1727 637; baseline 0.001 -15"><span class='ocrx_word' id='word_1_60' title='bbox 310 582 539 637; x_wconf 76' lang='grc' dir='ltr'><strong><em>ρέσεσθαι,)</em></strong></span> <span class='ocrx_word' id='word_1_61' title='bbox 563 579 697 622; x_wconf 80' lang='grc' dir='ltr'><strong><em>ἔννοιά</em></strong></span> <span class='ocrx_word' id='word_1_62' title='bbox 715 597 774 629; x_wconf 89' lang='grc' dir='ltr'><strong>τις</strong></span> <span class='ocrx_word' id='word_1_63' title='bbox 787 579 949 633; x_wconf 71' lang='grc' dir='ltr'><strong><em>θεόθεν,</em></strong></span> <span class='ocrx_word' id='word_1_64' title='bbox 968 578 1093 634; x_wconf 83' lang='grc' dir='ltr'><strong><em>οἶμαι,</em></strong></span> <span class='ocrx_word' id='word_1_65' title='bbox 1119 582 1282 635; x_wconf 80' lang='grc' dir='ltr'><strong><em>εἰσῆλθε</em></strong></span> <span class='ocrx_word' id='word_1_66' title='bbox 1305 580 1406 637; x_wconf 89' lang='grc' dir='ltr'><strong><em>πρός</em></strong></span> <span class='ocrx_word' id='word_1_67' title='bbox 1415 599 1507 624; x_wconf 88' lang='grc' dir='ltr'><strong><em>τινα</em></strong></span> <span class='ocrx_word' id='word_1_68' title='bbox 1527 581 1628 624; x_wconf 75' lang='grc' dir='ltr'><strong><em>νεών</em></strong></span> <span class='ocrx_word' id='word_1_69' title='bbox 1646 585 1727 624; x_wconf 77' lang='grc' dir='ltr'><strong>τῶν</strong></span> 
     </span>
     <span class='ocr_line' id='line_1_9' title="bbox 309 642 1727 701; baseline 0.001 -15"><span class='ocrx_word' id='word_1_70' title='bbox 309 643 420 700; x_wconf 78' lang='grc' dir='ltr'><strong><em>παρὰ</em></strong></span> <span class='ocrx_word' id='word_1_71' title='bbox 447 649 711 699; x_wconf 84' lang='grc' dir='ltr'><strong><em>Χριστιανοῖς</em></strong></span> <span class='ocrx_word' id='word_1_72' title='bbox 750 645 1030 696; x_wconf 83' lang='grc' dir='ltr'><strong><em>σεμνοτάτων,</em></strong></span> <span class='ocrx_word' id='word_1_73' title='bbox 1077 643 1124 685; x_wconf 78' lang='grc' dir='ltr'><strong>οὐ</strong></span> <span class='ocrx_word' id='word_1_74' title='bbox 1156 642 1302 700; x_wconf 72' lang='grc' dir='ltr'><strong><em>πόᾷῥω</em></strong></span> <span class='ocrx_word' id='word_1_75' title='bbox 1336 647 1406 700; x_wconf 79' lang='grc' dir='ltr'><strong><em>τῆς</em></strong></span> <span class='ocrx_word' id='word_1_76' title='bbox 1439 644 1592 694; x_wconf 87' lang='grc' dir='ltr'><strong><em>πόλεως</em></strong></span> <span class='ocrx_word' id='word_1_77' title='bbox 1622 642 1727 701; x_wconf 83' lang='grc' dir='ltr'><strong><em>ἀφε-</em></strong></span> 
     </span>
     <span class='ocr_line' id='line_1_10' title="bbox 309 708 1726 763; baseline 0 -13"><span class='ocrx_word' id='word_1_78' title='bbox 309 709 493 763; x_wconf 88' lang='grc' dir='ltr'><strong><em>στηκότα,</em></strong></span> <span class='ocrx_word' id='word_1_79' title='bbox 523 711 829 763; x_wconf 76' lang='grc' dir='ltr'><strong><em>παραγενέσθαι</em></strong></span> <span class='ocrx_word' id='word_1_80' title='bbox 856 709 913 757; x_wconf 75' lang='grc' dir='ltr'><strong>ὥς</strong></span> <span class='ocrx_word' id='word_1_81' title='bbox 940 708 1146 762; x_wconf 81' lang='grc' dir='ltr'><strong><em>τάχιστα,</em></strong></span> <span class='ocrx_word' id='word_1_82' title='bbox 1173 710 1244 750; x_wconf 84' lang='grc' dir='ltr'>καί</span> <span class='ocrx_word' id='word_1_83' title='bbox 1267 708 1514 751; x_wconf 73' lang='grc' dir='ltr'><strong><em>ἐπιθειάσαι.</em></strong></span> <span class='ocrx_word' id='word_1_84' title='bbox 1550 711 1622 751; x_wconf 74' lang='grc' dir='ltr'><strong><em>καὶ</em></strong></span> <span class='ocrx_word' id='word_1_85' title='bbox 1642 709 1726 750; x_wconf 75' lang='grc' dir='ltr'><strong><em>τοί-</em></strong></span> 
     </span>
     <span class='ocr_line' id='line_1_11' title="bbox 312 771 1726 828; baseline -0.001 -14"><span class='ocrx_word' id='word_1_86' title='bbox 312 789 387 814; x_wconf 87' lang='grc' dir='ltr'><strong>νυν</strong></span> <span class='ocrx_word' id='word_1_87' title='bbox 417 772 714 824; x_wconf 76' lang='grc' dir='ltr'><strong><em>ἀπολεξάμενος</em></strong></span> <span class='ocrx_word' id='word_1_88' title='bbox 743 774 787 814; x_wconf 80' lang='grc' dir='ltr'><strong>ἐκ</strong></span> <span class='ocrx_word' id='word_1_89' title='bbox 807 774 876 827; x_wconf 78' lang='grc' dir='ltr'><strong><em>τῆς</em></strong></span> <span class='ocrx_word' id='word_1_90' title='bbox 903 772 1123 826; x_wconf 73' lang='grc' dir='ltr'><strong><em>Μαρτίνου</em></strong></span> <span class='ocrx_word' id='word_1_91' title='bbox 1154 772 1226 814; x_wconf 77' lang='grc' dir='ltr'><em>καί</em></span> <span class='ocrx_word' id='word_1_92' title='bbox 1245 775 1315 828; x_wconf 75' lang='grc' dir='ltr'><strong><em>τῆς</em></strong></span> <span class='ocrx_word' id='word_1_93' title='bbox 1338 773 1488 822; x_wconf 79' lang='grc' dir='ltr'><strong><em>οἰκείας</em></strong></span> <span class='ocrx_word' id='word_1_94' title='bbox 1514 771 1726 825; x_wconf 73' lang='grc' dir='ltr'><strong><em>δυνάμεως</em></strong></span> 
     </span>
     <span class='ocr_line' id='line_1_12' title="bbox 273 833 1776 892; baseline 0.002 -15"><span class='ocrx_word' id='word_1_95' title='bbox 273 833 348 889; x_wconf 71' lang='grc' dir='ltr'><strong><em>(Σὸ,</em></strong></span> <span class='ocrx_word' id='word_1_96' title='bbox 371 853 411 877; x_wconf 91' lang='grc' dir='ltr'><strong>τι</strong></span> <span class='ocrx_word' id='word_1_97' title='bbox 433 835 625 892; x_wconf 86' lang='grc' dir='ltr'><strong><em>καρτερόν</em></strong></span> <span class='ocrx_word' id='word_1_98' title='bbox 652 852 696 877; x_wconf 86' lang='grc' dir='ltr'><strong>τε</strong></span> <span class='ocrx_word' id='word_1_99' title='bbox 733 838 805 877; x_wconf 81' lang='grc' dir='ltr'>καί</span> <span class='ocrx_word' id='word_1_100' title='bbox 827 838 1132 890; x_wconf 78' lang='grc' dir='ltr'><strong><em>μαχιμώτατον,</em></strong></span> <span class='ocrx_word' id='word_1_101' title='bbox 1165 836 1236 878; x_wconf 82' lang='grc' dir='ltr'><em>καί</em></span> <span class='ocrx_word' id='word_1_102' title='bbox 1253 836 1439 886; x_wconf 86' lang='grc' dir='ltr'><strong><em>πεντάκις</em></strong></span> <span class='ocrx_word' id='word_1_103' title='bbox 1466 837 1628 891; x_wconf 77' lang='grc' dir='ltr'><strong><em>χιλίους</em></strong></span> <span class='ocrx_word' id='word_1_104' title='bbox 1656 836 1776 880; x_wconf 63' lang='lat' dir='ltr'><strong>{rt-10</strong></span> 
     </span>
     <span class='ocr_line' id='line_1_13' title="bbox 313 897 1724 957; baseline 0.001 -15"><span class='ocrx_word' id='word_1_105' title='bbox 313 899 439 950; x_wconf 85' lang='grc' dir='ltr'><strong><em>πότας</em></strong></span> <span class='ocrx_word' id='word_1_106' title='bbox 470 902 659 955; x_wconf 75' lang='grc' dir='ltr'><strong><em>ἀγείρας,</em></strong></span> <span class='ocrx_word' id='word_1_107' title='bbox 688 897 868 950; x_wconf 79' lang='grc' dir='ltr'><strong><em>ἅπαντάς</em></strong></span> <span class='ocrx_word' id='word_1_108' title='bbox 899 917 944 942; x_wconf 84' lang='grc' dir='ltr'><strong>τε</strong></span> <span class='ocrx_word' id='word_1_109' title='bbox 979 901 1034 950; x_wconf 75' lang='grc' dir='ltr'><strong>ὥς</strong></span> <span class='ocrx_word' id='word_1_110' title='bbox 1057 903 1100 949; x_wconf 80' lang='grc' dir='ltr'><strong>ές</strong></span> <span class='ocrx_word' id='word_1_111' title='bbox 1120 899 1296 954; x_wconf 87' lang='grc' dir='ltr'><strong><em>πόλεμον</em></strong></span> <span class='ocrx_word' id='word_1_112' title='bbox 1320 897 1468 957; x_wconf 69' lang='grc' dir='ltr'><strong><em>ἄριστα</em></strong></span> <span class='ocrx_word' id='word_1_113' title='bbox 1501 903 1724 954; x_wconf 79' lang='grc' dir='ltr'><strong><em>ἐξοπλίσας,</em></strong></span> 
     </span>
     <span class='ocr_line' id='line_1_14' title="bbox 315 962 1727 1019; baseline 0.001 -14"><span class='ocrx_word' id='word_1_114' title='bbox 315 964 337 1005; x_wconf 82' lang='grc' dir='ltr'><em>ὃ</em></span> <span class='ocrx_word' id='word_1_115' title='bbox 362 966 408 1006; x_wconf 80' lang='grc' dir='ltr'><strong>δὲ</strong></span> <span class='ocrx_word' id='word_1_116' title='bbox 433 964 505 1014; x_wconf 78' lang='grc' dir='ltr'><strong><em>ξὺν</em></strong></span> <span class='ocrx_word' id='word_1_117' title='bbox 523 966 689 1014; x_wconf 77' lang='grc' dir='ltr'><strong><em>ἐκείνοις</em></strong></span> <span class='ocrx_word' id='word_1_118' title='bbox 710 963 937 1019; x_wconf 71' lang='grc' dir='ltr'><strong><em>ἀπήλαυνε,</em></strong></span> <span class='ocrx_word' id='word_1_119' title='bbox 966 968 1048 1007; x_wconf 80' lang='grc' dir='ltr'><strong>τῶν</strong></span> <span class='ocrx_word' id='word_1_120' title='bbox 1080 981 1124 1007; x_wconf 89' lang='grc' dir='ltr'><strong>τε</strong></span> <span class='ocrx_word' id='word_1_121' title='bbox 1149 967 1330 1019; x_wconf 77' lang='grc' dir='ltr'><strong><em>σημείων</em></strong></span> <span class='ocrx_word' id='word_1_122' title='bbox 1351 962 1391 1006; x_wconf 85' lang='grc' dir='ltr'><strong>οἱ</strong></span> <span class='ocrx_word' id='word_1_123' title='bbox 1413 964 1620 1019; x_wconf 71' lang='grc' dir='ltr'><strong><em>ἑπομένων</em></strong></span> <span class='ocrx_word' id='word_1_124' title='bbox 1653 964 1727 1006; x_wconf 79' lang='grc' dir='ltr'>καί</span> 
     </span>
     <span class='ocr_line' id='line_1_15' title="bbox 311 1022 1723 1083; baseline 0 -15"><span class='ocrx_word' id='word_1_125' title='bbox 311 1031 383 1082; x_wconf 76' lang='grc' dir='ltr'><strong><em>τῆς</em></strong></span> <span class='ocrx_word' id='word_1_126' title='bbox 409 1022 531 1082; x_wconf 70' lang='grc' dir='ltr'><strong><em>ἄλλης</em></strong></span> <span class='ocrx_word' id='word_1_127' title='bbox 563 1029 828 1083; x_wconf 76' lang='grc' dir='ltr'><strong><em>στρατηγικῆς</em></strong></span> <span class='ocrx_word' id='word_1_128' title='bbox 857 1029 1086 1082; x_wconf 77' lang='grc' dir='ltr'><strong><em>εὐκοσμίας.</em></strong></span> <span class='ocrx_word' id='word_1_129' title='bbox 1124 1026 1231 1070; x_wconf 72' lang='grc' dir='ltr'><strong><em>οὕτω</em></strong></span> <span class='ocrx_word' id='word_1_130' title='bbox 1258 1030 1303 1070; x_wconf 79' lang='grc' dir='ltr'><strong>δὲ</strong></span> <span class='ocrx_word' id='word_1_131' title='bbox 1336 1031 1598 1082; x_wconf 73' lang='grc' dir='ltr'><strong><em>ξυνενεχθὲν,</em></strong></span> <span class='ocrx_word' id='word_1_132' title='bbox 1632 1024 1723 1070; x_wconf 69' lang='grc' dir='ltr'><strong><em>οὔτε</em></strong></span> 
     </span>
     <span class='ocr_line' id='line_1_16' title="bbox 313 1089 1724 1148; baseline 0.003 -18"><span class='ocrx_word' id='word_1_133' title='bbox 313 1090 351 1132; x_wconf 81' lang='grc' dir='ltr'><strong>οἱ</strong></span> <span class='ocrx_word' id='word_1_134' title='bbox 374 1093 540 1147; x_wconf 78' lang='grc' dir='ltr'><strong><em>Πέρσαι</em></strong></span> <span class='ocrx_word' id='word_1_135' title='bbox 565 1094 746 1133; x_wconf 77' lang='grc' dir='ltr'><strong><em>κατεῖδον</em></strong></span> <span class='ocrx_word' id='word_1_136' title='bbox 771 1092 939 1142; x_wconf 78' lang='grc' dir='ltr'><strong><em>τούτους</em></strong></span> <span class='ocrx_word' id='word_1_137' title='bbox 964 1094 1281 1148; x_wconf 68' lang='grc' dir='ltr'><strong><em>πορευομένους,</em></strong></span> <span class='ocrx_word' id='word_1_138' title='bbox 1333 1089 1529 1146; x_wconf 71' lang='grc' dir='ltr'><strong><em>οὐμενοῦν</em></strong></span> <span class='ocrx_word' id='word_1_139' title='bbox 1554 1093 1651 1134; x_wconf 72' lang='grc' dir='ltr'><strong><em>οὐδὲ</em></strong></span> <span class='ocrx_word' id='word_1_140' title='bbox 1685 1092 1724 1134; x_wconf 81' lang='grc' dir='ltr'><strong>οἱ</strong></span> 
     </span>
    </p>
   </div>
   <div class='ocr_carea' id='block_1_5' title="bbox 310 1152 1774 1233">
    <p class='ocr_par' dir='ltr' id='par_1_6' title="bbox 310 1152 1774 1233">
     <span class='ocr_line' id='line_1_17' title="bbox 310 1152 1774 1212; baseline 0.003 -17"><span class='ocrx_word' id='word_1_141' title='bbox 310 1155 424 1210; x_wconf 75' lang='grc' dir='ltr'><strong><em>ἀμφί</em></strong></span> <span class='ocrx_word' id='word_1_142' title='bbox 461 1152 677 1198; x_wconf 80' lang='grc' dir='ltr'><strong><em>Ἰουστῖνον</em></strong></span> <span class='ocrx_word' id='word_1_143' title='bbox 719 1156 895 1205; x_wconf 69' lang='grc' dir='ltr'><strong><em>ἐκείνους</em></strong></span> <span class='ocrx_word' id='word_1_144' title='bbox 934 1158 1242 1212; x_wconf 76' lang='grc' dir='ltr'><strong><em>ἐπιφοιτῶντας.</em></strong></span> <span class='ocrx_word' id='word_1_145' title='bbox 1296 1158 1388 1198; x_wconf 80' lang='grc' dir='ltr'><strong><em>ἀλλ’</em></strong></span> <span class='ocrx_word' id='word_1_146' title='bbox 1419 1155 1618 1212; x_wconf 71' lang='grc' dir='ltr'><strong><em>ἑτέρωθεν</em></strong></span> <span class='ocrx_word' id='word_1_147' title='bbox 1641 1154 1774 1211; x_wconf 80' lang='grc' dir='ltr'><strong><em>γάρι5</em></strong></span> 
     </span>
     <span class='ocr_line' id='line_1_18' title="bbox 1702 1216 1722 1233; baseline 0.05 -1"><span class='ocrx_word' id='word_1_148' title='bbox 1702 1216 1722 1233; x_wconf 64' lang='lat' dir='ltr'>ss</span> 
     </span>
    </p>
   </div>
   <div class='ocr_carea' id='block_1_6' title="bbox 264 1219 1721 1468">
    <p class='ocr_par' dir='ltr' id='par_1_7' title="bbox 306 1219 1721 1403">
     <span class='ocr_line' id='line_1_19' title="bbox 308 1219 1719 1277; baseline 0 -16"><span class='ocrx_word' id='word_1_149' title='bbox 308 1221 525 1275; x_wconf 79' lang='grc' dir='ltr'><strong><em>ἀφιγμένοι</em></strong></span> <span class='ocrx_word' id='word_1_150' title='bbox 535 1253 547 1271; x_wconf 87' lang='grc'><strong>,</strong></span> <span class='ocrx_word' id='word_1_151' title='bbox 595 1219 744 1275; x_wconf 70' lang='grc' dir='ltr'><strong><em>ἀθρόον</em></strong></span> <span class='ocrx_word' id='word_1_152' title='bbox 778 1222 834 1276; x_wconf 74' lang='grc' dir='ltr'><strong><em>τῷ</em></strong></span> <span class='ocrx_word' id='word_1_153' title='bbox 864 1219 1060 1277; x_wconf 78' lang='grc' dir='ltr'><strong><em>περιβόλῳ</em></strong></span> <span class='ocrx_word' id='word_1_154' title='bbox 1088 1222 1391 1275; x_wconf 74' lang='grc' dir='ltr'><strong><em>προσέβαλλον,</em></strong></span> <span class='ocrx_word' id='word_1_155' title='bbox 1438 1220 1598 1261; x_wconf 79' lang='grc' dir='ltr'><strong><em>πλείονί</em></strong></span> <span class='ocrx_word' id='word_1_156' title='bbox 1624 1237 1669 1261; x_wconf 91' lang='grc' dir='ltr'><strong>τε</strong></span> <span class='ocrx_word' id='word_1_157' title='bbox 1693 1238 1719 1274; x_wconf 86' lang='grc' dir='ltr'><strong><em>η</em></strong></span> 
     </span>
     <span class='ocr_line' id='line_1_20' title="bbox 309 1282 1721 1340; baseline 0.001 -17"><span class='ocrx_word' id='word_1_158' title='bbox 309 1283 502 1338; x_wconf 87' lang='grc' dir='ltr'><strong><em>πρότερον</em></strong></span> <span class='ocrx_word' id='word_1_159' title='bbox 531 1285 662 1340; x_wconf 72' lang='grc' dir='ltr'><strong><em>τοξείᾳ</em></strong></span> <span class='ocrx_word' id='word_1_160' title='bbox 694 1285 895 1338; x_wconf 77' lang='grc' dir='ltr'><strong><em>ἐχρῶντο,</em></strong></span> <span class='ocrx_word' id='word_1_161' title='bbox 935 1284 990 1332; x_wconf 76' lang='grc' dir='ltr'><strong>ὥς</strong></span> <span class='ocrx_word' id='word_1_162' title='bbox 1009 1282 1114 1325; x_wconf 78' lang='grc' dir='ltr'><strong><em>οὕτω</em></strong></span> <span class='ocrx_word' id='word_1_163' title='bbox 1143 1283 1192 1338; x_wconf 77' lang='grc' dir='ltr'><strong>δὴ</strong></span> <span class='ocrx_word' id='word_1_164' title='bbox 1215 1284 1463 1336; x_wconf 72' lang='grc' dir='ltr'><strong><em>καὶμᾶλλον</em></strong></span> <span class='ocrx_word' id='word_1_165' title='bbox 1485 1282 1580 1332; x_wconf 82' lang='grc' dir='ltr'><strong><em>τοὺς</em></strong></span> <span class='ocrx_word' id='word_1_166' title='bbox 1611 1283 1721 1326; x_wconf 72' lang='lat' dir='ltr'><strong>‘Pm-</strong></span> 
     </span>
     <span class='ocr_line' id='line_1_21' title="bbox 306 1346 1629 1403; baseline -0.002 -13"><span class='ocrx_word' id='word_1_167' title='bbox 306 1351 455 1399; x_wconf 76' lang='grc' dir='ltr'><strong><em>μαίους</em></strong></span> <span class='ocrx_word' id='word_1_168' title='bbox 478 1346 763 1400; x_wconf 72' lang='grc' dir='ltr'><strong><em>ἐκπλήξοντες,</em></strong></span> <span class='ocrx_word' id='word_1_169' title='bbox 803 1348 882 1388; x_wconf 56' lang='grc' dir='ltr'><strong><em>καῖ’</em></strong></span> <span class='ocrx_word' id='word_1_170' title='bbox 899 1348 1070 1400; x_wconf 83' lang='grc' dir='ltr'><strong><em>τάχιστα</em></strong></span> <span class='ocrx_word' id='word_1_171' title='bbox 1092 1349 1164 1402; x_wconf 69' lang='grc' dir='ltr'><strong>τὴν</strong></span> <span class='ocrx_word' id='word_1_172' title='bbox 1196 1347 1311 1390; x_wconf 86' lang='grc' dir='ltr'><strong><em>πόλιν</em></strong></span> <span class='ocrx_word' id='word_1_173' title='bbox 1340 1346 1629 1403; x_wconf 79' lang='grc' dir='ltr'><strong><em>ἁρπασόμενοι.</em></strong></span> 
     </span>
    </p>

    <p class='ocr_par' dir='ltr' id='par_1_8' title="bbox 264 1409 1719 1468">
     <span class='ocr_line' id='line_1_22' title="bbox 264 1409 1719 1468; baseline 0.001 -16"><span class='ocrx_word' id='word_1_174' title='bbox 264 1420 295 1452; x_wconf 92' lang='lat' dir='ltr'>D</span> <span class='ocrx_word' id='word_1_175' title='bbox 418 1414 475 1453; x_wconf 82' lang='grc' dir='ltr'><strong>κέ.</strong></span> <span class='ocrx_word' id='word_1_176' title='bbox 537 1410 750 1466; x_wconf 80' lang='grc' dir='ltr'><strong><em>Τοιγάρτοι</em></strong></span> <span class='ocrx_word' id='word_1_177' title='bbox 776 1414 874 1466; x_wconf 84' lang='grc' dir='ltr'><strong><em>βέλη</em></strong></span> <span class='ocrx_word' id='word_1_178' title='bbox 900 1414 1065 1468; x_wconf 79' lang='grc' dir='ltr'><strong><em>ἐφέρετο</em></strong></span> <span class='ocrx_word' id='word_1_179' title='bbox 1092 1410 1181 1464; x_wconf 77' lang='grc' dir='ltr'><strong>ἅμα</strong></span> <span class='ocrx_word' id='word_1_180' title='bbox 1205 1411 1356 1466; x_wconf 78' lang='grc' dir='ltr'><strong><em>συχνὰ,</em></strong></span> <span class='ocrx_word' id='word_1_181' title='bbox 1383 1410 1455 1453; x_wconf 79' lang='grc' dir='ltr'><em>καί</em></span> <span class='ocrx_word' id='word_1_182' title='bbox 1480 1409 1566 1454; x_wconf 81' lang='grc' dir='ltr'><strong><em>εἶτα</em></strong></span> <span class='ocrx_word' id='word_1_183' title='bbox 1601 1413 1719 1467; x_wconf 75' lang='grc' dir='ltr'><strong><em>ἕτερα</em></strong></span> 
     </span>
    </p>
   </div>
   <div class='ocr_carea' id='block_1_7' title="bbox 397 1503 1722 1867">
    <p class='ocr_par' dir='ltr' id='par_1_9' title="bbox 397 1503 1722 1867">
     <span class='ocr_line' id='line_1_23' title="bbox 400 1503 1719 1556; baseline 0.003 -16"><span class='ocrx_word' id='word_1_184' title='bbox 400 1521 429 1542; x_wconf 74' lang='grc' dir='ltr'><strong><em>ο..</em></strong></span> <span class='ocrx_word' id='word_1_185' title='bbox 458 1507 504 1544; x_wconf 74' lang='grc' dir='ltr'><strong>ὦς</strong></span> <span class='ocrx_word' id='word_1_186' title='bbox 523 1507 658 1544; x_wconf 73' lang='grc' dir='ltr'><strong><em>αὐτοὺς</em></strong></span> <span class='ocrx_word' id='word_1_187' title='bbox 683 1510 719 1541; x_wconf 82' lang='lat' dir='ltr'><strong>R.</strong></span> <span class='ocrx_word' id='word_1_188' title='bbox 810 1511 844 1543; x_wconf 90' lang='lat'><strong>6.</strong></span> <span class='ocrx_word' id='word_1_189' title='bbox 864 1503 946 1543; x_wconf 80' lang='lat' dir='ltr'><strong>P&#39;ost</strong></span> <span class='ocrx_word' id='word_1_190' title='bbox 965 1507 1058 1543; x_wconf 73' lang='grc' dir='ltr'><strong><em>νεὼν</em></strong></span> <span class='ocrx_word' id='word_1_191' title='bbox 1074 1510 1165 1554; x_wconf 85' lang='lat' dir='ltr'><strong>vulg.</strong></span> <span class='ocrx_word' id='word_1_192' title='bbox 1191 1514 1227 1543; x_wconf 88' lang='lat' dir='ltr'><strong>et</strong></span> <span class='ocrx_word' id='word_1_193' title='bbox 1243 1511 1351 1553; x_wconf 80' lang='lat' dir='ltr'><strong>Intpr.</strong></span> <span class='ocrx_word' id='word_1_194' title='bbox 1371 1509 1551 1556; x_wconf 81' lang='lat' dir='ltr'><strong>(templum</strong></span> <span class='ocrx_word' id='word_1_195' title='bbox 1563 1513 1719 1546; x_wconf 73' lang='lat' dir='ltr'><strong>sanctis-</strong></span> 
     </span>
     <span class='ocr_line' id='line_1_24' title="bbox 397 1554 1722 1602; baseline 0.002 -14"><span class='ocrx_word' id='word_1_196' title='bbox 397 1556 520 1588; x_wconf 82' lang='lat' dir='ltr'><strong>simum</strong></span> <span class='ocrx_word' id='word_1_197' title='bbox 554 1563 587 1588; x_wconf 78' lang='lat' dir='ltr'><strong>et</strong></span> <span class='ocrx_word' id='word_1_198' title='bbox 612 1554 711 1600; x_wconf 81' lang='lat' dir='ltr'><strong>apud</strong></span> <span class='ocrx_word' id='word_1_199' title='bbox 737 1555 962 1590; x_wconf 80' lang='lat' dir='ltr'><strong><em>Christianos</em></strong></span> <span class='ocrx_word' id='word_1_200' title='bbox 993 1556 1303 1602; x_wconf 81' lang='lat' dir='ltr'><strong>permagnificum)</strong></span> <span class='ocrx_word' id='word_1_201' title='bbox 1330 1556 1466 1589; x_wconf 78' lang='lat' dir='ltr'><strong>addunt</strong></span> <span class='ocrx_word' id='word_1_202' title='bbox 1492 1556 1722 1601; x_wconf 75' lang='grc' dir='ltr'><strong><em>ἁγιώτατον,</em></strong></span> 
     </span>
     <span class='ocr_line' id='line_1_25' title="bbox 400 1601 1721 1647; baseline 0.003 -15"><span class='ocrx_word' id='word_1_203' title='bbox 400 1601 496 1645; x_wconf 84' lang='lat' dir='ltr'><strong>quod</strong></span> <span class='ocrx_word' id='word_1_204' title='bbox 520 1611 587 1635; x_wconf 89' lang='lat' dir='ltr'><strong>om.</strong></span> <span class='ocrx_word' id='word_1_205' title='bbox 611 1602 646 1632; x_wconf 85' lang='lat' dir='ltr'><strong>R.</strong></span> <span class='ocrx_word' id='word_1_206' title='bbox 684 1602 795 1644; x_wconf 83' lang='lat' dir='ltr'><strong>Iutpr.</strong></span> <span class='ocrx_word' id='word_1_207' title='bbox 821 1607 1001 1645; x_wconf 76' lang='lat' dir='ltr'><strong>praetcrea</strong></span> <span class='ocrx_word' id='word_1_208' title='bbox 1027 1603 1152 1645; x_wconf 77' lang='lat' dir='ltr'><strong>legisse</strong></span> <span class='ocrx_word' id='word_1_209' title='bbox 1182 1602 1323 1634; x_wconf 83' lang='lat' dir='ltr'><strong>videtur</strong></span> <span class='ocrx_word' id='word_1_210' title='bbox 1344 1603 1406 1634; x_wconf 80' lang='grc' dir='ltr'><strong>καὶ</strong></span> <span class='ocrx_word' id='word_1_211' title='bbox 1431 1602 1526 1644; x_wconf 71' lang='grc' dir='ltr'><strong>τῶνς</strong></span> <span class='ocrx_word' id='word_1_212' title='bbox 1561 1604 1721 1647; x_wconf 79' lang='lat' dir='ltr'><strong>suspicor</strong></span> 
     </span>
     <span class='ocr_line' id='line_1_26' title="bbox 399 1640 1719 1691; baseline 0.002 -13"><span class='ocrx_word' id='word_1_213' title='bbox 399 1651 514 1678; x_wconf 79' lang='lat' dir='ltr'><strong>autem</strong></span> <span class='ocrx_word' id='word_1_214' title='bbox 537 1647 679 1678; x_wconf 79' lang='lat' dir='ltr'><strong>alteram</strong></span> <span class='ocrx_word' id='word_1_215' title='bbox 695 1645 962 1691; x_wconf 63' lang='lat' dir='ltr'><strong>‹Jtnoyoaq1stc9</strong></span> <span class='ocrx_word' id='word_1_216' title='bbox 975 1650 1180 1691; x_wconf 83' lang='lat' dir='ltr'>scripturam</span> <span class='ocrx_word' id='word_1_217' title='bbox 1200 1647 1309 1680; x_wconf 84' lang='lat' dir='ltr'><strong>fuisse</strong></span> <span class='ocrx_word' id='word_1_218' title='bbox 1327 1640 1421 1681; x_wconf 77' lang='grc' dir='ltr'><strong><em>νειὸν</em></strong></span> <span class='ocrx_word' id='word_1_219' title='bbox 1435 1647 1643 1691; x_wconf 67' lang='grc' dir='ltr'><strong><em>ἁγιώτατον</em></strong></span> <span class='ocrx_word' id='word_1_220' title='bbox 1663 1660 1719 1680; x_wconf 82' lang='grc' dir='ltr'><strong>τι-</strong></span> 
     </span>
     <span class='ocr_line' id='line_1_27' title="bbox 397 1689 1720 1739; baseline 0.004 -17"><span class='ocrx_word' id='word_1_221' title='bbox 397 1689 461 1726; x_wconf 75' lang='grc' dir='ltr'><strong>νὸς</strong></span> <span class='ocrx_word' id='word_1_222' title='bbox 506 1703 534 1723; x_wconf 83' lang='grc' dir='ltr'><strong><em>τ.</em></strong></span> <span class='ocrx_word' id='word_1_223' title='bbox 586 1702 622 1722; x_wconf 87' lang='lat'><strong>71.</strong></span> <span class='ocrx_word' id='word_1_224' title='bbox 665 1693 733 1732; x_wconf 79' lang='lat' dir='ltr'><strong>XQ·</strong></span> <span class='ocrx_word' id='word_1_225' title='bbox 761 1701 814 1732; x_wconf 73' lang='grc'><strong><em>(7.,</em></strong></span> <span class='ocrx_word' id='word_1_226' title='bbox 846 1693 918 1725; x_wconf 87' lang='lat' dir='ltr'><strong>scil.</strong></span> <span class='ocrx_word' id='word_1_227' title='bbox 946 1695 1110 1738; x_wconf 81' lang='lat' dir='ltr'><strong>templum</strong></span> <span class='ocrx_word' id='word_1_228' title='bbox 1147 1692 1432 1733; x_wconf 80' lang='lat' dir='ltr'><strong>sanctissimum,</strong></span> <span class='ocrx_word' id='word_1_229' title='bbox 1456 1691 1598 1726; x_wconf 84' lang='lat' dir='ltr'><strong>cuidam</strong></span> <span class='ocrx_word' id='word_1_230' title='bbox 1617 1705 1720 1739; x_wconf 83' lang='lat' dir='ltr'><strong>quem</strong></span> 
     </span>
     <span class='ocr_line' id='line_1_28' title="bbox 397 1736 1714 1784; baseline 0 -14"><span class='ocrx_word' id='word_1_231' title='bbox 397 1736 596 1770; x_wconf 77' lang='lat' dir='ltr'><strong><em>Christiani</em></strong></span> <span class='ocrx_word' id='word_1_232' title='bbox 620 1736 785 1780; x_wconf 78' lang='lat' dir='ltr'><strong><em>inprimis</em></strong></span> <span class='ocrx_word' id='word_1_233' title='bbox 809 1747 1034 1772; x_wconf 78' lang='lat' dir='ltr'><strong>venerantur</strong></span> <span class='ocrx_word' id='word_1_234' title='bbox 1057 1738 1225 1771; x_wconf 79' lang='lat' dir='ltr'><strong>dicatum.</strong></span> <span class='ocrx_word' id='word_1_235' title='bbox 1323 1749 1372 1771; x_wconf 80' lang='grc' dir='ltr'><strong>ιο.</strong></span> <span class='ocrx_word' id='word_1_236' title='bbox 1393 1738 1658 1784; x_wconf 81' lang='grc' dir='ltr'><strong><em>μαχιμώτερον</em></strong></span> <span class='ocrx_word' id='word_1_237' title='bbox 1678 1740 1714 1770; x_wconf 89' lang='lat' dir='ltr'><strong>R.</strong></span> 
     </span>
     <span class='ocr_line' id='line_1_29' title="bbox 400 1780 1714 1829; baseline 0.004 -16"><span class='ocrx_word' id='word_1_238' title='bbox 400 1794 448 1814; x_wconf 86' lang='grc' dir='ltr'><strong><em>ιι.</em></strong></span> <span class='ocrx_word' id='word_1_239' title='bbox 474 1780 640 1817; x_wconf 74' lang='grc' dir='ltr'><strong><em>ἅπαντάς</em></strong></span> <span class='ocrx_word' id='word_1_240' title='bbox 665 1791 702 1813; x_wconf 87' lang='grc' dir='ltr'><strong>τε</strong></span> <span class='ocrx_word' id='word_1_241' title='bbox 726 1794 792 1815; x_wconf 84' lang='lat' dir='ltr'><strong>om.</strong></span> <span class='ocrx_word' id='word_1_242' title='bbox 817 1785 854 1815; x_wconf 90' lang='lat' dir='ltr'><strong>R.</strong></span> <span class='ocrx_word' id='word_1_243' title='bbox 953 1785 1003 1821; x_wconf 82' lang='lat'><strong>¹6·</strong></span> <span class='ocrx_word' id='word_1_244' title='bbox 1027 1783 1277 1829; x_wconf 78' lang='grc' dir='ltr'><strong><em>προσέβαλλον</em></strong></span> <span class='ocrx_word' id='word_1_245' title='bbox 1291 1783 1344 1825; x_wconf 86' lang='grc' dir='ltr'><strong>Β.,</strong></span> <span class='ocrx_word' id='word_1_246' title='bbox 1368 1783 1599 1829; x_wconf 76' lang='grc' dir='ltr'><strong><em>προσέβαλον</em></strong></span> <span class='ocrx_word' id='word_1_247' title='bbox 1622 1783 1714 1828; x_wconf 77' lang='lat' dir='ltr'><strong>vulg.</strong></span> 
     </span>
     <span class='ocr_line' id='line_1_30' title="bbox 400 1826 780 1867; baseline 0.003 -7"><span class='ocrx_word' id='word_1_248' title='bbox 400 1827 448 1862; x_wconf 86' lang='grc'><strong>18.</strong></span> <span class='ocrx_word' id='word_1_249' title='bbox 480 1826 720 1867; x_wconf 65' lang='grc' dir='ltr'><strong><em>ἐκπλήξανιες</em></strong></span> <span class='ocrx_word' id='word_1_250' title='bbox 742 1828 780 1861; x_wconf 75' lang='lat' dir='ltr'><strong>R.</strong></span> 
     </span>
    </p>
   </div>
   <div class='ocr_carea' id='block_1_8' title="bbox 300 1910 1715 2724">
    <p class='ocr_par' dir='ltr' id='par_1_10' title="bbox 300 1910 1715 2679">
     <span class='ocr_line' id='line_1_31' title="bbox 303 1910 1714 1956; baseline 0.001 -14"><span class='ocrx_word' id='word_1_251' title='bbox 303 1911 341 1942; x_wconf 90' lang='lat' dir='ltr'><strong>in</strong></span> <span class='ocrx_word' id='word_1_252' title='bbox 359 1910 470 1943; x_wconf 83' lang='lat' dir='ltr'><strong>altum</strong></span> <span class='ocrx_word' id='word_1_253' title='bbox 489 1910 666 1943; x_wconf 77' lang='lat' dir='ltr'><strong>sublatum</strong></span> <span class='ocrx_word' id='word_1_254' title='bbox 695 1916 900 1951; x_wconf 80' lang='lat' dir='ltr'><strong>cernerent,</strong></span> <span class='ocrx_word' id='word_1_255' title='bbox 926 1912 1056 1944; x_wconf 88' lang='lat' dir='ltr'><strong>scirent</strong></span> <span class='ocrx_word' id='word_1_256' title='bbox 1084 1913 1200 1956; x_wconf 83' lang='lat' dir='ltr'><strong>ignem</strong></span> <span class='ocrx_word' id='word_1_257' title='bbox 1235 1912 1303 1944; x_wconf 84' lang='lat' dir='ltr'><strong>iam</strong></span> <span class='ocrx_word' id='word_1_258' title='bbox 1332 1913 1567 1945; x_wconf 82' lang='lat' dir='ltr'><strong>Romanorum</strong></span> <span class='ocrx_word' id='word_1_259' title='bbox 1597 1911 1714 1956; x_wconf 86' lang='lat' dir='ltr'><strong>ligneo</strong></span> 
     </span>
     <span class='ocr_line' id='line_1_32' title="bbox 304 1955 1715 2002; baseline 0.001 -14"><span class='ocrx_word' id='word_1_260' title='bbox 304 1962 404 1999; x_wconf 86' lang='lat' dir='ltr'><strong>septo</strong></span> <span class='ocrx_word' id='word_1_261' title='bbox 428 1955 631 1995; x_wconf 86' lang='lat' dir='ltr'><strong>immissum,</strong></span> <span class='ocrx_word' id='word_1_262' title='bbox 657 1967 847 2000; x_wconf 82' lang='lat' dir='ltr'><strong>opereque,</strong></span> <span class='ocrx_word' id='word_1_263' title='bbox 866 1957 961 2002; x_wconf 88' lang='lat' dir='ltr'><strong>quod</strong></span> <span class='ocrx_word' id='word_1_264' title='bbox 989 1958 1026 1989; x_wconf 88' lang='lat' dir='ltr'><strong>in</strong></span> <span class='ocrx_word' id='word_1_265' title='bbox 1046 1958 1208 1990; x_wconf 81' lang='lat' dir='ltr'><strong>manibus</strong></span> <span class='ocrx_word' id='word_1_266' title='bbox 1227 1962 1313 1997; x_wconf 83' lang='lat' dir='ltr'><strong>erat,</strong></span> <span class='ocrx_word' id='word_1_267' title='bbox 1341 1958 1484 1997; x_wconf 88' lang='lat' dir='ltr'><strong>omisso,</strong></span> <span class='ocrx_word' id='word_1_268' title='bbox 1510 1958 1637 1989; x_wconf 82' lang='lat' dir='ltr'><strong>cursim</strong></span> <span class='ocrx_word' id='word_1_269' title='bbox 1669 1956 1715 1989; x_wconf 81' lang='lat' dir='ltr'><strong>ad</strong></span> 
     </span>
     <span class='ocr_line' id='line_1_33' title="bbox 303 2002 1710 2046; baseline 0.001 -14"><span class='ocrx_word' id='word_1_270' title='bbox 303 2012 339 2034; x_wconf 87' lang='lat' dir='ltr'><strong>se</strong></span> <span class='ocrx_word' id='word_1_271' title='bbox 364 2002 547 2040; x_wconf 83' lang='lat' dir='ltr'><strong>venirent,</strong></span> <span class='ocrx_word' id='word_1_272' title='bbox 571 2002 746 2046; x_wconf 85' lang='lat' dir='ltr'><strong>simulque</strong></span> <span class='ocrx_word' id='word_1_273' title='bbox 768 2002 882 2046; x_wconf 85' lang='lat' dir='ltr'><strong>iguem</strong></span> <span class='ocrx_word' id='word_1_274' title='bbox 900 2003 1155 2042; x_wconf 81' lang='lat' dir='ltr'><strong>immitterent,</strong></span> <span class='ocrx_word' id='word_1_275' title='bbox 1190 2007 1230 2034; x_wconf 87' lang='lat' dir='ltr'><strong>ut</strong></span> <span class='ocrx_word' id='word_1_276' title='bbox 1257 2014 1299 2035; x_wconf 88' lang='lat' dir='ltr'><strong>eo</strong></span> <span class='ocrx_word' id='word_1_277' title='bbox 1331 2003 1470 2034; x_wconf 80' lang='lat' dir='ltr'><strong>facilius</strong></span> <span class='ocrx_word' id='word_1_278' title='bbox 1499 2002 1617 2035; x_wconf 80' lang='lat' dir='ltr'><strong>omnia</strong></span> <span class='ocrx_word' id='word_1_279' title='bbox 1651 2002 1710 2034; x_wconf 86' lang='lat' dir='ltr'><strong>in-</strong></span> 
     </span>
     <span class='ocr_line' id='line_1_34' title="bbox 303 2045 1714 2092; baseline 0.001 -14"><span class='ocrx_word' id='word_1_280' title='bbox 303 2045 429 2079; x_wconf 87' lang='lat' dir='ltr'><strong>cendio</strong></span> <span class='ocrx_word' id='word_1_281' title='bbox 454 2046 714 2090; x_wconf 83' lang='lat' dir='ltr'><strong>conflagrarent.</strong></span> <span class='ocrx_word' id='word_1_282' title='bbox 749 2046 864 2092; x_wconf 85' lang='lat' dir='ltr'><strong>Atque</strong></span> <span class='ocrx_word' id='word_1_283' title='bbox 885 2047 943 2079; x_wconf 88' lang='lat' dir='ltr'><strong>hic</strong></span> <span class='ocrx_word' id='word_1_284' title='bbox 961 2047 1105 2091; x_wconf 86' lang='lat' dir='ltr'><strong>quidem</strong></span> <span class='ocrx_word' id='word_1_285' title='bbox 1122 2048 1210 2080; x_wconf 84' lang='lat' dir='ltr'><strong>talia</strong></span> <span class='ocrx_word' id='word_1_286' title='bbox 1236 2047 1329 2091; x_wconf 83' lang='lat' dir='ltr'><strong>apud</strong></span> <span class='ocrx_word' id='word_1_287' title='bbox 1351 2059 1387 2079; x_wconf 87' lang='lat' dir='ltr'><strong>se</strong></span> <span class='ocrx_word' id='word_1_288' title='bbox 1406 2047 1554 2087; x_wconf 84' lang='lat' dir='ltr'><strong>iactans,</strong></span> <span class='ocrx_word' id='word_1_289' title='bbox 1587 2046 1714 2091; x_wconf 85' lang='lat' dir='ltr'><strong>oppidi</strong></span> 
     </span>
     <span class='ocr_line' id='line_1_35' title="bbox 301 2091 1714 2137; baseline 0.001 -14"><span class='ocrx_word' id='word_1_290' title='bbox 301 2102 438 2124; x_wconf 85' lang='lat' dir='ltr'><strong>murum</strong></span> <span class='ocrx_word' id='word_1_291' title='bbox 463 2091 630 2125; x_wconf 79' lang='lat' dir='ltr'><strong>adoritur.</strong></span> <span class='ocrx_word' id='word_1_292' title='bbox 678 2093 852 2125; x_wconf 86' lang='lat' dir='ltr'><strong>Iustinum</strong></span> <span class='ocrx_word' id='word_1_293' title='bbox 873 2104 954 2125; x_wconf 86' lang='lat' dir='ltr'><strong>vero</strong></span> <span class='ocrx_word' id='word_1_294' title='bbox 975 2093 1140 2125; x_wconf 82' lang='lat' dir='ltr'><strong>Germani</strong></span> <span class='ocrx_word' id='word_1_295' title='bbox 1162 2093 1274 2124; x_wconf 79' lang='lat' dir='ltr'><strong>filium</strong></span> <span class='ocrx_word' id='word_1_296' title='bbox 1300 2098 1435 2137; x_wconf 86' lang='lat' dir='ltr'><strong>(neque</strong></span> <span class='ocrx_word' id='word_1_297' title='bbox 1462 2092 1558 2124; x_wconf 89' lang='lat' dir='ltr'><strong>enim</strong></span> <span class='ocrx_word' id='word_1_298' title='bbox 1589 2093 1714 2125; x_wconf 78' lang='lat' dir='ltr'><strong>existi-</strong></span> 
     </span>
     <span class='ocr_line' id='line_1_36' title="bbox 301 2136 1712 2184; baseline 0.002 -16"><span class='ocrx_word' id='word_1_299' title='bbox 301 2136 422 2168; x_wconf 79' lang='lat' dir='ltr'><strong>mabat</strong></span> <span class='ocrx_word' id='word_1_300' title='bbox 445 2136 730 2179; x_wconf 81' lang='lat' dir='ltr'><strong>Nachoraganem</strong></span> <span class='ocrx_word' id='word_1_301' title='bbox 749 2143 822 2170; x_wconf 86' lang='lat' dir='ltr'><strong>tum</strong></span> <span class='ocrx_word' id='word_1_302' title='bbox 839 2139 1007 2182; x_wconf 84' lang='lat' dir='ltr'><strong>temporis</strong></span> <span class='ocrx_word' id='word_1_303' title='bbox 1023 2138 1145 2170; x_wconf 82' lang='lat' dir='ltr'><strong>urbem</strong></span> <span class='ocrx_word' id='word_1_304' title='bbox 1166 2138 1382 2182; x_wconf 81' lang='lat' dir='ltr'><strong>invasurum)</strong></span> <span class='ocrx_word' id='word_1_305' title='bbox 1411 2138 1577 2181; x_wconf 79' lang='lat' dir='ltr'><strong>cogitatio</strong></span> <span class='ocrx_word' id='word_1_306' title='bbox 1601 2149 1712 2184; x_wconf 86' lang='lat' dir='ltr'><strong>quae-</strong></span> 
     </span>
     <span class='ocr_line' id='line_1_37' title="bbox 303 2181 1711 2227; baseline 0.002 -14"><span class='ocrx_word' id='word_1_307' title='bbox 303 2181 382 2213; x_wconf 87' lang='lat' dir='ltr'><strong>dam</strong></span> <span class='ocrx_word' id='word_1_308' title='bbox 399 2181 582 2222; x_wconf 82' lang='lat' dir='ltr'><strong>divinitus,</strong></span> <span class='ocrx_word' id='word_1_309' title='bbox 598 2182 723 2222; x_wconf 87' lang='lat' dir='ltr'><strong>credo,</strong></span> <span class='ocrx_word' id='word_1_310' title='bbox 736 2184 857 2222; x_wconf 85' lang='lat' dir='ltr'><strong>subiit,</strong></span> <span class='ocrx_word' id='word_1_311' title='bbox 881 2184 925 2216; x_wconf 83' lang='lat' dir='ltr'><strong>ad</strong></span> <span class='ocrx_word' id='word_1_312' title='bbox 944 2184 1199 2215; x_wconf 86' lang='lat' dir='ltr'><strong>sanctissimum</strong></span> <span class='ocrx_word' id='word_1_313' title='bbox 1219 2183 1396 2227; x_wconf 78' lang='lat' dir='ltr'><strong>quoddam</strong></span> <span class='ocrx_word' id='word_1_314' title='bbox 1416 2183 1586 2226; x_wconf 82' lang='lat' dir='ltr'><strong>templum</strong></span> <span class='ocrx_word' id='word_1_315' title='bbox 1621 2182 1711 2216; x_wconf 83' lang='lat' dir='ltr'><strong>uod-</strong></span> 
     </span>
     <span class='ocr_line' id='line_1_38' title="bbox 302 2226 1711 2272; baseline 0.002 -14"><span class='ocrx_word' id='word_1_316' title='bbox 302 2237 372 2271; x_wconf 86' lang='lat' dir='ltr'><strong>que</strong></span> <span class='ocrx_word' id='word_1_317' title='bbox 398 2226 604 2259; x_wconf 76' lang='lat' dir='ltr'><strong>Christianis</strong></span> <span class='ocrx_word' id='word_1_318' title='bbox 625 2228 772 2260; x_wconf 80' lang='lat' dir='ltr'><strong>maximo</strong></span> <span class='ocrx_word' id='word_1_319' title='bbox 789 2229 827 2260; x_wconf 87' lang='lat' dir='ltr'><strong>in</strong></span> <span class='ocrx_word' id='word_1_320' title='bbox 847 2229 981 2261; x_wconf 87' lang='lat' dir='ltr'><strong>honore</strong></span> <span class='ocrx_word' id='word_1_321' title='bbox 1007 2234 1099 2268; x_wconf 80' lang='lat' dir='ltr'><strong>crat,</strong></span> <span class='ocrx_word' id='word_1_322' title='bbox 1123 2239 1238 2272; x_wconf 85' lang='lat' dir='ltr'><strong>neque</strong></span> <span class='ocrx_word' id='word_1_323' title='bbox 1256 2229 1378 2271; x_wconf 88' lang='lat' dir='ltr'><strong>procul</strong></span> <span class='ocrx_word' id='word_1_324' title='bbox 1400 2227 1444 2260; x_wconf 83' lang='lat' dir='ltr'><strong>ab</strong></span> <span class='ocrx_word' id='word_1_325' title='bbox 1478 2227 1566 2262; x_wconf 81' lang='lat' dir='ltr'><strong>urbe</strong></span> <span class='ocrx_word' id='word_1_326' title='bbox 1623 2230 1711 2263; x_wconf 82' lang='lat' dir='ltr'><strong>ista-</strong></span> 
     </span>
     <span class='ocr_line' id='line_1_39' title="bbox 300 2271 1710 2319; baseline 0.002 -16"><span class='ocrx_word' id='word_1_327' title='bbox 300 2271 381 2310; x_wconf 85' lang='lat' dir='ltr'><strong>bat,</strong></span> <span class='ocrx_word' id='word_1_328' title='bbox 405 2283 510 2316; x_wconf 86' lang='lat' dir='ltr'><strong>quam</strong></span> <span class='ocrx_word' id='word_1_329' title='bbox 539 2273 707 2305; x_wconf 84' lang='lat' dir='ltr'><strong>citissime</strong></span> <span class='ocrx_word' id='word_1_330' title='bbox 727 2274 776 2305; x_wconf 84' lang='lat' dir='ltr'><strong>ire</strong></span> <span class='ocrx_word' id='word_1_331' title='bbox 797 2298 805 2313; x_wconf 95' lang='lat'>‚</span> <span class='ocrx_word' id='word_1_332' title='bbox 842 2275 982 2319; x_wconf 85' lang='lat' dir='ltr'><strong>Deique</strong></span> <span class='ocrx_word' id='word_1_333' title='bbox 1011 2284 1114 2316; x_wconf 88' lang='lat' dir='ltr'><strong>opem</strong></span> <span class='ocrx_word' id='word_1_334' title='bbox 1145 2274 1343 2316; x_wconf 78' lang='lat' dir='ltr'><strong>implorare.</strong></span> <span class='ocrx_word' id='word_1_335' title='bbox 1400 2274 1556 2306; x_wconf 84' lang='lat' dir='ltr'><strong>Deiectis</strong></span> <span class='ocrx_word' id='word_1_336' title='bbox 1589 2274 1710 2318; x_wconf 78' lang='lat' dir='ltr'><strong>itaque</strong></span> 
     </span>
     <span class='ocr_line' id='line_1_40' title="bbox 303 2317 1709 2364; baseline 0.003 -16"><span class='ocrx_word' id='word_1_337' title='bbox 303 2328 346 2349; x_wconf 80' lang='lat' dir='ltr'><strong>ex</strong></span> <span class='ocrx_word' id='word_1_338' title='bbox 363 2317 508 2349; x_wconf 85' lang='lat' dir='ltr'><strong>Martini</strong></span> <span class='ocrx_word' id='word_1_339' title='bbox 527 2322 563 2349; x_wconf 87' lang='lat' dir='ltr'><strong>et</strong></span> <span class='ocrx_word' id='word_1_340' title='bbox 590 2319 661 2349; x_wconf 89' lang='lat' dir='ltr'><strong>suis</strong></span> <span class='ocrx_word' id='word_1_341' title='bbox 682 2319 792 2361; x_wconf 85' lang='lat' dir='ltr'><strong>copiis</strong></span> <span class='ocrx_word' id='word_1_342' title='bbox 808 2319 1008 2352; x_wconf 83' lang='lat' dir='ltr'><strong>fortissimis</strong></span> <span class='ocrx_word' id='word_1_343' title='bbox 1023 2318 1224 2363; x_wconf 82' lang='lat' dir='ltr'><strong>quibusque</strong></span> <span class='ocrx_word' id='word_1_344' title='bbox 1247 2318 1597 2364; x_wconf 81' lang='lat' dir='ltr'><strong>bellicosissimisque</strong></span> <span class='ocrx_word' id='word_1_345' title='bbox 1613 2319 1709 2359; x_wconf 82' lang='lat' dir='ltr'><strong>viris,</strong></span> 
     </span>
     <span class='ocr_line' id='line_1_41' title="bbox 302 2362 1711 2407; baseline 0.001 -12"><span class='ocrx_word' id='word_1_346' title='bbox 302 2367 339 2395; x_wconf 80' lang='lat' dir='ltr'><strong>et</strong></span> <span class='ocrx_word' id='word_1_347' title='bbox 357 2363 516 2407; x_wconf 88' lang='lat' dir='ltr'><strong>quinque</strong></span> <span class='ocrx_word' id='word_1_348' title='bbox 535 2362 694 2394; x_wconf 83' lang='lat' dir='ltr'><strong>millibus</strong></span> <span class='ocrx_word' id='word_1_349' title='bbox 714 2364 872 2407; x_wconf 83' lang='lat' dir='ltr'><strong>equitum</strong></span> <span class='ocrx_word' id='word_1_350' title='bbox 885 2389 894 2403; x_wconf 86' lang='lat'>‚</span> <span class='ocrx_word' id='word_1_351' title='bbox 920 2364 1156 2407; x_wconf 84' lang='lat' dir='ltr'><strong>omnibusque</strong></span> <span class='ocrx_word' id='word_1_352' title='bbox 1175 2364 1285 2396; x_wconf 81' lang='lat' dir='ltr'><strong>veluti</strong></span> <span class='ocrx_word' id='word_1_353' title='bbox 1307 2364 1351 2396; x_wconf 82' lang='lat' dir='ltr'><strong>ad</strong></span> <span class='ocrx_word' id='word_1_354' title='bbox 1366 2364 1539 2407; x_wconf 84' lang='lat' dir='ltr'><strong>proelium</strong></span> <span class='ocrx_word' id='word_1_355' title='bbox 1559 2365 1711 2404; x_wconf 75' lang='lat' dir='ltr'><strong>armatis,</strong></span> 
     </span>
     <span class='ocr_line' id='line_1_42' title="bbox 303 2407 1710 2454; baseline 0.001 -16"><span class='ocrx_word' id='word_1_356' title='bbox 303 2418 382 2439; x_wconf 92' lang='lat' dir='ltr'><strong>cum</strong></span> <span class='ocrx_word' id='word_1_357' title='bbox 406 2407 475 2438; x_wconf 86' lang='lat' dir='ltr'><strong>illis</strong></span> <span class='ocrx_word' id='word_1_358' title='bbox 494 2409 684 2450; x_wconf 86' lang='lat' dir='ltr'><strong>processit,</strong></span> <span class='ocrx_word' id='word_1_359' title='bbox 709 2409 938 2452; x_wconf 83' lang='lat' dir='ltr'><strong>sequentibus</strong></span> <span class='ocrx_word' id='word_1_360' title='bbox 963 2411 1078 2452; x_wconf 87' lang='lat' dir='ltr'><strong>ipsum</strong></span> <span class='ocrx_word' id='word_1_361' title='bbox 1099 2410 1205 2454; x_wconf 84' lang='lat' dir='ltr'><strong>signis</strong></span> <span class='ocrx_word' id='word_1_362' title='bbox 1222 2410 1432 2454; x_wconf 78' lang='lat' dir='ltr'><strong>reliquoque</strong></span> <span class='ocrx_word' id='word_1_363' title='bbox 1456 2413 1623 2452; x_wconf 75' lang='lat' dir='ltr'><strong>apparatu</strong></span> <span class='ocrx_word' id='word_1_364' title='bbox 1642 2409 1710 2440; x_wconf 88' lang='lat' dir='ltr'><strong>mi-</strong></span> 
     </span>
     <span class='ocr_line' id='line_1_43' title="bbox 300 2449 1710 2498; baseline 0.001 -14"><span class='ocrx_word' id='word_1_365' title='bbox 300 2453 408 2485; x_wconf 86' lang='lat' dir='ltr'><strong>litari.</strong></span> <span class='ocrx_word' id='word_1_366' title='bbox 456 2452 549 2485; x_wconf 85' lang='lat' dir='ltr'><strong>Casu</strong></span> <span class='ocrx_word' id='word_1_367' title='bbox 569 2449 652 2485; x_wconf 77' lang='lat' dir='ltr'><strong>vero</strong></span> <span class='ocrx_word' id='word_1_368' title='bbox 674 2453 824 2492; x_wconf 83' lang='lat' dir='ltr'><strong>accidit,</strong></span> <span class='ocrx_word' id='word_1_369' title='bbox 861 2460 900 2486; x_wconf 91' lang='lat' dir='ltr'><strong>ut</strong></span> <span class='ocrx_word' id='word_1_370' title='bbox 927 2465 1042 2498; x_wconf 89' lang='lat' dir='ltr'><strong>neque</strong></span> <span class='ocrx_word' id='word_1_371' title='bbox 1064 2454 1186 2487; x_wconf 84' lang='lat' dir='ltr'><strong>Persae</strong></span> <span class='ocrx_word' id='word_1_372' title='bbox 1209 2465 1268 2486; x_wconf 87' lang='lat' dir='ltr'><strong>eos</strong></span> <span class='ocrx_word' id='word_1_373' title='bbox 1287 2455 1457 2487; x_wconf 78' lang='lat' dir='ltr'><strong>abeuntes</strong></span> <span class='ocrx_word' id='word_1_374' title='bbox 1475 2454 1547 2487; x_wconf 84' lang='lat' dir='ltr'><strong>sint</strong></span> <span class='ocrx_word' id='word_1_375' title='bbox 1567 2454 1710 2498; x_wconf 77' lang='lat' dir='ltr'><strong>conspi-</strong></span> 
     </span>
     <span class='ocr_line' id='line_1_44' title="bbox 303 2497 1710 2543; baseline 0 -13"><span class='ocrx_word' id='word_1_376' title='bbox 303 2499 393 2536; x_wconf 86' lang='lat' dir='ltr'><strong>cati,</strong></span> <span class='ocrx_word' id='word_1_377' title='bbox 417 2497 479 2530; x_wconf 85' lang='lat' dir='ltr'><strong>sed</strong></span> <span class='ocrx_word' id='word_1_378' title='bbox 497 2508 612 2541; x_wconf 87' lang='lat' dir='ltr'><strong>neque</strong></span> <span class='ocrx_word' id='word_1_379' title='bbox 632 2497 670 2529; x_wconf 83' lang='lat' dir='ltr'><strong>hi</strong></span> <span class='ocrx_word' id='word_1_380' title='bbox 699 2499 778 2530; x_wconf 82' lang='lat' dir='ltr'><strong>illos</strong></span> <span class='ocrx_word' id='word_1_381' title='bbox 804 2498 974 2542; x_wconf 86' lang='lat' dir='ltr'><strong>oppidum</strong></span> <span class='ocrx_word' id='word_1_382' title='bbox 1005 2509 1122 2531; x_wconf 84' lang='lat' dir='ltr'><strong>versus</strong></span> <span class='ocrx_word' id='word_1_383' title='bbox 1150 2500 1355 2543; x_wconf 80' lang='lat' dir='ltr'><strong>venientes3</strong></span> <span class='ocrx_word' id='word_1_384' title='bbox 1391 2499 1454 2532; x_wconf 83' lang='lat' dir='ltr'><strong>sed</strong></span> <span class='ocrx_word' id='word_1_385' title='bbox 1487 2499 1623 2532; x_wconf 75' lang='lat' dir='ltr'><strong>diversa</strong></span> <span class='ocrx_word' id='word_1_386' title='bbox 1651 2499 1710 2530; x_wconf 84' lang='lat' dir='ltr'><strong>via</strong></span> 
     </span>
     <span class='ocr_line' id='line_1_45' title="bbox 304 2542 1708 2588; baseline 0.001 -14"><span class='ocrx_word' id='word_1_387' title='bbox 304 2542 468 2582; x_wconf 83' lang='lat' dir='ltr'><strong>adducti,</strong></span> <span class='ocrx_word' id='word_1_388' title='bbox 492 2543 678 2575; x_wconf 86' lang='lat' dir='ltr'><strong>confertim</strong></span> <span class='ocrx_word' id='word_1_389' title='bbox 707 2543 878 2586; x_wconf 84' lang='lat' dir='ltr'><strong>impetum</strong></span> <span class='ocrx_word' id='word_1_390' title='bbox 913 2545 951 2577; x_wconf 91' lang='lat' dir='ltr'><strong>in</strong></span> <span class='ocrx_word' id='word_1_391' title='bbox 978 2545 1120 2577; x_wconf 88' lang='lat' dir='ltr'><strong>moenia</strong></span> <span class='ocrx_word' id='word_1_392' title='bbox 1146 2545 1323 2585; x_wconf 84' lang='lat' dir='ltr'><strong>fecerunt,</strong></span> <span class='ocrx_word' id='word_1_393' title='bbox 1361 2546 1565 2588; x_wconf 81' lang='lat' dir='ltr'><strong>maioreque</strong></span> <span class='ocrx_word' id='word_1_394' title='bbox 1594 2544 1708 2576; x_wconf 86' lang='lat' dir='ltr'><strong>multo</strong></span> 
     </span>
     <span class='ocr_line' id='line_1_46' title="bbox 304 2588 1709 2635; baseline 0.001 -16"><span class='ocrx_word' id='word_1_395' title='bbox 304 2599 407 2632; x_wconf 87' lang='lat' dir='ltr'><strong>quam</strong></span> <span class='ocrx_word' id='word_1_396' title='bbox 426 2592 529 2620; x_wconf 80' lang='lat' dir='ltr'><strong>antea</strong></span> <span class='ocrx_word' id='word_1_397' title='bbox 553 2588 766 2621; x_wconf 76' lang='lat' dir='ltr'><strong>iaculatione</strong></span> <span class='ocrx_word' id='word_1_398' title='bbox 785 2594 867 2621; x_wconf 84' lang='lat' dir='ltr'><strong>sunt</strong></span> <span class='ocrx_word' id='word_1_399' title='bbox 882 2591 936 2622; x_wconf 88' lang='lat' dir='ltr'><strong>usi</strong></span> <span class='ocrx_word' id='word_1_400' title='bbox 952 2614 961 2629; x_wconf 88' lang='lat'>‚</span> <span class='ocrx_word' id='word_1_401' title='bbox 986 2595 1154 2634; x_wconf 81' lang='lat' dir='ltr'><strong>tanquam</strong></span> <span class='ocrx_word' id='word_1_402' title='bbox 1176 2591 1224 2622; x_wconf 84' lang='lat' dir='ltr'><strong>ita</strong></span> <span class='ocrx_word' id='word_1_403' title='bbox 1244 2595 1280 2622; x_wconf 85' lang='lat' dir='ltr'><strong>et</strong></span> <span class='ocrx_word' id='word_1_404' title='bbox 1296 2589 1439 2635; x_wconf 84' lang='lat' dir='ltr'><strong>quidem</strong></span> <span class='ocrx_word' id='word_1_405' title='bbox 1455 2589 1562 2634; x_wconf 81' lang='lat' dir='ltr'><strong>magis</strong></span> <span class='ocrx_word' id='word_1_406' title='bbox 1579 2590 1709 2622; x_wconf 82' lang='lat' dir='ltr'><strong>Roma-</strong></span> 
     </span>
     <span class='ocr_line' id='line_1_47' title="bbox 303 2634 1242 2679; baseline 0.001 -15"><span class='ocrx_word' id='word_1_407' title='bbox 303 2644 366 2665; x_wconf 88' lang='lat' dir='ltr'><strong>nos</strong></span> <span class='ocrx_word' id='word_1_408' title='bbox 386 2634 608 2677; x_wconf 77' lang='lat' dir='ltr'><strong>pei-territuri</strong></span> <span class='ocrx_word' id='word_1_409' title='bbox 621 2658 631 2672; x_wconf 89' lang='lat'>,</span> <span class='ocrx_word' id='word_1_410' title='bbox 655 2634 896 2679; x_wconf 81' lang='lat' dir='ltr'><strong>citissimeque</strong></span> <span class='ocrx_word' id='word_1_411' title='bbox 914 2634 1038 2667; x_wconf 87' lang='lat' dir='ltr'><strong>urbem</strong></span> <span class='ocrx_word' id='word_1_412' title='bbox 1057 2635 1242 2678; x_wconf 87' lang='lat' dir='ltr'><strong>direpturi.</strong></span> 
     </span>
    </p>

    <p class='ocr_par' dir='ltr' id='par_1_11' title="bbox 393 2677 1708 2724">
     <span class='ocr_line' id='line_1_48' title="bbox 393 2677 1708 2724; baseline -0.002 -13"><span class='ocrx_word' id='word_1_413' title='bbox 393 2679 445 2712; x_wconf 80' lang='lat'><strong>25.</strong></span> <span class='ocrx_word' id='word_1_414' title='bbox 491 2678 588 2718; x_wconf 76' lang='lat' dir='ltr'><strong>Adeo</strong></span> <span class='ocrx_word' id='word_1_415' title='bbox 607 2689 689 2713; x_wconf 81' lang='lat' dir='ltr'><strong>vero</strong></span> <span class='ocrx_word' id='word_1_416' title='bbox 713 2678 840 2713; x_wconf 83' lang='lat' dir='ltr'><strong>densae</strong></span> <span class='ocrx_word' id='word_1_417' title='bbox 867 2680 972 2713; x_wconf 84' lang='lat' dir='ltr'><strong>simul</strong></span> <span class='ocrx_word' id='word_1_418' title='bbox 990 2681 1136 2724; x_wconf 80' lang='lat' dir='ltr'><strong>sagittae</strong></span> <span class='ocrx_word' id='word_1_419' title='bbox 1154 2679 1369 2721; x_wconf 80' lang='lat' dir='ltr'><strong>serebantur,</strong></span> <span class='ocrx_word' id='word_1_420' title='bbox 1399 2688 1586 2724; x_wconf 84' lang='lat' dir='ltr'><strong>rursusque</strong></span> <span class='ocrx_word' id='word_1_421' title='bbox 1616 2677 1708 2710; x_wconf 77' lang='lat' dir='ltr'><strong>aliae</strong></span> 
     </span>
    </p>
   </div>
  </div>
 </body>
</html>
