1794 3112
283 108 384 163 130
824 125 1096 167 AGA‘nnAE

81 234 118 267 A.
144 235 179 268 C.
204 235 289 280 554&
294 242 339 267 πι
375 223 548 279 κόῤῥης,
589 225 661 264 καί
689 228 774 272 τοῖς
799 226 1051 306 ἐκπώμασιν
1061 223 1196 283 ωσπερ
1233 230 1317 270 τινι
1366 227 1641 288 ἑωλοκρασία
1647 247 1692 273 το

138 281 164 315 Ῑ·
179 283 204 316 Ῑ·
222 284 265 315 ²3
279 289 493 344 πρόσωπον
521 286 881 342 καταῤῥαίνεσθαι,
918 292 989 331 καί
1008 287 1112 332 εἶναι
1140 290 1273 333 κοινὸν
1299 287 1472 348 ἄθυρμα
1499 311 1581 336 των
1603 295 1696 336 δαι-

269 352 477 405 τυμόνων,
507 372 509 377 v
534 348 581 392 οὗ
617 357 732 403 μεῖον
767 348 792 406 ἢ
825 351 862 393 οἱ
899 357 1161 406 γελωτοποιοι
1198 359 1269 397 καί
1300 357 1529 412 μιιιολόγοι.
1587 359 1688 400 ἄλλα

273 419 349 473 γὰρ
392 414 552 458 τοιόσδε
592 412 651 457 ὢν
684 417 704 457 ὃ
746 417 973 470 Οὐράνιος,
1023 414 1120 472 ἧκέν
1159 436 1252 461 ποτε
1289 421 1399 474 παρά
1435 421 1532 472 τούς
1575 426 1694 478 Πέρ-

269 498 344 530 σας
366 479 445 522 ὑπὸ
475 481 741 535 Ἀρεοβίνδου
763 481 835 521 τοῦ
855 484 1107 536 πρεσβευτοῦ
1129 483 1372 538 ἀπηγμένος.
1410 481 1480 526 ἅτε
1502 485 1552 540 δὴ
1573 487 1708 529 ἄπα-5

268 545 371 587 ‘cmiv
397 544 467 586 καί
490 545 706 600 κόθορνος,
736 547 806 585 καί
825 541 908 593 οἷος
934 543 1007 598 τὴν
1045 543 1118 588 οὔκ
1149 543 1276 589 οὖσαν
1307 547 1442 606 ἑαυτῷ
1467 556 1691 606 περιποιεῖν

267 609 512 661 εὐκοσμίαν,
564 606 711 650 αὐτίκα
749 607 816 662 ὅγε
865 609 1013 665 στολὴν
1052 612 1130 662 μὲν
1161 611 1387 665 ἠμπίσχετο
1420 612 1688 669 σεμνοτάτην,

265 672 412 715 ὁποίαν
429 675 527 727 παρ’
550 671 646 726 ἡμῖν
670 673 708 713 οἱ
731 675 812 715 τῶν
835 674 964 727 λόγων
985 677 1215 729 καθηγηταί
1239 675 1310 716 καί
1344 675 1582 718 διδάσκαλοι
1607 677 1688 729 ἆμ-

268 739 530 792 φιέννυνται,
560 734 663 778 οὕτω
687 739 756 790 δὲ,
786 740 950 794 σοβαρῷ
977 740 1101 793 δῆθεν
1129 738 1200 780 καί
1222 741 1422 795 ἐμβριθεῖ
1440 742 1496 798 τῷ
1525 742 1688 796 προσαί-

230 815 330 858 Βπῳ
345 835 356 854 ,
397 802 592 857 ἐσεφοίτα
623 800 678 852 ὡς
716 801 784 843 τὸν
813 803 1015 858 Χοσρόην.
1056 803 1145 846 ὅδὲ
1173 806 1229 861 τῷ
1258 804 1474 862 παραδόξῳ
1509 807 1739 859 &edituum

264 867 670 920 καταπεπληγμένος,
698 866 769 908 καί
791 867 904 921 ἱερόν
933 885 974 908 τι
1008 865 1114 910 εἶναι
1140 869 1314 918 εἰκάζων
1342 867 1388 910 τὸ
1412 871 1579 925 χρῆμα,
1619 870 1692 911 και)

263 932 494 986 φιλόσοφον
515 930 639 972 αὐτὸν
659 931 716 980 ὥς
733 932 899 986 ἀληθῶς
919 931 1189 987 ὑποτοπήσας,
1218 930 1342 988 (οὕτω
1363 933 1439 989 γὰρ
1464 934 1592 976 αὐτοῦ
1617 934 1691 976 καί

262 995 525 1051 ὦνομάζετο,)
556 991 732 1048 ἄσμενός
765 1012 810 1037 τε
840 994 946 1038 εἶδεν
971 997 1043 1038 καί
1074 995 1342 1052 φιλοφρόνως
1363 999 1581 1048 ἐδεξιοῦτο.
1619 998 1690 1040 καί

261 1055 350 1100 εἶτα
379 1061 725 1112 ξυγκαλεσάμενος
750 1058 847 1109 τούς
865 1061 1045 1114 μάγους,
1073 1063 1115 1110 ἐς
1148 1060 1288 1115 λόγους
1319 1058 1430 1118 αὐτῷ
1459 1061 1683 1103 καθίστατο

259 1121 454 1174 γενέσεώς
474 1140 516 1165 τε
545 1127 615 1166 καί
632 1123 797 1180 φύσεως
822 1127 938 1179 πέρι,
973 1125 1045 1166 καί
1075 1127 1113 1167 εἰ
1131 1124 1223 1167 τόδε
1241 1125 1286 1167 τό
1318 1128 1398 1167 πᾶν
1419 1121 1736 1181 ἀτελεύτητονῑό
1780 1134 1782 1137 “

260 1184 398 1239 ἔσται,
428 1189 502 1228 καί
519 1187 691 1243 πότερον
717 1189 820 1241 μιάν
849 1189 923 1244 τὴν
949 1188 1142 1231 ἁπάντων
1159 1187 1294 1245 ἀρχήν
1319 1193 1541 1243 νομιστέον.

364 1251 409 1292 λ’.
466 1253 564 1294 Τότε
594 1252 644 1307 δὴ
686 1250 803 1295 οὖνὸ
840 1254 1043 1309 Οὕράνιος
1077 1256 1234 1309 καίριον
1265 1257 1343 1306 μὲν
1379 1255 1501 1295 οὐδὲν
1541 1253 1675 1296 ὁτιοῦν

155 1322 187 1354 Ρ-
198 1321 247 1360 69
261 1314 417 1370 ἔλεγεν,
456 1318 552 1358 οὐδὲ
578 1333 622 1371 γε
649 1318 723 1372 τήν
744 1317 875 1373 ἀρχὴν
904 1320 1119 1359 διενοεῖτο·
1157 1317 1266 1376 μόνῳ
1291 1320 1336 1359 δὲ
1368 1321 1423 1374 τῷ
1446 1318 1608 1373 θρασύς
1638 1334 1682 1360 τε

260 1379 367 1423 εἶναι
389 1383 462 1422 καί
487 1381 827 1434 στωμυλώτατος,
856 1380 1045 1422 καθάπου
1071 1384 1198 1437 φησίν
1219 1380 1240 1422 ὅ
1259 1384 1304 1423 ἐν
1336 1384 1376 1423 Γ
1374 1382 1488 1439 οργίᾳ
1515 1382 1685 1437 Σωκρά-

260 1463 333 1501 της
369 1442 470 1497 »οὐκ
502 1444 621 1494 εἰδώς
645 1448 688 1486 ἐν
721 1446 794 1486 οὐκ
825 1446 1003 1487 εἰδόσιν”
1031 1447 1155 1487 ἐνίκα.
1187 1443 1293 1487 οὕτω
1321 1462 1364 1487 τε
1391 1443 1498 1488 εἷλεν
1514 1445 1584 1488 τὸν
1606 1450 1738 1500 flou-20

259 1512 375 1553 σιλέα
399 1510 419 1551 ὃ
443 1510 586 1563 βώιιαξ
609 1512 761 1559 ἐκεῖνος
781 1510 851 1551 καί
869 1510 1097 1564 ἔμπληκτος
1111 1544 1123 1562 ,
1152 1510 1208 1559 ὥς
1227 1509 1453 1565 χρημάτων
1475 1513 1520 1552 τέ
1538 1511 1575 1552 οἱ
1603 1512 1683 1552 δω-

351 1595 381 1628 5.
403 1590 693 1637 ἌρεοβίνδουΒ.
720 1592 817 1625 Suid.
846 1604 871 1625 s.
897 1604 926 1624 v.
949 1591 1135 1637 Οὐράνιος
1160 1597 1197 1626 et
1221 1593 1343 1637 Intpr„
1365 1591 1575 1638 ’Λρεβίνὸου
1589 1594 1683 1638 vulg.

350 1639 567 1682 ἀπηγμένος
593 1623 1047 1679 Suid„1nip1.ductus,
1081 1639 1293 1683 αφιγμένος
1315 1618 1352 1670 R'.
1381 1643 1418 1672 et
1438 1639 1527 1682 vulg
1639 1651 1680 1695 7

349 1686 420 1730 μὲν
456 1696 523 1716 om.
559 1686 596 1716 R.
744 1682 948 1728 ἠμπίσχετο
982 1686 1020 1718 R.
1035 1709 1044 1724 ‚
1084 1684 1317 1729 ιῖμπίσχεται
1350 1685 1444 1728 vulg.
1565 1683 1683 1728 &139³

346 1731 436 1775 ήιιῒν
456 1731 492 1762 R.
607 1728 858 1774 αἰιφιεννυται
884 1730 962 1762 cdd.
1094 1742 1143 1763 10.
1170 1730 1218 1764 ὥς
1243 1741 1310 1761 om.
1338 1730 1374 1762 R.
1495 1741 1544 1764 ια.
1569 1730 1682 1767 αὐτός

346 1787 420 1809 που
451 1776 541 1808 coni.
567 1776 653 1809 Bon.
678 1776 776 1808 Vulc.
801 1787 864 1819 pro
891 1774 1015 1808 αὗτοῦ.
1112 1788 1160 1819 ¹9·
1187 1775 1469 1819 στωιιυλότατος
1492 1777 1529 1807 R.

258 1849 294 1877 et
326 1843 484 1888 colaphis
504 1842 710 1876 caederetur
738 1843 939 1882 interdum,
972 1848 1007 1875 et
1036 1842 1169 1886 cyathis
1195 1843 1307 1876 veluti
1333 1843 1580 1886 pridianorum
1608 1855 1676 1888 po-

257 1891 418 1923 culorum
449 1889 612 1934 rcliquiis
638 1889 746 1921 facies
773 1890 805 1920 ei
841 1888 1134 1932 perfunderetur,
1175 1894 1212 1922 ct
1235 1887 1399 1922 omnibus
1430 1895 1523 1922 esset
1553 1890 1677 1922 convi-

255 1935 435 1968 vatoribus
476 1934 712 1973 deridiculus,
759 1945 832 1966 non
865 1935 981 1966 minus
1017 1943 1122 1979 quam
1163 1935 1362 1973 moriones,
1418 1934 1608 1968 histriones
1642 1940 1679 1968 et

257 1992 406 2014 scurrae.
483 1979 532 2012 Ac
566 1980 648 2012 talis
682 1979 826 2024 quidem
860 1990 938 2012 cum
976 1986 1068 2013 esset
1109 1981 1282 2019 Urauius,
1328 1979 1372 2012 ad
1406 1981 1524 2013 Persas
1559 1981 1677 2018 vemt,

257 2027 302 2059 ab
340 2025 544 2060 Areobindo
582 2025 734 2070 quodam
776 2026 892 2069 legato
933 2025 1114 2058 adductus
1156 2027 1201 2058 Ut
1238 2026 1408 2068 impostor
1449 2031 1486 2058 et
1510 2005 1677 2059 cothurni

258 2073 368 2105 instar
399 2071 586 2110 versatilis,
624 2072 757 2116 quique
782 2072 940 2103 fictitiam
965 2082 1100 2104 morum
1122 2072 1398 2104 concinnitatem
1415 2082 1502 2114 prae
1530 2082 1569 2103 se
1602 2071 1677 2104 fer-

258 2129 295 2150 re
324 2124 448 2158 norat,
484 2117 769 2150 honestissimam
794 2117 862 2149 sibi
898 2122 1029 2149 vestem
1066 2116 1203 2157 induit,
1242 2117 1340 2161 quali
1374 2115 1469 2161 apud
1509 2127 1574 2149 nos
1611 2117 1677 2150 lit-

257 2169 409 2196 terarum
455 2163 675 2215 professores
711 2161 943 2206 doctoresque
982 2167 1150 2203 utuntur;
1187 2167 1223 2195 et
1250 2164 1320 2202 sic,
1350 2162 1477 2195 tetrico
1515 2173 1556 2194 ac
1582 2163 1675 2206 gravi

256 2210 381 2248 vultu,
402 2208 446 2240 ad
467 2207 675 2240 Chosroen'
665 2219 839 2252 ingressus
859 2213 922 2246 est,
947 2208 1007 2252 qui
1031 2209 1188 2240 novitate
1206 2208 1399 2252 spectaculi
1421 2207 1614 2252 perculsuS,
1640 2212 1678 2240 et

258 2253 397 2300 aliquid
419 2254 560 2287 divinae
572 2254 623 2286 rei
645 2265 719 2286 esse
742 2254 964 2297 imaginatus,
990 2258 1026 2285 et
1046 2252 1300 2298 philosophum
1321 2265 1440 2287 revera
1457 2254 1575 2297 ipsum
1599 2262 1675 2286 esse

260 2306 353 2333 ratus
373 2299 469 2345 (nam
493 2305 530 2332 et
557 2301 608 2332 ita
642 2299 694 2331 ibi
724 2299 972 2341 vocitabatur)
993 2299 1110 2331 libens
1146 2310 1226 2332 eum
1259 2299 1487 2344 benigneque
1520 2299 1675 2344 excepit.

260 2346 470 2379 Convocatis
493 2350 611 2377 autem
642 2345 767 2388 magis,
799 2355 976 2377 sermones
999 2355 1076 2376 cum
1099 2355 1140 2377 eo
1162 2345 1306 2378 miscuit
1328 2345 1372 2378 de
1391 2345 1618 2390 generatione
1635 2348 1673 2376 et

260 2396 407 2432 natura,
431 2395 467 2423 ct
487 2401 531 2423 an
553 2389 620 2422 hoc
647 2392 849 2423 universum
868 2390 947 2422 finis
968 2401 1091 2434 expers
1115 2391 1275 2423 futurum
1297 2396 1408 2431 esset,
1433 2395 1469 2423 et
1491 2398 1537 2422 an
1561 2399 1672 2422 unum

261 2447 375 2470 rerum
397 2436 556 2470 omnium
576 2437 793 2480 principium
815 2437 862 2468 sit
881 2435 1679 2468 statuendum..

351 2485 402 2517 30.
451 2483 543 2515 Tum
566 2483 688 2526 itaque
712 2482 862 2514 Uranius
882 2481 976 2514 nihil
1001 2481 1144 2526 quidem
1168 2485 1407 2525 opportunum
1427 2477 1581 2518 dicebat,
1603 2486 1670 2510 ne-

259 2539 328 2574 que
346 2539 488 2572 prorsus
511 2527 754 2571 intelligebat,
777 2527 850 2559 sola
864 2537 946 2559 vero
968 2526 1202 2569 praefidentia
1229 2531 1265 2559 et
1281 2527 1382 2560 inani
1401 2526 1542 2569 linguae
1566 2524 1670 2557 volu-

257 2574 421 2614 bilitate,
443 2572 740 2618 quemadmodum
779 2573 818 2605 in
847 2572 975 2615 Gorgia
1008 2573 1059 2605 ait
1089 2573 1272 2612 Socrates,
1307 2571 1402 2605 nihil
1427 2570 1540 2603 sciens
1571 2568 1676 2603 inter

259 2619 353 2653 nihil
370 2620 533 2659 scientes,
552 2618 728 2651 vincebat.
774 2618 829 2651 Ita
840 2629 922 2651 vero
941 2629 1057 2650 scurra
1079 2619 1141 2652 ille
1167 2618 1317 2651 stolidus
1336 2627 1453 2662 regem
1486 2614 1602 2659 cepit,
1628 2618 1671 2647 ut

260 2670 297 2698 et
317 2665 453 2712 ingenti
475 2665 652 2712 pecuniae
682 2674 818 2698 summa
845 2674 927 2700 cum
955 2663 1116 2706 donarit,
1150 2668 1186 2701 et
1217 2663 1263 2696 ad
1293 2671 1519 2699 communem
1550 2669 1671 2694 secum
