1794 3112
611 138 988 181 HISTORIARUM
1028 142 1080 180 Π.
1116 143 1182 185 12.
1537 138 1604 192 91

175 242 290 294 γένος
316 236 389 280 καὶ
412 223 622 295 μέγιστον,
675 238 748 278 καί
773 238 865 278 λιάν
894 233 1031 293 ὀρθῶς
1057 254 1106 278 τα
1138 235 1336 291 πολεμικά
1367 235 1789 292 ἢσκημένον,Α.(Ξ.553

121 326 124 329 ·
177 302 387 359 ἀπόμοιρα
417 304 464 344 δέ
490 318 554 352 τις
581 298 721 345 αὗτῶν
750 301 789 343 οἱ
819 305 1070 358 νενικημένοι
1098 306 1303 358 βραχεῖα,
1353 301 1426 344 καί
1450 300 1524 358 ὅση
1550 295 1745 358 ⁴taet)1·1·'³'7

176 371 267 419 δέος
294 367 435 418 αῧτοῖς
461 370 678 422 ἐμβαλεῖν,
728 370 889 422 μᾶλλον
915 370 994 421 μὲν
1020 364 1095 410 οὖν
1132 369 1205 410 καί
1230 366 1335 422 πρὸς
1364 366 1492 424 ὀργὴν
1516 369 1619 410 ἅνα-

175 436 343 490 στῆσαι.
412 428 563 476 οὔκουν
607 433 716 483 εἰκὸς
749 431 903 484 αὐτούς
930 433 1174 489 ἠρεμήσειν,
1224 431 1322 476 οῦδὲ
1350 437 1538 484 καθέξειν
1573 436 1655 477 ἒνΒ

148 498 392 558 5ἇποῤῥὴτῳ
421 499 498 556 τὴν
525 497 664 555 ὕβριν,
697 496 804 542 ἄλλα
831 501 987 542 πλείονι
1015 501 1182 557 στρατῷ
1200 503 1297 540 καθ)
1316 500 1434 555 ἡμῶν
1461 497 1621 556 ἥξουσι,

176 568 249 608 καὶ
275 565 349 608 οὐκ
378 568 422 615 ἐς
456 564 624 621 μακρὰν
653 566 985 619 ἄναμαχοῧνται.
1037 568 1113 607 νῦν
1140 559 1218 606 οὖν
1246 563 1365 617 ὑμεῖς
1375 598 1387 617 ,
1432 565 1472 606 εἴ
1498 566 1622 619 δοκεῖ,

175 633 375 687 παρέντες
401 629 478 686 την
507 630 748 688 ρᾳθυμίαν,
793 629 1090 672 ἅνανεώσασθε
1116 627 1162 671 τὸ
1190 631 1476 686 φιλοκίνδυνον
1500 631 1622 672 πλέον

175 691 204 751 ἢ
228 693 436 752 πρότερον,
459 692 541 754 ὅσῳ
563 698 635 738 καί
653 698 824 749 μείζονα
846 697 929 738 τῶν
945 695 1201 752 φθασάντων
1221 692 1273 736 td
1296 693 1474 748 ἐσόμενα
1494 711 1623 751 προσ-

178 762 384 816 δοκητέον.
441 758 550 803 οὕτω
577 761 657 818 γὰρ
688 761 809 814 ὑμῶν
837 761 1154 813 διατελούντων,
1193 761 1234 802 εἰ
1256 762 1335 813 μὲν
1363 760 1419 810 ὥς
1445 761 1622 814 τάχιστα

131 834 372 884 ιοπαρεῖεν,
410 827 483 870 καί
501 826 552 883 δὴ
578 829 982 883 παρεσκευασμένοις
1000 827 1102 879 ὑμῖν
1130 826 1415 881 προσβαλοῦσι
1435 829 1508 869 καί
1524 829 1624 876 οἵοις

177 894 414 949 μελλήσεως
437 893 496 948 μή
519 895 807 950 προσδεῖσθαι.
838 895 878 935 εἰ
899 894 946 935 δὲ
969 895 1042 934 καί
1062 893 1322 935 παντάπασιν
1340 894 1507 947 ἐνδοῖεν,
1543 895 1625 950 (εἰ-

177 958 325 1014 ρήσθω
347 957 426 1015 γάρ
447 953 611 1017 gamm)
643 957 750 1000 α’λλὰ
781 958 828 1000 τό
857 974 902 1012 γε
923 956 1124 1014 ὑμέτερον
1153 960 1197 1002 ἐν
1220 958 1410 1015 ἀσφαλεῖ
1429 962 1624 1012 κείσεται,

175 1022 251 1078 καὶ
285 1025 336 1069 τὰ
374 1023 576 1080 κράτιστα
615 1023 774 1076 δόξοιτε
815 1019 869 1066 ἂν
909 1025 1251 1078 βεβουλεῦσθαι.”
1321 1027 1503 1067 Τοιαῦτα
1547 1023 1661 1072 rofio

179 1092 356 1149 Ναρσοῦ
384 1092 734 1147 παραινέσαντος,
780 1088 909 1138 αἰδώς
936 1086 1100 1131 ἅπαντα
1127 1096 1317 1144 κατεῖχεν
1344 1089 1418 1132 τὸν
1445 1089 1626 1146 στρατὸν

131 1158 409 1211 ιόμεταμέλον
439 1156 581 1205 αὐτοῖς
600 1158 673 1211 τῆς
696 1157 928 1211 παροινίας.
965 1154 1039 1196 καί
1064 1153 1102 1196 οἱ
1121 1157 1200 1208 μὲν
1223 1153 1269 1197 τὸ
1294 1157 1462 1209 ἐκμελές
1489 1172 1535 1198 τε
1557 1155 1632 1198 καὶ

179 1222 482 1265 οἷκολασταῖνον
509 1222 582 1277 τῆς
607 1219 774 1277 γνώμης
798 1217 1092 1275 ἀποβαλόντες,
1121 1218 1237 1270 ἑς’τὰ
1259 1220 1418 1278 πάτρια
1445 1215 1530 1278 ἤθη
1550 1237 1629 1276 με·

179 1285 467 1343 τεκοσμοῦντο.

290 1353 354 1409 ιγ’.
402 1353 672 1408 Ἀποδασμὸς
717 1356 764 1396 δὲ
791 1355 875 1396 τῶν
902 1355 943 1395 Γ
941 1354 1077 1395 ὀτθων
1115 1355 1159 1403 ἒς
1185 1349 1524 1408 ἑπτακισχιλίους
1554 1348 1629 1396 ἄν·

182 1420 286 1475 δρας
310 1421 524 1474 μαχίμους
552 1420 880 1476 ἀποκεκριμένοι,
917 1419 961 1461 οἳ
980 1418 1031 1474 δὴ
1054 1418 1278 1472 ἐτύγχανον
1302 1422 1516 1474 πολλαχοῦ
1543 1425 1629 1470 τοῖς

130 1482 394 1540 ποΦράγγοις
410 1483 827 1540 προσβεβοηθηκότες,
855 1483 1110 1538 λογιζόμενοι
1140 1484 1198 1534 ὥς
1231 1485 1307 1526 οὐκ
1329 1485 1556 1540 ἆνήσουσιν
1589 1484 1638 1539 οἱ

177 1549 406 1604 “Ρ,ωμαῖοι,
435 1549 525 1592 ἀλλ’
545 1545 627 1605 ἤδη
649 1551 722 1591 καί
738 1555 826 1600 τοῖς
847 1549 921 1591 οὔκ
947 1551 990 1598 ἐς
1008 1548 1178 1606 μακρὰν
1203 1550 1520 1605 ἐπιπεσοῦνται,
1550 1550 1629 1592 αὖ-

278 1651 310 1673 1.
333 1630 379 1671 τὰ
399 1638 492 1672 πολε
526 1636 589 1672 ικὰ
609 1651 715 1684 marg.
733 1641 785 1681 R„
808 1631 854 1672 τὰ
873 1639 1040 1684 πολέμια
1056 1639 1149 1684 vulg.
1240 1640 1273 1676 5.
1296 1640 1383 1673 καθ’
1402 1639 1511 1686 ἡμῶν
1528 1641 1565 1673 Β.
1587 1646 1626 1675 et

271 1686 397 1730 Intpr⁸¹
419 1688 494 1718 καθ
518 1684 626 1731 ὑμῶν
643 1686 736 1730 vulg.
829 1689 860 1722 8.
885 1683 977 1719 ὅσον
991 1687 1031 1722 R.
1129 1699 1178 1721 ιο.
1190 1689 1570 1732 παρασκευασμένοις
1587 1689 1628 1724 R.

277 1744 327 1766 ιιι.
345 1733 459 1776 Intpr.
481 1742 631 1774 nostra3
651 1734 754 1771 male.
886 1735 936 1767 13.
955 1730 1082 1773 δόξητε
1103 1733 1140 1766 Β.
1258 1745 1308 1779 ¹9·
1329 1732 1626 1780 ἀποκεκριμένοι

272 1779 326 1820 R„
349 1776 649 1825 ἀποκεκριμένος
665 1780 759 1824 vulg.
801 1775 805 1781 ⁷
856 1790 910 1813 20.
928 1778 966 1812 οἱ
986 1790 1053 1812 om.
1077 1781 1117 1814 R.

183 1868 254 1905 que
285 1862 450 1891 naturam
483 1869 523 1891 ae
557 1861 689 1891 statum
726 1868 807 1890 cum
839 1857 1001 1891 consiliis
1036 1858 1162 1891 vestris
1202 1869 1397 1903 congruere
1431 1861 1624 1907 quisquam

183 1905 387 1949 comperiat.
446 1905 662 1938 Francorum
686 1906 784 1938 enim
808 1904 909 1937 natio
940 1909 995 1936 est
1017 1904 1295 1948 populosissima
1320 1910 1357 1938 et
1381 1908 1556 1947 maxima,
1588 1912 1626 1940 et

184 1951 344 1996 apprime
371 1951 410 1983 in
437 1962 474 1984 re
497 1951 630 1984 bellica
655 1951 864 1985 exercitata:
915 1956 951 1984 et
977 1953 1069 1984 caesi
1100 1963 1120 1983 a
1151 1951 1258 1984 nobis
1289 1953 1416 1996 exigua
1449 1954 1636 1998 quaedam,

183 2002 285 2030 erant
307 2009 428 2031 eorum
451 1998 596 2043 portio,
630 2004 667 2031 et
691 1997 838 2043 quidem
862 1997 1026 2033 tantula,
1058 2003 1099 2031 ut
1121 2003 1257 2031 metum
1283 1999 1369 2042 ipsis
1394 2011 1468 2033 non
1493 2001 1540 2033 sit
1564 2002 1628 2033 in-

183 2045 330 2084 iectura,
355 2043 419 2077 sed
442 2045 564 2089 potius
588 2046 678 2078 iram
703 2046 936 2078 concitatura.
983 2042 1189 2077 Verisimile
1214 2045 1340 2090 itaque
1365 2057 1441 2079 non
1466 2052 1541 2088 est,
1565 2058 1625 2080 eos

184 2092 463 2135 conquietums,
501 2102 620 2137 neque
645 2091 901 2125 contumeliam
925 2090 1035 2123 tacite
1062 2091 1101 2124 in
1135 2095 1281 2134 pectore
1305 2102 1508 2134 messuros,
1562 2093 1626 2126 sed

184 2138 356 2170 maiorem
381 2139 580 2177 exereitum
607 2139 646 2171 in
670 2150 736 2172 nos
765 2137 956 2177 ducturos,
994 2137 1169 2183 brevique
1197 2137 1334 2171 bellum
1359 2138 1619 2185 redintegratu-

186 2195 255 2216 ros.
301 2184 372 2217 Vos
395 2185 518 2230 itaque
544 2196 661 2225 nunc,
697 2185 839 2218 abiecta
863 2184 893 2215 si
917 2183 1038 2227 placet
1062 2183 1221 2228 ignavia,
1249 2185 1448 2219 instaurate
1472 2192 1626 2220 vestram

186 2231 225 2262 in
248 2229 420 2264 adeundis
444 2231 615 2276 periculis
640 2231 782 2264 bellicis
813 2229 1052 2269 alacritatem,
1089 2241 1131 2263 eo
1164 2242 1271 2275 quam
1299 2237 1403 2265 antea
1436 2234 1624 2273 maiorem,

186 2287 259 2320 quo
286 2277 420 2311 maiora
452 2279 657 2322 praeteritis
691 2278 811 2311 futura
842 2281 927 2309 sunt
951 2276 1200 2319 exspectanda.
1257 2278 1311 2310 Ita
1338 2279 1435 2312 enim
1458 2291 1626 2323 perseve-

185 2322 347 2355 rantibus
370 2323 494 2365 vobis,
532 2326 562 2358 si
588 2324 735 2370 quidem
774 2334 879 2370 quam
912 2323 1084 2356 citissime
1122 2323 1352 2365 advenerint,
1392 2332 1625 2371 praeparatos

186 2380 246 2401 vos
274 2368 456 2415 offendent
478 2371 649 2416 nullaque
672 2382 772 2404 mora
804 2370 1020 2414 indigentes.
1078 2369 1118 2402 Si
1157 2381 1240 2403 vero
1276 2372 1423 2405 omnino
1460 2374 1626 2406 tardave-

185 2416 260 2449 rint
283 2414 490 2461 (utrumque
516 2418 612 2450 enim
635 2416 830 2451 dicendum
858 2415 926 2461 est)
952 2421 1089 2450 vestrae
1114 2421 1236 2451 tamen
1268 2428 1323 2450 res
1350 2418 1389 2452 in
1413 2424 1493 2453 tuto
1521 2424 1628 2452 erunt

184 2462 399 2501 collocatae,
445 2467 483 2495 et
514 2474 619 2508 quam
649 2465 785 2508 optime
818 2463 921 2497 vobis
958 2463 1182 2497 consuluisse
1213 2464 1462 2498 videbimini.’'
1522 2466 1627 2498 Talia

185 2513 356 2542 monente
388 2507 560 2550 Nusete,
609 2511 726 2556 pudor
758 2511 965 2544 universum
1000 2510 1196 2543 exercitum
1232 2510 1382 2552 invasit,
1426 2516 1462 2544 et
1495 2512 1626 2556 prioris

184 2555 351 2588 vesaniae
377 2554 588 2599 poenitudo.
645 2556 764 2602 Atque
796 2557 835 2590 hi
867 2555 1014 2602 quidem
1043 2557 1263 2602 negligentia
1295 2557 1534 2603 vecordiaque
1558 2559 1627 2592 ab-

185 2602 281 2634 iecta
302 2599 348 2632 ad
370 2601 506 2645 patrios
530 2613 645 2636 mores
671 2604 865 2637 redierunt.

284 2648 337 2680 13.
383 2648 503 2680 Portio
525 2659 611 2681 vero
636 2650 808 2695 quaedam
833 2648 1047 2689 Gothorum,
1071 2648 1118 2681 ad
1144 2653 1281 2693 septem
1304 2649 1519 2683 bellatorum
1544 2651 1626 2684 mil-

186 2692 236 2727 lin
252 2718 261 2732 ‚
297 2694 360 2738 qui
384 2694 508 2727 multis
533 2694 571 2728 in
595 2695 682 2728 locis
708 2697 853 2730 Francis
878 2694 1013 2729 auxilio
1039 2695 1201 2735 fuerant,
1237 2706 1316 2728 cum
1341 2706 1460 2729 secum
1481 2703 1627 2743 reputa—

187 2745 266 2780 rent
290 2741 467 2780 Romanos
494 2751 570 2775 non
597 2744 867 2788 conquietur05‚
898 2741 960 2776 sed
984 2752 1058 2780 non
1085 2741 1200 2780 multo
1230 2748 1312 2788 post
1336 2743 1443 2781 etiam
1467 2743 1506 2778 in
1531 2745 1626 2790 ipsos
