1832 3152
566 95 942 147 nlsTonlARUM
980 106 1032 145 v.
1060 107 1127 150 23.
1296 106 1299 107 ’
1476 75 1590 153 329

150 207 355 264 α’λλῆλων,
380 205 454 249 καὶ
479 205 694 263 σποράδην
722 205 1025 261 ἒπινηχόμενοι,
1055 199 1178 254 ἄλλος
1205 198 1357 247 ἄλλοθι
1384 198 1590 244 ἀπεπτύε-
1600 208 1639 243 A.
1654 207 1691 242 C.
1705 198 1774 245 558

149 290 212 318 το.
240 273 278 316 οἷ
306 275 354 316 δὲ
385 269 567 325 Οὖννοι,
610 274 685 326 τῆς
712 272 874 326 βάσεως
903 270 1059 321 αὐτοὺς
1085 269 1394 324 ἐπιλειπούσης,
1433 265 1591 322 ἀθρόον
1603 257 1629 291 Ῑ·
1642 257 1723 291 13²

151 340 400 382 κατεδύοντο
428 339 473 379 ἐν
500 338 558 394 τῷ
580 335 717 391 ’βάθει
763 336 835 378 καί
871 336 1070 391 ἔθνησκον
1120 334 1331 392 ἀχρήστου
1362 333 1493 376 ποτοῦ
1520 333 1595 385 ἒμ-

149 402 418 457 πιπλάμενοι.
458 398 568 445 οὕτω
595 419 637 444 τε
666 399 844 452 ἅπαντες
872 401 1186 458 διεφθάρησαν,
1215 404 1288 444 καί
1314 397 1452 449 οὐδεὶς
1481 393 1596 446 ὅστις

124 465 292 515 ὄαῦτῶν
321 466 400 511 dvc:
430 468 505 524 τὴν
534 465 705 524 ἤπειρον
733 469 945 523 ἐπανῆκεν.

258 532 331 590 κγ’.
385 535 553 577 Αὐτίκα
598 536 644 577 δὲ
681 535 718 576 οἱ
741 534 952 587 ζΡωμαῖόι
995 532 1048 575 τοὶ
1096 530 1206 575 ὅπλα
1244 537 1330 577 τῶν
1376 538 1592 592 δυσμενῶν

149 595 403 655 ἆνελόμενοι,
432 598 565 643 ὁπόσα
592 616 636 655 γε
665 595 752 642 ἅνω
781 599 843 642 ἔτι
872 600 1042 655 ἐφέρετο
1069 598 1143 641 καὶ
1161 601 1340 654 ἐπέπλει,
1369 603 1442 645 καί
1462 605 1506 652 ἐς
1533 602 1586 645 τὰ
1601 612 1636 646 Ρ.
1651 609 1720 648 169

148 665 331 724 πρότερα
357 666 497 724 χωρία
533 666 805 723 κατάραντες,
841 665 1038 721 μεγίστης
1077 663 1230 721 ἡδονῆς
1267 667 1341 709 καί
1375 669 1594 725 θυμηδίας

149 731 317 776 ἅπαντα
358 732 539 789 ἔπλησαν
577 731 650 775 τὸν
679 729 884 788 στρατὸν,
931 730 1159 787 γεγηθότας
1197 731 1267 774 ἐπὶ
1302 739 1390 783 τοῖς
1431 737 1595 784 ξυνενε-

99 803 303 854 ιοχθεῖσι.
333 802 405 841 καί
431 794 506 842 οὖν
535 795 835 855 ἁθροισθέντες
862 793 1044 847 ἅπαντες
1081 798 1126 847 ἐς
1151 797 1282 840 ταῦτὰ
1294 833 1308 852 ,
1353 800 1598 855 ἀποχρήσα-

150 869 256 908 σθαι
283 859 410 923 ᾤοντο
448 868 604 921 χρῆναι
645 864 724 906 κᾶν
763 870 847 912 τοῖς
874 864 1023 919 ἐφεξῆς
1058 866 1116 921 τῷ
1143 866 1275 923 καιρῷ
1303 865 1375 907 καί
1405 867 1457 923 τῇ
1485 864 1597 916 τάξει

147 931 223 973 τοῦ
249 931 566 988 προτερήματος.
604 930 814 986 τοιγάρτοι
848 926 1010 984 ὀλίγαις
1036 926 1214 986 ὕστερον
1233 931 1412 988 ἡμέραις
1434 928 1486 974 εὖ
1511 933 1596 986 μά-

149 1000 204 1038 λα
242 998 615 1049 καθοπλισθέντες,
657 994 868 1052 ἐκδρομήν
907 994 1063 1051 ἀθρόον
1091 998 1138 1038 ἐκ
1165 998 1242 1038 τοῦ
1270 997 1494 1054 περιβόλου
1521 1015 1596 1041 πε-

149 1064 352 1118 ποίηνται,
381 1061 454 1103 καί
478 1060 787 1117 προσβάλλουσι
815 1062 872 1118 τῷ
902 1062 1032 1118 λοιπῷ
1059 1061 1211 1116 πλήθει
1240 1065 1324 1105 τῶν
1346 1063 1595 1120 ἐφεδρευόν-

99 1129 230 1172 ι’ὄτων
265 1127 494 1184 βαρβάρων
536 1124 776 1180 ἆνιωμένων
803 1125 867 1169 ἔτι
893 1126 964 1169 ἐπὶ
989 1128 1041 1182 τῇ
1070 1130 1269 1185 ξυμφορᾷ
1297 1130 1369 1171 καί
1391 1145 1589 1186 κατεπτη-

146 1191 299 1248 χότων.
325 1191 419 1235 τότε
451 1191 502 1249 δὴ
541 1188 616 1235 οὖν
644 1191 667 1234 ὅ
698 1191 942 1248 Γερμανὸς,
988 1189 1058 1234 ἅτε
1098 1191 1149 1248 δὴ
1173 1193 1386 1244 ’νεώτατος
1429 1191 1488 1237 ὢν
1524 1194 1598 1237 καί

150 1253 267 1300 οὔπω
295 1260 470 1309 ἐντελῶς
507 1258 584 1308 τὰς
609 1261 682 1315 τῆς
711 1258 878 1316 φύσεως
906 1260 1072 1312 ἐπέχειν
1111 1257 1245 1314 ὁρμάς
1273 1258 1347 1300 καί
1383 1260 1595 1316 ἐγκατείρ-

147 1339 236 1380 γειν
265 1324 516 1379 δυνάμενος,
560 1321 665 1367 ἀλλὰ
706 1327 831 1367 πλέον
867 1326 944 1367 τοῦ
982 1327 1229 1380 προμηθοῦς
1269 1325 1342 1368 καί
1373 1326 1595 1382 βεβηκότος

149 1391 210 1449 τῷ
249 1393 536 1447 φιλοδοξοῦντι
582 1393 658 1433 τοῦ
695 1387 844 1447 τρόπου
884 1393 956 1432 καί
989 1393 1325 1449 προθυμουμένῳ
1375 1394 1484 1449 πέρα
1521 1396 1594 1436 τοῦ
1605 1404 1631 1436 Β

94 1455 324 1512 αομετρίου
353 1455 587 1510 ἐγκείμενος
597 1491 609 1510 ,
651 1453 838 1513 ἀφειδῶς
866 1454 982 1513 ἐπῄει
1010 1462 1096 1506 τοῖς
1119 1456 1332 1510 πολεμίοις
1365 1457 1439 1499 καί
1464 1455 1595 1514 προῦ-

148 1521 376 1576 κινδύνευε,
406 1522 456 1564 οὗ
481 1525 761 1579 στρατηγικῶς
781 1521 952 1578 ἐπείγων
969 1521 1041 1564 καί
1053 1521 1305 1576 διατάττων,
1334 1522 1442 1565 ἀλλὰ
1468 1531 1647 1581 arpa-V.
1666 1532 1728 1568 118

146 1586 444 1645 τιωτικώτερον
472 1588 818 1643 συμπλεκόμενος·
872 1590 930 1646 τῷ
956 1604 1022 1631 τοι
1050 1582 1137 1645 ἄρα
1173 1587 1245 1630 καί
1270 1588 1492 1644 πλήττεται
1521 1592 1594 1643 βέ-

244 1695 271 1720 ι.
299 1683 560 1719 ἅπεπτύσσετο
596 1686 670 1721 Par.
767 1697 799 1720 2.
825 1678 966 1722 αὕτοῦς
989 1686 1043 1726 R„
1067 1683 1196 1722 αὐτοῖς
1218 1685 1315 1730 vulg.
1411 1687 1443 1719 3.
1469 1684 1591 1718 ποτοῦ

242 1732 280 1765 Β.
312 1737 349 1765 et
372 1733 483 1777 Intpr.
511 1733 656 1766 insueta
678 1734 853 1778 potione,
877 1733 1054 1779 ποταμοῦ
1082 1734 1176 1777 vulg.
1256 1744 1288 1777 9.
1314 1728 1463 1765 ἅπαντα
1487 1733 1524 1767 R.
1557 1736 1594 1764 ct

240 1779 351 1823 Intpr.
377 1778 474 1825 (CL),
499 1778 663 1816 ἅπαντες
688 1781 779 1823 vulg.
910 1791 959 1814 ιε.
985 1775 1026 1811 εὖ
1050 1778 1152 1825 μάλα
1176 1777 1256 1811 add.
1284 1789 1328 1811 ex
1353 1780 1390 1812 R.
1419 1783 1457 1812 et
1480 1779 1590 1822 Intpr.

238 1825 352 1858 armis
376 1838 486 1872 quam
514 1826 644 1872 optime
672 1825 894 1860 communiti.
995 1827 1045 1863 16.
1065 1825 1244 1872 νεώτερος
1267 1825 1342 1859 Par.
1395 1837 1446 1871 ¹7·
1475 1824 1591 1871 ἐγκα-

237 1873 411 1918 θείργειν
427 1872 527 1906 Suid.
553 1885 579 1906 s.
593 1883 624 1906 v.
650 1871 870 1918 ἀφειδήσας.
1579 1877 1581 1880 ⁴

146 1962 237 1996 aliun
258 1963 333 1996 alio
359 1961 532 1996 disiectus
562 1967 627 1995 est.
677 1960 802 1994 Hunni
831 1971 929 2002 vcro,
962 1972 1042 1995 cum
1066 1961 1163 1995 basis
1197 1960 1386 1994 naviculae
1411 1971 1472 1993 eos
1497 1959 1588 1994 defi—

146 2014 264 2051 ceret,
289 2010 479 2043 confestim
505 2009 544 2042 in
568 2008 791 2054 profundum
816 2007 972 2042 demersi
1001 2013 1102 2048 sunt,
1127 2009 1270 2041 insueta
1293 2007 1444 2052 potione
1464 2007 1590 2052 ingur-

147 2055 261 2102 gitati.
295 2054 414 2101 Atque
439 2056 491 2089 ita
514 2057 673 2089 universi
697 2055 899 2100 perierunt,
921 2067 1042 2101 neque
1069 2055 1262 2101 quisquam
1286 2054 1436 2087 omnino
1464 2065 1588 2088 eorum

147 2102 194 2136 ad
216 2100 463 2136 continentem
487 2101 606 2136 rediit.

240 2149 295 2184 23.
343 2147 493 2182 Romani
512 2159 609 2190 vero,
626 2149 785 2193 abreptis
797 2148 987 2182 confestim
999 2147 1159 2180 hostium
1179 2148 1299 2188 armis,
1319 2151 1501 2194 quotquot
1521 2146 1586 2180 ad-

145 2195 218 2239 huc
237 2196 385 2243 aequori
402 2196 626 2236 innatabant,
652 2202 689 2230 et
711 2196 756 2230 ad
779 2197 899 2241 priora
916 2196 994 2228 loca
1022 2195 1163 2235 reversi,
1191 2204 1326 2227 summa
1349 2195 1534 2238 voluptate
1551 2195 1587 2227 ct

146 2241 276 2288 gaudio
296 2244 500 2276 universum
514 2240 711 2276 exercitum
734 2243 943 2288 implerunt,
971 2242 1070 2275 felici
1083 2252 1247 2275 successu
1273 2246 1451 2275 ovantem.
1479 2240 1587 2285 Quo-

146 2289 240 2322 circa
263 2294 387 2322 omnes
411 2290 450 2323 in
473 2301 585 2322 unum
611 2290 753 2323 collecti
778 2289 955 2323 utendum
981 2300 1058 2322 csse
1083 2290 1190 2321 etiam
1216 2288 1255 2321 in
1279 2293 1461 2332 posterum
1483 2298 1586 2320 occa-

145 2337 249 2369 sione
270 2337 395 2381 reique
405 2335 498 2370 bene
519 2341 639 2381 gestae
662 2336 933 2381 opportunitate
954 2335 1161 2372 censebant,
1193 2335 1316 2368 Paucis
1327 2336 1450 2379 itaque
1462 2339 1587 2378 postea

144 2381 276 2415 diebus
307 2383 432 2415 sumtis
452 2384 557 2416 armis
571 2409 580 2424 ‚
598 2384 824 2426 eruptionem
841 2383 1032 2416 confestim
1046 2393 1064 2415 e
1077 2393 1178 2415 muro
1202 2383 1376 2423 fecerunt,
1389 2381 1587 2426 reliquam-

146 2440 218 2475 que
236 2429 469 2462 barbarorum
492 2429 766 2464 multitudinem
784 2430 1011 2470 invaserunt,
1041 2429 1180 2462 recenti
1206 2428 1324 2461 adhuc
1353 2427 1454 2460 clade
1483 2437 1587 2460 moe-

145 2481 285 2509 rentem
317 2480 427 2521 atque
456 2477 666 2520 perculsam.
722 2477 815 2509 Tum
851 2486 936 2510 vero
963 2476 1178 2517 Germanus,
1224 2480 1352 2520 utpote
1390 2472 1586 2506 admodum
1606 2471 1616 2480 ‘

145 2521 286 2556 iuvenis
301 2547 310 2563 ‚
335 2524 476 2568 quique
493 2522 653 2556 nondum
671 2523 831 2567 perfecte
855 2526 1011 2568 impetus
1036 2528 1186 2556 naturae
1206 2522 1347 2554 frenare
1380 2531 1587 2564 compesce-

145 2570 256 2614 'reque
290 2575 452 2614 poterat,
478 2568 542 2602 sed
560 2570 694 2614 gloriae
717 2569 913 2620 cupiditati
937 2569 1179 2614 audaciaeque
1211 2569 1333 2613 magis,
1361 2577 1470 2613 quam
1495 2578 1584 2612 pru-

145 2613 290 2650 dentiae
313 2617 571 2661 securitatique
599 2616 694 2649 ultra
714 2616 861 2650 modum
879 2615 1058 2654 addictus,
1084 2614 1265 2659 intrepide
1294 2613 1414 2646 hostes
1438 2613 1585 2647 adortus*

146 2666 226 2701 est,
263 2663 524 2709 conflictusque
547 2660 739 2696 discrimen
774 2663 884 2704 adiit,
915 2675 988 2698 non
1011 2663 1185 2708 praefecti
1222 2661 1258 2693 in
1290 2671 1423 2693 morem
1455 2670 1586 2706 urgens

144 2703 372 2756 incitatisque
394 2715 430 2744 et
445 2708 631 2750 mandans,
659 2708 812 2754 sedipse
825 2711 938 2745 instar
958 2706 1086 2743 militis
1108 2718 1231 2741 manus
1252 2717 1463 2751 consen-enm
1486 2705 1586 2740 unde
