1832 3152
621 161 1000 206 msTomARUM
1041 167 1091 205 v.
1120 164 1161 209 8.
1494 145 1603 220 293

151 270 196 311 ἒν
210 273 296 319 τοῖς
308 267 551 323 βασιλείοις,
569 259 882 309 ἀνεπυνθάνετο
906 267 990 308 τῶν
1006 265 1242 323 γνωριῖιιων,
1257 261 1370 317 ὅπως
1394 264 1536 316 αὖτοῖς
1552 265 1633 310 τάΑ
1646 304 1653 311 .
1667 274 1706 309 C.
1727 274 1800 320 557

149 337 227 378 τοῦ
249 335 427 388 σεισμοῦ
444 330 668 389 κατεφάνη,
692 331 766 374 καί
788 331 848 387 μή
870 349 912 374 τι
939 335 1054 390 σφοῖς
1071 332 1284 390 ὃτῳδηοῧν
1306 333 1446 392 τρόπῳ
1471 325 1727 390 διεδη-Ῑ·Ῑ·3“

150 398 317 456 λη’σατο.
343 399 428 441 τῶν
445 399 495 441 δὲ
513 396 751 454 ,,ειῗφήμει”
781 396 992 453 λεγόντων,
1028 394 1095 452 „ai
1108 402 1120 418 ’
1141 399 1256 441 τᾶν”
1284 398 1358 441 καί
1393 393 1600 454 ,,ἇ’παγε”,

148 467 223 508 καὶ
248 462 437 521 »μήποτε
465 464 670 519 γένοιτο”,
707 464 782 506 καί
811 461 918 520 πρός
939 480 985 519 γε
1015 465 1283 518 νεμεσιόντων
1316 466 1432 522 αὐτῷ
1462 465 1520 515 ὥς
1549 464 1603 521 δὴ

122 533 327 582 5τοιαῦτα
348 528 507 588 φευκτὰ
525 527 601 572 καί
615 528 797 572 (lumina
820 531 1144 588 τερατευομένῳ,
1174 526 1248 572 οὗκ
1270 527 1383 585 εἶχεν
1410 527 1447 584 δ’,
1476 547 1517 573 τι
1534 530 1608 573 καί

148 596 412 652 διανοηθείη.
450 590 548 638 οὔτε
570 596 650 652 γὰρ
677 591 870 639 ἆπιστεΐν
893 593 1032 654 ἑαυτῷ
1054 592 1139 646 οἶός
1170 612 1216 637 τε
1243 589 1295 652 ἦν
1323 598 1393 652 ἐφ’
1422 592 1484 645 οἷς
1506 594 1639 652 &nl-B

145 677 278 704 στατο
307 658 466 720 ἆρτίως
496 663 806 718 γεγενημένοις,
842 661 916 704 καί
937 661 1230 716 διαμάχεσθαι
1263 664 1482 720 κατῃδεΐτο
1516 663 1607 704 ἐπι-

146 726 255 770 πολὺ
287 727 505 779 τοσούτοις
530 724 715 786 ἀνδράσι
753 727 828 770 καί
851 724 962 770 οὕτω
993 730 1401 785 καταμεμφομένοις.

263 793 306 849 ή.
365 792 511 852 Τούτῳ
544 793 596 850 δὴ
628 789 705 837 οὖν
731 795 869 852 πολλῷ
898 794 957 852 τῷ
981 792 1088 852 λόγῳ
1116 796 1303 851 ἐχρῶντο
1332 792 1372 836 οῖ
1395 793 1472 844 τὰς
1502 795 1607 850 οἰνα-

105 858 383 913 ιοθυμιάσεις
423 861 497 902 καί
527 858 581 902 τὰ
612 857 822 915 λιγνυώδη
857 859 1079 914 πνεύματα
1115 861 1275 915 γένεσιν
1307 862 1391 903 τῶν
1425 863 1608 914 σεισμῶν

146 925 463 975 ἀποκαλοῦντες.
491 927 596 979 „nal
621 923 702 982 γὰρ
747 923 769 966 ὅ
800 924 1115 982 μηχανοποιὸς”
1147 924 1315 982 ἔφασαν
1331 925 1434 982 ,,τὴν
1470 927 1610 969 αἰτίαν

146 989 344 1045 διαγνοὺς
378 987 479 1034 ὅθεν
511 989 590 1047 τὴν
631 992 706 1047 γῆν
736 994 946 1034 κινεῖσθαι
970 991 1218 1046 συμβαίνει,
1260 992 1533 1048 παραπλήσια
1565 992 1608 1034 ἔ-

146 1058 292 1114 δρασε,
320 1058 395 1100 καί
412 1059 462 1115 τῇ
483 1058 609 1115 τέχνῃ
635 1056 713 1113 τὴν
736 1058 865 1114 φύσιν
889 1057 1235 1113 ἄπεμιμὴσατο.”
1265 1060 1339 1101 καί
1357 1057 1498 1114 ἔλεγον
1527 1065 1606 1113 μέν

147 1139 214 1176 τι,
255 1122 308 1164 οὔ
337 1124 483 1177 μέντοι
515 1139 561 1178 γε
594 1119 690 1165 ὅσον
718 1117 856 1181 ᾤοντο.
902 1124 1000 1177 ἒμοί
1028 1121 1109 1180 γὰρ
1139 1122 1190 1166 τοὶ
1230 1125 1405 1167 τοιαῦτα
1443 1123 1604 1167 πιθανοὶ

99 1191 227 1243 ιόμὲν
249 1185 358 1231 εἶναι
383 1189 503 1230 δοκεῖ
517 1187 589 1230 καί
610 1187 875 1244 κομψότερόν
905 1206 995 1239 πως
1017 1191 1299 1246 ἐξευρημένα,
1329 1185 1448 1231 οὔπω
1472 1192 1518 1232 δὲ
1541 1192 1608 1232 ἐν-

149 1256 257 1311 αργῆ
276 1252 546 1311 γνωρίσματα
578 1255 663 1296 τῶν
694 1253 753 1303 ὥς
781 1255 952 1310 ἀληθῶς
976 1257 1242 1310 γιγνομὲνων.
1290 1251 1338 1297 οὗ
1359 1253 1438 1312 γὰρ
1466 1251 1530 1297 ὅτι
1555 1250 1607 1297 τά

148 1319 314 1362 κυνίδια
351 1320 487 1362 ταῦτα
521 1317 657 1375 δήπου
695 1319 748 1362 τὰ
777 1323 997 1363 Μελιταῖα
1039 1321 1112 1363 ἐπὶ
1145 1327 1241 1371 ταῖς
1281 1323 1448 1376 στέγαις
1487 1323 1638 1378 διέρ-(ἷ

147 1403 303 1440 ποντα,
342 1385 510 1429 ’σείουσί
528 1402 575 1428 τε
602 1381 738 1436 αὖτὰς
770 1386 844 1429 καί
864 1383 1108 1430 ἀνακινοῦσι
1121 1422 1133 1442 ,
1179 1390 1252 1430 καί
1270 1390 1408 1430 ταῦτα
1432 1389 1504 1430 ἐπὶ
1520 1392 1600 1443 βα-

148 1452 321 1506 δίσματι
351 1451 619 1511 κουφοτάτῳ,
655 1447 737 1509 ἤδη
762 1468 843 1494 που
877 1450 1022 1506 ὅμοιον
1046 1452 1216 1510 φήσειεν
1245 1448 1299 1496 ἄν
1327 1470 1392 1502 τις
1418 1450 1528 1496 εἶναι
1560 1455 1610 1495 τὸ

96 1520 320 1575 2οχρῆμα,
372 1520 446 1560 καί
475 1519 609 1577 τούτῳ
656 1519 846 1575 καθάπερ
890 1519 1021 1576 ἱκανῷ
1071 1518 1384 1576 παραδείγματι
1421 1521 1605 1576 χρέοιτο.

150 1580 244 1626 ἀλλ’
270 1585 406 1626 ἐκεῖνα
434 1586 514 1637 μὲν
544 1584 717 1639 παίγνια
748 1586 822 1640 τῆς
846 1587 1177 1640 μηχανοποιΐας,
1214 1585 1265 1627 οὔ
1292 1586 1438 1642 φαῦλα
1462 1586 1607 1638 μέντοι

151 1647 252 1692 οῦδὲ
272 1651 432 1706 ἀτερπῆ
463 1652 680 1704 νομιστέον
689 1685 702 1704 ,
743 1654 828 1694 τῶν
853 1653 899 1693 δὲ
926 1653 1000 1707 τῆς
1026 1648 1129 1707 ὕλης
1154 1651 1473 1708 ἁμαρτημάτων
1501 1645 1606 1693 ἄλλα

149 1709 270 1770 ἄττα,
290 1715 426 1773 (εἴπερ
449 1713 533 1773 ἄρα
560 1717 635 1759 καί
656 1717 752 1774 δεῇ)
777 1718 968 1773 ζητητέον
993 1715 1044 1759 τὰ
1072 1716 1198 1760 αἴτια.
1236 1718 1328 1759 ἐπεὶ
1353 1713 1453 1760 οὐδὲ
1481 1720 1607 1759 τοῦτο

242 1806 275 1828 2.
300 1791 566 1835 διεδηλήσαντο
592 1795 634 1831 R.
731 1793 764 1830 3.
790 1788 819 1825 ὦ
842 1803 912 1826 ταν
936 1793 974 1826 R.
1070 1794 1106 1831 6.
1131 1793 1270 1839 ἐφοίκη
1296 1793 1335 1827 R.
1361 1803 1426 1837 pro
1452 1791 1514 1838 ἐφ’
1538 1786 1606 1829 οἷς.

241 1841 422 1875 ἐπίστατο
450 1839 531 1873 edd.
637 1851 670 1885 7.
695 1837 836 1883 εἷρτίως
860 1841 924 1873 καὶ
947 1848 1030 1885 γεγ.
1057 1840 1099 1878 R.
1249 1842 1300 1874 16.
1329 1840 1379 1877 ὥς
1402 1841 1468 1873 ins.
1496 1850 1540 1873 ex
1563 1841 1602 1873 R.

243 1900 300 1923 20.
328 1890 481 1932 χρεοῖτο
507 1888 545 1920 R.
640 1889 695 1922 23.
722 1885 785 1919 δεῖ
805 1888 869 1920 καὶ
894 1887 936 1922 Β.

151 1946 267 1980 visum
290 1949 404 1986 esset,
438 1948 475 1978 et
498 1955 585 1977 num
616 1945 740 1990 aliquo
766 1955 827 1978 eos
852 1943 982 1977 damno
1008 1942 1216 1978 affecisset?
1253 1943 1348 1977 Tum
1375 1944 1449 1978 illis
1484 1944 1604 1986 „bona
1644 1957 1647 1961 ·

151 1991 286 2033 verba,
311 2004 332 2026 o
355 1992 490 2025 amice''
519 1996 556 2024 et
585 1993 743 2036 „apage”
780 1996 817 2025 et
846 1990 988 2032 „absit”
1011 1990 1232 2031 dicentibus,
1262 1996 1298 2023 ct
1311 1996 1499 2034 praeterea
1521 2002 1605 2024 suc-

152 2037 384 2073 censentibus
406 2039 491 2083 ipsi,
521 2037 612 2071 adeo
641 2038 768 2072 odiosa
799 2038 1035 2084 infaustaque
1059 2037 1266 2083 prodigiose
1301 2039 1478 2078 narranti,
1513 2039 1604 2083 quid

151 2086 328 2131 cogitaret
347 2084 550 2130 ignorabat.
598 2085 726 2131 Neque
749 2085 844 2118 enim
867 2085 940 2117 sibi
961 2086 1040 2129 ipse
1065 2083 1174 2117 fidem
1196 2083 1366 2129 derogare
1387 2089 1530 2129 poterat
1556 2084 1601 2118 de

153 2133 212 2173 iis,
241 2142 334 2176 quae
366 2137 527 2165 recenter
559 2131 732 2165 accidisse
765 2131 926 2172 sciebat,
962 2138 1000 2165 et
1031 2131 1197 2176 pudebat
1219 2130 1389 2165 adversus
1425 2136 1482 2165 tot
1504 2131 1601 2167 viros

154 2178 293 2213 diutius
319 2177 539 2212 contendere
557 2203 569 2219 ,
605 2184 643 2212 et
661 2177 807 2224 quidem
824 2179 875 2211 ita
894 2179 1016 2223 ipsum
1035 2178 1252 2211 incusantes.

248 2226 280 2259 8.
329 2225 406 2260 Hac
423 2226 549 2270 itaque
568 2225 643 2258 fere
662 2226 802 2259 ratione
829 2225 1041 2266 utebantur,
1062 2225 1125 2270 qui
1144 2230 1262 2258 terrae
1284 2229 1404 2258 motus
1425 2225 1471 2258 ab
1489 2223 1603 2258 exha—

151 2270 354 2306 lationibus
379 2272 603 2317 famosisque
620 2271 808 2317 spiritibus
829 2273 926 2318 gigni
943 2277 1102 2306 censent.
1131 2271 1247 2312 „Nam
1268 2271 1332 2304 ille
1357 2271 1602 2305 machinarum

155 2317 388 2359 fabricator’',
405 2318 639 2364 inquiebant,
661 2319 828 2364 „cognita
838 2331 965 2361 causa,
995 2319 1093 2354 unde
1115 2324 1231 2352 terrae
1250 2325 1368 2351 motus
1394 2319 1491 2363 gigni
1515 2331 1602 2352 con—

152 2365 272 2410 tingit,
298 2365 430 2399 similia
447 2366 579 2406 effecit,
606 2370 643 2399 et
666 2372 742 2399 arte
769 2371 935 2401 naturam
960 2371 1014 2400 est
1040 2365 1246 2406 imitatus''‚
1265 2370 1302 2398 et
1327 2365 1499 2398 dixerunt
1519 2366 1602 2410 qui-

155 2412 239 2448 dem
263 2410 424 2458 aliquid,
448 2423 523 2446 non
541 2417 682 2445 tantum
705 2417 828 2446 tamen
848 2425 888 2446 ac
913 2418 1093 2459 putarant.
1141 2411 1235 2446 Mihi
1271 2413 1370 2447 enim
1395 2412 1486 2444 haec
1511 2413 1601 2444 talia

153 2459 332 2504 elegantia
347 2457 496 2505 quidem
516 2470 594 2492 esse
611 2459 803 2500 videntur,
836 2461 925 2494 scite
955 2472 1002 2494 ue
1026 2460 1239 2501 adinventa,
1264 2469 1494 2504 nequaquam
1513 2469 1600 2492 vero

152 2505 340 2541 evidentes
363 2516 499 2545 eorum,
522 2517 614 2550 quae
631 2517 715 2539 vere
737 2507 840 2548 fiunt,
871 2473 1120 2552 procimtiones.
1144 2506 1272 2551 Neque
1303 2507 1399 2538 enim
1427 2505 1511 2549 quia
1540 2515 1601 2542 ca:-

153 2553 235 2588 teni
254 2554 317 2586 isti
335 2552 544 2585 Melitenses
564 2563 629 2597 per
645 2553 774 2586 solaria
793 2554 1005 2588 incedentes
1025 2565 1067 2587 ea
1089 2559 1126 2587 et
1142 2554 1280 2598 agitant
1307 2557 1342 2585 et
1363 2555 1600 2591 commovent,

153 2604 193 2633 et
214 2599 359 2645 quidcm
389 2599 572 2632 levissimo
601 2599 764 2640 incessu,
792 2601 946 2634 similem
975 2601 1052 2634 sere
1081 2600 1213 2645 aliquis
1250 2610 1323 2632 rem
1351 2609 1426 2631 esse
1454 2597 1601 2638 dixerit,

152 2651 264 2692 atque
280 2645 351 2679 hoc
379 2645 493 2678 veluti
517 2645 652 2679 idoneo
674 2645 890 2680 documento
915 2653 1048 2681 utetur.
1105 2647 1278 2682 Ceterum
1311 2645 1470 2677 ludici-ae
1515 2644 1598 2676 illae

153 2691 440 2728 machinationes
462 2703 690 2738 nequaquam
709 2692 948 2738 despicabiles
971 2699 1032 2728 aut
1046 2694 1268 2738 inelegantes
1281 2696 1364 2723 sunt
1386 2690 1600 2730 censendae,

158 2739 364 2777 defectuum
378 2751 462 2772 vcro
477 2745 604 2774 terrac.
628 2739 721 2771 aliae
741 2740 930 2784 quaedam,
951 2742 1003 2785 (si
1018 2741 1124 2773 modo
1141 2740 1248 2772 ctiam
1268 2738 1467 2776 convenit)
1485 2748 1599 2782 quaer

156 2784 288 2825 rendae
318 2791 398 2820 sunt
427 2797 561 2819 causae.
613 2786 798 2832 Siquidem
839 2799 957 2832 neque
998 2787 1065 2820 hoc
1094 2784 1444 2821 solmnAnt11m1h1>
1468 2797 1503 2819 ,n
1536 2786 1599 2819 Ze-
