1832 3152
282 139 383 192 262
858 159 1126 204 AGATfflAE

102 268 136 299 Α,
154 267 188 298 C.
211 258 557 311 Ξῆδπροελθοῦσαν
581 259 652 297 τοῦ
674 259 816 309 τόκου,
853 258 1036 302 ἐκέλευόν
1054 278 1099 302 τε
1131 257 1281 311 αὗτούς
1307 263 1370 302 ἐπ’
1390 256 1506 318 ἀὐτῇ
1536 260 1678 321 πρώτῃ

131 316 154 342 ¹·
174 313 198 343 ¹²
217 315 259 345 3⁰
269 319 561 372 μαντεύεσθαι,
584 318 682 375 ἅπερ
702 315 826 376 ᾤοντο
852 325 1152 379 ξυνενεχθῆναι.
1181 323 1287 367 οὕτω
1300 324 1376 381 γὰρ
1399 323 1552 380 ὄλίγαις
1563 323 1678 368 ’ὕστε-

239 390 349 438 (ἶρον
374 384 548 438 ἡμέραις
563 386 793 437 γνώσεσθαι
817 385 980 439 ἡγοῦντο
1006 387 1081 442 τῆν
1105 389 1331 446 πρόρρησιν
1353 392 1395 451 ξς
1419 387 1453 442 ὅ,
1478 407 1518 431 τι
1539 389 1684 446 χωρὴε

278 464 352 499 σει,
395 448 524 504 ταύτῃ
562 464 603 489 τε
639 449 811 499 εἰκάζειν
850 454 1140 505 παραπλησίως
1169 453 1414 508 ἐκβήσεσθαι
1445 453 1517 495 καί
1543 454 1677 495 ὄπόσα

276 512 419 565 σφίσιν
440 511 508 551 ε’πί
524 514 573 566 τῇ
596 512 800 568 ἀνθρώπῳ
819 517 1147 569 προαγορευθείη.
1177 514 1204 556 ἃ
1232 518 1308 568 μὲν
1339 513 1411 558 οὖν
1444 517 1583 564 αὐτοῖς
1607 518 1700 561 &nis

275 576 324 630 τῇ
355 577 463 631 ἵππῳ
483 576 780 628 μεμάντευται,
809 578 882 618 οὐκ
906 575 989 630 ἐγω
1017 581 1160 633 σαφῶς
1186 580 1492 636 ιῖποφήνασθαι·
1520 575 1567 622 οὗ
1598 580 1676 635 γάρ

274 654 346 691 μοι
368 637 413 679 τὸ
442 639 606 694 οἷκριβὲς
635 642 778 681 τούτου
814 657 859 694 γε
896 643 990 696 πέρι
1019 641 1275 696 ἀπήγγελται·
1307 642 1409 697 πλὴν
1448 645 1537 686 ἀλλ’
1573 642 1680 685 οὕτω

274 705 424 744 ἕκαστα
448 699 618 758 προῦβη,
648 700 756 752 ὅπως
783 705 948 754 ἐκείνοις
971 703 1187 759 ἐτύγχανεν
1214 707 1416 762 εἰρημένα.
1444 706 1603 762 γνόντες
1635 708 1681 749 δὲ

274 767 436 808 ἐνθένδε
466 766 503 806 οἱ
526 762 650 819 ἄλλοι,
680 768 735 816 ὦς
767 763 869 821 ἄγαν
895 775 980 818 τοῖς
1006 768 1150 823 μα’γοις
1166 772 1405 826 διηκρίβωτο
1443 769 1495 812 τὰ
1522 773 1592 826 τῆς
1615 773 1682 812 τέ-

273 847 385 885 χνης,
413 827 667 886 προῧτρεπον
681 831 752 872 καί
767 832 836 874 ε’πί
852 835 906 889 τῷ
917 835 1080 890 γυναίῳ,
1106 831 1206 875 ἅττα
1223 833 1392 876 ἔσεσθαι
1411 840 1556 888 γνοῖεν,
1576 835 1732 886 διεξ-ιο

275 897 378 936 ιέναι
393 925 404 936 .
442 898 524 936 τῶν
549 897 593 936 δὲ
627 895 843 951 φησάντων
867 894 1017 953 ἄρρενα
1047 900 1175 939 παῖδα
1195 901 1492 953 τεχθήσεσθαι,
1525 900 1600 941 οὔκ
1620 888 1683 941 ἔτι

228 960 519 1013 Βὲμέλλησαν,
552 958 654 1001 ἀλλὰ
692 962 742 1016 τῇ
761 961 908 1017 γαστρί
940 964 1171 1018 περιθέντες
1199 961 1273 1017 τήν
1303 964 1485 1019 κίδαριν,
1523 960 1686 1005 ἀνεῖπον

273 1025 446 1076 βασιλέα
483 1024 528 1065 τὸ
555 1023 745 1079 ἔμβρυον·
772 1024 944 1078 ὄνόματί
972 1042 1017 1067 τε
1050 1027 1269 1083 ἀπέκριναν
1302 1026 1348 1068 τὸ
1377 1023 1471 1083 ἄρτι
1503 1029 1684 1070 ἐκτνπω-

272 1088 347 1129 θὲν
374 1087 445 1128 καί
467 1089 810 1141 διωργανωμένον,
839 1090 880 1137 ἐς
902 1086 1006 1142 ὅσον,
1046 1087 1171 1143 οἶμαι,
1201 1090 1376 1148 διᾴττειν
1405 1090 1520 1134 ἔνδον
1547 1092 1682 1147 ἠρέμα

275 1150 347 1192 καί
362 1151 684 1193 ὗποπάλλεσθαι.
713 1149 819 1193 οὕτω
850 1155 894 1193 δὲ
926 1152 971 1193 τὸ
1010 1154 1165 1209 ἀφανὲς
1197 1156 1244 1211 τῇ
1280 1154 1404 1210 φύσει
1438 1155 1510 1196 καὶ
1533 1151 1733 1211 ἅδηλονιό

274 1217 317 1262 ἒς
335 1213 383 1255 τὸ
408 1215 577 1268 βέβαιόν
601 1231 645 1257 τε
666 1218 736 1257 καί
753 1213 1108 1272 ἇνωμολογημένον
1127 1220 1178 1273 τῇ
1200 1218 1359 1272 δοκήσει
1371 1217 1681 1272 μεταλαβόντες,

273 1276 390 1331 ὅμως
417 1276 465 1319 οὗ
493 1278 716 1335 διήμαρτον
749 1282 821 1334 τῆς
844 1281 1027 1334 ἐλπίδος,
1067 1278 1168 1323 ἆλλὰ
1195 1284 1266 1323 καί
1299 1282 1391 1324 λίαν
1425 1282 1575 1336 ἔτυχον
1602 1287 1681 1324 τοῦ

275 1344 440 1395 σκοποῦ,
463 1346 594 1398 πολλῷ
618 1346 738 1386 πλέον
761 1346 842 1386 ταῖν
863 1346 1128 1399 δοκηθέντων.
1157 1346 1334 1388 τίκτεται
1354 1345 1432 1402 γὰρ
1458 1347 1532 1388 οὕκ
1543 1347 1587 1396 ἐς
1599 1363 1683 1400 μα-

274 1405 375 1461 κράν
403 1405 423 1446 ὃ
445 1406 642 1461 Σαβώρης
662 1407 739 1449 miv
763 1411 813 1464 τῇ
838 1409 1045 1466 βασιλείᾳ,
1071 1410 1247 1461 έννεάζει
1274 1426 1318 1451 τε
1343 1407 1444 1466 αὐτῇ
1471 1410 1543 1452 καὶ
1567 1413 1683 1466 ἐγγη-

273 1471 426 1525 ράσκει,
454 1473 511 1519 εἰς
527 1469 802 1525 ἐβδομήκοντα
828 1473 941 1528 αὐτῷ
960 1472 1029 1526 ἔτη
1054 1474 1339 1523 διανυσθέντος
1360 1476 1435 1515 τοῦ
1455 1473 1562 1527 βίου.
1577 1474 1734 1518 naftho

276 1536 321 1574 δὲ
351 1534 422 1575 τὸν
454 1534 647 1590 τέταρτόν
680 1553 723 1576 τε
749 1536 820 1577 καί
845 1535 1022 1578 εἰκοστὸν
1059 1538 1130 1591 τῆς
1161 1540 1282 1579 τοῦδε
1321 1539 1454 1592 οἶρχῆς
1498 1538 1684 1581 ἐνιαυτὸν

277 1597 442 1652 Νίσιβις
467 1597 492 1654 ἦ
513 1597 624 1649 πόλις
647 1599 731 1640 ὑπὸ
758 1603 930 1656 Πέρσας
955 1603 1188 1656 γεγένηται,
1215 1602 1436 1655 Ῥωμαίων
1459 1605 1536 1655 μὲν
1555 1603 1684 1644 πάλαι

367 1706 398 1737 9.
413 1691 626 1735 διηκρίβωτο
652 1694 702 1733 R„
727 1691 960 1737 διηκρίβωται
985 1692 1076 1737 vulg.
1128 1705 1176 1726 ιο.
1199 1693 1452 1738 προῦπεμπον
1475 1695 1512 1727 Β.
1523 1700 1560 1728 et
1572 1696 1680 1739 Intpr.

365 1741 636 1782 praemiserunt.
679 1766 682 1771 .
777 1750 829 1783 ¹9·
854 1738 1026 1782 Σαβώρης
1050 1739 1085 1770 Β.
1114 1738 1149 1771 h.
1173 1739 1196 1771 l.
1219 1745 1254 1772 ct
1277 1740 1380 1780 infra,
1403 1739 1569 1785 Σαβόρης
1591 1741 1680 1785 vulg.

369 1789 405 1816 et
428 1785 535 1828 Intpr.
562 1785 726 1817 Sabores.
822 1795 874 1817 20.
903 1784 960 1824 ἔτι]
985 1795 1052 1817 om.
1081 1785 1116 1818 R.

277 1870 452 1911 runtque,
475 1870 516 1898 ut
538 1866 630 1910 magi
655 1865 697 1897 de
723 1864 788 1897 hac
811 1866 907 1910 prius
933 1864 1220 1906 vaticinarentur‚
1246 1866 1342 1911 quod
1363 1867 1520 1900 futurum
1555 1878 1679 1900 cense-

277 1912 382 1946 bant.
428 1913 481 1944 Ita
510 1912 602 1944 enim
629 1911 748 1954 paucis
779 1917 860 1955 post
893 1910 1019 1943 diebus
1053 1913 1252 1955 cognituros
1288 1922 1324 1944 se
1360 1912 1571 1953 credebant,
1607 1924 1678 1957 quo

278 1958 420 1989 illorum
446 1957 617 1989 divinatio
641 1956 826 1997 evaderet,
852 1962 956 2002 atque
980 1955 1064 1988 hinc
1087 1957 1307 1996 collecturos,
1332 1958 1483 1991 similem
1517 1964 1681 1991 eventum

277 2002 443 2034 habitura
467 2004 573 2035 etiam
591 2013 680 2046 quae
708 2002 751 2034 dc
764 2002 906 2034 homine
937 2001 1231 2044 praedicerentur.
1281 2002 1378 2046 Quid
1392 2008 1510 2036 autem
1525 2003 1569 2036 de
1589 2014 1679 2048 equa

279 2047 472 2080 divinar-int
492 2072 501 2088 ‚
532 2048 624 2080 nihil
648 2047 784 2092 liquido
819 2049 950 2091 possim
979 2047 1150 2079 affirmare
1168 2073 1177 2088 ,
1202 2058 1317 2092 neque
1347 2050 1440 2080 enim
1474 2049 1563 2081 mihi
1592 2050 1678 2082 certi

280 2094 468 2138 quicquam
492 2104 532 2125 ea
564 2093 607 2125 de
630 2103 666 2125 re
692 2098 745 2125 est
766 2095 1028 2134 renuntiatum3
1054 2098 1208 2125 ceterum
1242 2094 1291 2125 ita
1316 2093 1451 2138 singula
1476 2100 1678 2134 evenerunt,

278 2143 319 2170 ut
352 2139 406 2170 illi
441 2138 697 2181 praedixerant.
743 2138 831 2171 Cum
871 2140 990 2185 itaque
1029 2148 1071 2170 ex
1094 2149 1134 2170 ea
1159 2149 1195 2170 re
1223 2139 1332 2171 ceteri
1375 2140 1527 2180 scirent,
1560 2150 1677 2184 magos

278 2183 496 2218 vaticinandi
537 2190 646 2216 artem
672 2185 806 2228 optime
841 2185 985 2224 callere,
1016 2189 1249 2227 provocarunt
1277 2190 1510 2229 rogaruntque
1540 2195 1610 2226 eos,
1640 2189 1681 2216 ut

281 2229 387 2260 ctiam
418 2229 460 2260 de
491 2231 658 2268 muliere,
682 2240 772 2275 quae
802 2230 919 2262 futura
942 2234 1109 2269 nossent,
1136 2230 1362 2273 explicarent.
1410 2230 1482 2275 Qui
1519 2241 1597 2263 cum
1621 2241 1679 2263 re-

281 2273 506 2317 sponderent,
527 2276 715 2307 masculam
745 2275 880 2318 prolem
917 2274 1107 2318 parituram
1127 2299 1136 2314 ,
1167 2274 1259 2307 nihil
1285 2274 1376 2308 ultra
1411 2277 1538 2308 morati
1573 2281 1679 2315 sunt,

282 2319 343 2352 sed
368 2319 478 2352 cidari
506 2325 605 2352 utero
634 2321 818 2362 imposita,
842 2320 1020 2363 embryum
1049 2331 1163 2364 regem
1187 2322 1484 2364 pronuntiarunt,
1517 2322 1679 2354 nomine-

281 2375 351 2408 que
376 2365 610 2410 insignierunt
634 2366 769 2398 foetum
797 2371 955 2398 recenter
988 2367 1204 2398 efformatum
1238 2372 1343 2410 atque
1375 2366 1424 2398 ita
1457 2366 1646 2399 animatum
1666 2390 1676 2405 ‚

282 2410 442 2450 arbitror,
471 2416 511 2443 ut
543 2411 638 2442 intus
675 2411 857 2454 paululum
886 2416 1085 2443 moveretur
1109 2415 1144 2443 et
1178 2411 1442 2455 subpalpitaret.
1499 2412 1551 2443 Ita
1583 2421 1677 2450 vero,

283 2455 379 2499 quod
417 2461 539 2489 natura
568 2455 751 2488 obscurum
789 2456 1031 2500 incertumque
1061 2461 1147 2496 erat,
1184 2468 1246 2500 pro
1279 2462 1371 2490 certo
1404 2455 1676 2501 indubitatoque

283 2501 451 2544 opinione
475 2502 803 2546 exspectationeque
833 2501 1160 2546 apprehendentes,
1189 2513 1260 2534 non
1278 2502 1436 2535 frustrati
1459 2506 1541 2534 su‘nt
1559 2507 1678 2534 tamen

283 2557 345 2578 sua
377 2557 458 2590 spe,
489 2546 549 2580 sed
572 2553 607 2580 et
636 2548 795 2590 amplius,
826 2558 929 2591 quam
964 2547 1099 2590 opinati
1125 2552 1241 2587 eraut,
1263 2553 1344 2580 sunt
1369 2547 1558 2580 consecuti.
1605 2546 1676 2579 Na-

283 2593 392 2624 scitur
415 2593 508 2624 enim
537 2604 610 2625 non
633 2593 743 2625 multo
770 2599 850 2635 post
876 2591 1023 2624 Sabores
1053 2603 1131 2624 cum
1162 2603 1290 2637 regno,
1317 2593 1425 2638 inque
1457 2603 1498 2624 eo
1532 2597 1568 2624 et
1590 2591 1677 2624 ado-

282 2636 385 2669 lescit
407 2642 443 2670 et
465 2638 638 2678 senescit,
662 2637 832 2681 perducta
856 2637 900 2670 ad
924 2648 1034 2670 annos
1057 2649 1169 2682 usque
1193 2639 1412 2682 septuaginta
1430 2637 1513 2669 vita.
1561 2637 1677 2682 Quat·

287 2686 321 2714 ω
346 2687 462 2718 autem
482 2688 517 2716 et
536 2684 700 2728 vigesimo
732 2683 831 2728 regni
855 2683 910 2717 sui
935 2693 1048 2723 anno,
1074 2682 1207 2717 Nisibis
1231 2683 1314 2716 urbs
1341 2684 1380 2718 in
1401 2682 1580 2726 Persarum
1608 2692 1676 2726 po·-
