1794 3112
232 134 249 168 1
266 136 291 167 2
302 136 328 168 2
783 131 1053 173 AGATHIAE

35 237 74 270 A.
92 238 128 271 C.
146 240 214 282 554
228 247 308 272 των
333 230 413 271 α’πὸ
442 226 650 285 ’Ἀρσάκου
680 230 755 269 τοῦ
789 232 988 286 προτέρού
1021 233 1063 280 ἐς
1080 228 1335 287 Ἀρτάβανον
1353 230 1422 273 τὸν
1454 229 1627 285 ἔσχατον

63 285 88 315 ¹·
115 286 142 316 1·
167 287 211 318 ²8
221 295 419 348 βασιλέα,
459 294 576 347 ἡνίκα
608 293 659 334 τὰ
683 294 908 345 Ῥωμαάον
937 294 1154 349 πράγματα
1187 295 1270 338 ‘zinci
1294 293 1550 352 Ἀλεξάνδρῳ
1565 297 1628 351 ’τῷ
1670 307 1673 310 '

223 357 431 408 ῙΙἸαμαίας
454 359 574 398 παιδί
597 354 830 409 ἐτετάχατο,
858 360 947 398 κατ’
965 360 1090 400 ἐκεῖνο
1115 361 1164 413 δι’]
1181 362 1256 400 τοῦ
1279 361 1426 415 καιροῦ
1439 358 1486 401 τὸ
1504 362 1630 401 ,Χοσ-

181 421 324 474 Βρόου
349 423 423 461 τοῦ
448 425 545 462 καθ’
563 419 671 475 ἡμᾶς
695 421 927 473 βασιλεύειν
951 417 1100 475 ἤρξατο
1125 425 1259 476 γένος,
1299 419 1326 477 ἥ
1347 439 1392 464 τε
1414 425 1537 477 μέχρι
1559 421 1633 464 καὶ

224 486 298 526 νῦν
318 484 429 540 παρὰ
458 487 647 540 Πέρσαις
677 487 903 537 κατέχουσα
935 486 1117 526 πολιτεία
1141 489 1185 528 ἐν
1215 489 1271 542 τῷ
1295 486 1383 528 τότε
1412 484 1544 543 ἀρχὴν
1571 485 1677 528 ⁸225·

222 552 327 602 ληφε
351 550 422 590 καί
445 546 530 590 οἷον
557 547 801 590 κατάστασιν
830 549 1006 604 πρώτην.
1039 545 1292 604 Ἀρταξάρης
1311 551 1387 605 γάρ
1407 566 1468 599 τις
1491 547 1631 591 τοῦνο-

223 628 296 663 μα,
322 615 491 668 Πέρσης
511 611 626 667 α’νὴρ,
655 607 796 662 ἄδοξος
812 613 888 664 μὲν
910 611 962 653 τοὶ
983 615 1126 668 πρῶτα
1149 610 1534 668 καίἆφανέστατος,
1557 609 1647 654 ἅλω

223 680 304 737 λῳς
323 677 367 717 δὲ
388 674 661 731 μεγαλουργὸς
678 676 750 717 καί
775 674 1042 731 δραστήριος,
1071 675 1142 717 καί
1160 675 1290 724 δεινὸς
1306 678 1467 730 κινῆσαι
1487 668 1543 725 τοὶ,
1560 674 1634 718 κα·-

224 742 431 790 θεστῶτα,
470 741 707 792 ξυνωμότας
727 740 892 794 ἀγείρας
912 739 982 780 καί
998 742 1240 792 ἐπιθέμενος
1251 773 1264 791 ,
1287 737 1540 795 Ἀρτάβανον
1558 742 1634 792 μὲν

225 803 392 858 οἷναιρεῖ
406 802 476 844 τὸν
498 805 695 856 βασιλέα,
721 803 857 860 ἑαυτῷ
881 805 927 845 δὲ
949 806 1133 858 περιθείς
1158 802 1233 857 τήν
1254 804 1434 859 κίδαριν,
1463 802 1534 844 καὶ
1560 801 1687 856 τὴνιο

227 867 448 922 Παρθικὴν
469 866 644 920 δύναμιν
666 867 913 919 καταλύσας,
943 865 1069 916 αὖθις
1089 873 1173 916 τοῖς
1186 868 1377 923 Πέρσαις
1398 865 1471 921 τήν
1489 868 1638 921 σφετέ-

226 947 304 985 ραν
328 931 575 972 ἀνενεώσατο
598 933 822 984 βασιλείαν.
867 927 917 986 ἦν
942 934 988 974 δέ
1017 948 1062 985 γε
1085 926 1201 981 οὗτος
1221 935 1272 987 τῇ
1291 933 1442 988 μαγικῇ
1466 931 1637 983 κάτοχος

70 1031 73 1035 .
128 993 438 1052 Ρ.65ἱερουργιἀ
470 995 543 1036 καί
569 990 790 1051 αὐτουργὸς
818 998 899 1038 τῶν
931 994 1185 1052 οἷπορῥήτων.
1238 996 1373 1037 ταῦτά
1399 1010 1464 1037 τοι
1491 997 1562 1036 καί
1587 992 1635 1047 τὸ

228 1057 402 1111 μαγικὸν
434 1061 565 1112 φῦλον
589 1062 778 1115 ἐγκρατὲς
810 1062 854 1110 ἐξ
882 1060 1033 1102 ἐκείνου
1066 1062 1202 1114 γε’γονε
1237 1061 1309 1100 καί
1335 1056 1566 1115 ἀγέρωχον,
1594 1052 1638 1098 ὃν

229 1124 306 1175 μὲν
330 1117 408 1176 ἤδη
440 1121 512 1164 καὶ
537 1122 756 1179 πρότερον,
794 1124 869 1166 καί
891 1125 936 1166 ἐκ
967 1127 1146 1166 παλαιοῦ
1179 1124 1298 1179 τήνδε
1325 1121 1400 1177 τήν
1430 1122 1689 1176 ἐπίκλησιννό

231 1185 454 1238 οἷποσῶζον,
484 1181 598 1228 οὔπω
626 1189 670 1228 δὲ
690 1189 732 1236 ἐς
757 1190 875 1230 τοῦτο
897 1191 1014 1243 τιμῆς
1038 1204 1082 1229 τε
1108 1187 1179 1228 καὶ
1201 1186 1434 1243 παρρησίας
1449 1187 1639 1242 ἠρμένον,

233 1250 324 1290 ἀλλ’
349 1247 487 1291 ὁποῖον
511 1250 593 1292 ὖπὸ
612 1253 694 1293 τῶν
719 1254 764 1293 ἐν
784 1254 889 1293 τέλει
910 1251 1021 1293 ἐστίν
1043 1247 1073 1307 ᾗ
1102 1254 1174 1292 καί
1201 1253 1483 1306 περιορᾶσθαι.
1519 1251 1640 1302 δῆλον

234 1315 293 1354 δέ·
329 1313 377 1354 οὗ
398 1312 475 1369 γὰρ
509 1310 559 1355 ἂν
589 1314 627 1356 οἱ
657 1316 769 1370 α’μφί
791 1319 966 1371 Δαρεῖον
987 1316 1175 1370 Πέρσαι,
1203 1316 1401 1368 Σμέρδιος
1425 1313 1551 1354 πάλαι
1571 1313 1642 1354 τοῦ

233 1375 364 1430 μάγου
382 1376 487 1429 μετα
516 1378 750 1433 Καμβύσην
771 1379 842 1420 τὸν
861 1380 1010 1435 Κύρου
1035 1379 1106 1432 τὴν
1132 1378 1343 1431 βασιλείαν
1359 1375 1644 1430 ὗποσυλήσανυ

235 1456 314 1492 τος,
328 1439 546 1496 συμφοράν
565 1445 773 1484 ἐποιοῦντο
791 1442 834 1485 τὸ
851 1445 1120 1497 γεγενημένον,
1132 1441 1203 1483 καὶ
1215 1439 1339 1484 αὖτόν
1361 1458 1407 1483 τε
1426 1439 1498 1483 τὸν
1511 1442 1694 1494 Euge-20

328 1552 360 1584 9.
386 1539 589 1586 ξυνομότας
607 1543 644 1575 R.
723 1543 771 1575 16.
798 1541 961 1587 ἠγμένον
993 1543 1029 1575 R.
1151 1553 1201 1586 ¹9·
1230 1541 1298 1573 τοῦ
1321 1538 1449 1584 Κύρου
1471 1539 1508 1571 R.

239 1618 316 1658 hri,
341 1618 491 1661 imperio
515 1619 659 1652 fuerunt
684 1621 800 1662 exuti3
835 1621 898 1665 qui
928 1619 1094 1663 deinceps
1123 1629 1164 1651 eo
1194 1619 1376 1655 universo,
1409 1615 1565 1660 Aegypto
1583 1625 1645 1647 cx-

240 1668 365 1706 cepta,
402 1669 484 1696 sunt
514 1665 641 1708 potiti3
676 1665 840 1698 Arsacide
878 1666 1020 1709 quidem
1056 1665 1207 1708 primum
1244 1662 1454 1695 defectionis
1491 1665 1647 1699 auctore,

241 1708 329 1741 adeo
349 1713 389 1740 ut
408 1709 594 1742 Arsacidae
609 1735 618 1749 ‚
653 1712 714 1754 qui
734 1722 813 1743 eum
835 1712 977 1755 sequuti
998 1715 1080 1742 sunt
1093 1734 1101 1749 ‚
1127 1708 1214 1741 dicti
1234 1708 1375 1740 fuerint.
1421 1705 1647 1738 Mithridates

240 1764 322 1786 vcro
352 1765 424 1786 non
451 1756 562 1787 multo
586 1761 668 1800 post
698 1756 743 1788 ad
768 1767 938 1788 summam
965 1755 1142 1801 quandam
1170 1755 1316 1798 gloriam
1346 1751 1550 1785 Parthorum
1580 1761 1648 1784 no-

241 1810 322 1843 me}
346 1801 474 1842 evexit.

334 1847 387 1878 26.
434 1844 544 1878 Annis
568 1850 685 1878 autem
710 1845 808 1878 Lxx.
831 1856 934 1889 supra
963 1844 1133 1877 ducentos
1165 1843 1208 1875 ab
1235 1843 1361 1875 Arsace
1378 1841 1491 1885 primo
1516 1840 1560 1873 ad
1580 1839 1646 1872 Ar·-

242 1889 414 1923 tabanum
446 1891 610 1923 ultimum
639 1901 754 1934 regem
789 1901 901 1936 usque
937 1891 1087 1934 elapsis,
1127 1899 1203 1921 cum
1233 1889 1464 1920 Romanorum
1493 1897 1546 1918 res
1581 1886 1648 1918 sub

245 1935 444 1968 Alexandro
469 1935 646 1968 Mamaeae
670 1937 744 1972 filio
774 1942 890 1969 essent
912 1937 1145 1974 constitutae,
1178 1934 1243 1966 sub
1263 1933 1301 1966 id
1321 1938 1458 1975 tempus
1483 1930 1648 1964 Chosrois

245 1982 432 2025 progenies
455 1981 550 2025 apud
572 1993 635 2014 nos
663 1992 805 2025 regnare
826 1982 962 2024 coepit3
987 1982 1236 2024 Persarumque
1256 1978 1477 2021 gubernatio,
1502 1987 1592 2020 quae
1611 1977 1651 2008 in

198 2039 201 2041 ·
247 2026 343 2058 hunc
362 2038 474 2072 usque
496 2026 590 2058 diem
607 2025 710 2059 durat
726 2051 735 2067 ,
759 2032 833 2059 turn
853 2027 1021 2070 temporis
1050 2025 1194 2058 initium
1210 2023 1346 2056 habuit.
1383 2020 1567 2067 Siquidem
1583 2021 1650 2054 Ar-

248 2076 385 2104 taxares
413 2071 556 2117 quidam
575 2072 735 2110 nomine,
758 2073 811 2104 vir
830 2073 931 2105 Persa
948 2096 957 2111 ‚
989 2071 1159 2116 inglorius
1187 2069 1331 2114 quidem
1352 2069 1504 2113 primum
1525 2072 1563 2100 et
1583 2066 1651 2099 ob-

247 2127 387 2157 scurus,
426 2117 621 2150 industrius
661 2122 780 2151 tamen
809 2118 1013 2162 magnisque
1043 2116 1147 2148 rebus
1173 2114 1334 2159 gerendis
1360 2125 1440 2158 par,
1478 2118 1651 2156 aptusque

251 2160 297 2194 ad
317 2173 407 2207 quae
436 2161 527 2194 bene
549 2164 740 2195 constituta
767 2168 850 2196 sunt
877 2162 1113 2201 movendum,
1151 2162 1414 2193 coniuratorum
1439 2169 1545 2190 mann
1577 2157 1652 2190 col·
1699 2185 1703 2189 .

248 2207 361 2247 lecta,
393 2206 606 2241 Artabanum
627 2219 742 2252 regem
763 2207 904 2241 adortus
935 2207 1140 2246 obtruncat,
1173 2211 1210 2238 et
1234 2205 1341 2238 cidari
1361 2204 1468 2248 capiti
1493 2214 1557 2236 auo
1582 2202 1652 2235 im-

250 2255 388 2297 posita,
419 2253 647 2297 Parthicaque
669 2254 830 2296 potentia
853 2253 1035 2292 subversa,
1059 2252 1170 2284 Persis
1198 2251 1314 2283 denuo
1332 2250 1520 2293 pristinum
1538 2248 1653 2291 impe—

258 2298 351 2330 rium
390 2301 620 2342 recuperavit.
686 2299 768 2331 Erat
797 2304 915 2330 autem
947 2299 976 2331 is
1006 2298 1157 2341 magicae
1188 2296 1396 2339 disciplinae
1427 2293 1585 2326 addictus
1617 2298 1655 2326 et

254 2343 390 2375 arcanis
412 2345 518 2376 sacris
551 2343 779 2387 operabatur-3
808 2344 902 2376 unde
927 2348 962 2376 et
986 2343 1118 2386 magica
1137 2353 1219 2385 gens
1247 2352 1290 2374 ex
1314 2351 1355 2373 eo
1378 2345 1537 2383 tempore
1562 2337 1652 2370 vali-

258 2387 337 2421 dior
360 2390 646 2434 arrogantiorque
669 2393 721 2421 cst
740 2390 848 2431 saeta3
882 2400 969 2433 quae
994 2388 1138 2433 quidem
1160 2388 1267 2419 etiam
1294 2390 1398 2418 antea
1421 2388 1514 2423 erat,
1548 2386 1585 2415 et
1607 2381 1652 2414 ab

256 2434 404 2478 antiquo
429 2433 518 2467 hanc
556 2434 829 2478 appellationem
860 2434 1011 2472 retinet,
1045 2433 1203 2465 nondum
1229 2438 1348 2464 tamen
1383 2441 1424 2462 eo
1448 2427 1590 2460 honoris
1617 2431 1654 2459 et

255 2479 423 2512 licentiae
447 2485 520 2512 erat
540 2485 680 2521 evecta3
706 2479 769 2512 scd
793 2480 912 2524 aliqua
936 2480 1042 2511 etiam
1064 2489 1107 2511 ex
1128 2482 1228 2521 parte
1251 2488 1270 2510 e
1290 2473 1548 2520 magistratibus
1567 2483 1653 2504 con—

255 2525 502 2564 temnebatur,
534 2525 629 2570 quod
644 2524 787 2570 quidem
803 2531 923 2568 aperte
946 2526 1069 2568 liquet.
1117 2523 1241 2567 Neque
1266 2522 1360 2554 enim
1385 2520 1448 2565 qui
1468 2517 1558 2550 circa
1579 2517 1653 2548 Da-

255 2571 350 2603 rium
366 2576 464 2604 erant
486 2571 628 2611 Persae,
658 2581 736 2603 cum
754 2570 839 2603 olim
863 2569 1016 2602 Smer-dis
1041 2569 1185 2613 quidam
1213 2578 1332 2611 magus
1354 2569 1432 2610 post
1451 2562 1654 2604 cambysem

258 2616 342 2658 Cyri
376 2617 488 2649 filium
517 2626 662 2660 regnum
692 2616 914 2659 arripuisset,
952 2615 1085 2648 bonum
1115 2614 1246 2647 factum
1268 2611 1359 2645 illud
1385 2610 1591 2660 ‹luxerunt‚·
1619 2610 1655 2639 et

258 2661 439 2696 Smerdem
466 2661 740 2703 obtruncarunt,
763 2661 962 2706 multosque
987 2659 1073 2694 alios
1097 2659 1255 2694 ciusdem
1273 2668 1350 2691 cum
1374 2666 1415 2690 eo
1439 2653 1595 2688 instituti
1615 2661 1656 2687 ae
