1832 3152
270 142 373 197 292
678 156 680 158 ·
835 135 1106 184 AGATHIAE

88 245 374 295 A-C.55703w.
423 241 605 282 ἐνταῦθα
635 239 686 293 δη
722 234 796 280 οὖν
837 242 1006 295 λέβητας
1039 243 1242 296 μεγάλους
1277 240 1427 292 ὕδατος
1453 244 1677 298 ἐμπλήσας,

127 297 152 328 Ῑ·
168 297 191 328 ¹·
207 299 244 331 ³¹
265 303 476 359 διακριδὸν
508 302 653 358 ἔστησε
679 306 888 358 πολλαχοῦ
915 307 991 346 τοῦ
1021 308 1254 360 δωματίου,
1281 304 1437 356 αὖλούς
1466 310 1511 350 δὲ
1535 310 1678 358 αὐτοῖς

263 369 417 419 ἔξωθεν
448 370 661 416 σκυτίνους
688 368 923 424 περιβαλών
936 403 949 421 ,
987 369 1098 411 κάτω
1122 374 1198 423 μὲν
1222 367 1523 426 εὖρυνομένους
1547 374 1603 421 ὥς
1627 371 1678 415 ἅ-

262 449 395 474 πασαν
420 430 495 486 την
519 432 726 488 στεφάνην
748 432 1058 487 περιβεβύσθαι·
1086 432 1177 488 ἑξῆς
1199 436 1244 476 δὲ
1269 437 1452 492 καθάπερ
1476 437 1678 492 σάλπιγγα

259 498 658 550 ὑποστελλομένους,
699 497 772 539 καί
793 499 836 546 ἐς
860 495 906 539 τὸ
930 494 1155 552 ἀναλογοῦν
1183 501 1478 554 τελευτῶντας,
1513 499 1704 556 ἒνέπηξε5

257 566 346 611 ταῖς
377 563 510 609 δοκοῖς
534 564 606 602 καί
630 567 720 609 ταῖς
743 564 883 603 σανίσι
910 561 963 602 τὰ
991 562 1272 616 ἀπολήγοντα,
1318 566 1389 605 καί
1414 566 1456 614 ἐς
1481 563 1527 607 τό
1561 565 1679 621 ἄκρι-

210 629 328 679 Ββὲς
354 624 661 681 ἐνεπερόνησεν,
708 623 763 674 ὥς
791 624 863 666 καί
890 623 961 667 τὸν
989 627 1035 668 ἐν
1063 626 1205 675 αὐτοῖς
1234 623 1533 682 ἀπειλημμένον
1573 629 1679 684 ἀέρα

257 689 408 746 (ἐφετὸν
437 691 513 743 μὲν
541 689 650 744 ἔχειν
673 689 746 744 τὴν
769 685 855 732 ἄνω
881 688 1038 746 φορὰν,
1066 689 1136 731 διὰ
1162 692 1234 745 τῆς
1256 690 1469 746 κενότητος
1505 689 1677 734 ἀνιόντα

256 754 328 796 καί
363 756 497 810 γυμνῇ
523 754 780 809 προσψαύειν
813 756 864 810 τῇ
899 754 1028 810 ὀροφῇ
1061 753 1166 796 κατὰ
1202 753 1248 796 τό
1289 761 1484 812 παρεῖκον
1521 758 1592 798 καί
1624 759 1674 813 τῇ

255 818 391 875 βύρσῃ
431 817 718 873 περιεχόμενον
729 851 742 870 ,
792 815 938 872 ἥκιστα
983 821 1028 860 δὲ
1063 821 1106 868 ἐς
1139 818 1190 860 τὰ
1229 817 1348 868 ἐκτὸς
1387 815 1574 876 διαᾷῥεῖν
1609 819 1730 862 nullo

256 883 580 938 ὑπεκφέρεσθαι.
607 885 740 924 ταῦτα
762 881 812 938 δη
836 878 910 925 οὖν
931 884 975 924 ἐκ
1002 885 1077 924 τοῦ
1103 880 1291 939 ἆφανοῦς
1310 884 1680 938 καταστησάμενος,

254 949 334 1002 πῦρ
358 948 474 1000 ἐνῆκε
492 945 676 1001 σφοδρὸν
697 945 778 987 ὑπὸ
792 946 890 995 τοὺς
913 948 995 988 τῶν
1018 947 1198 1002 λεβήτων
1213 950 1437 1000 πυθμένας,
1455 949 1528 990 καί
1545 946 1678 1004 φλόγα

255 1012 380 1064 ἐξῆψε
403 1009 594 1065 μεγάλην·
632 1007 780 1052 αὐτίκα
803 1013 850 1052 δὲ
870 1013 944 1052 τοῦ
966 1008 1117 1060 ὕδατος
1139 1013 1439 1066 διαθερομένου
1467 1011 1540 1053 καὶ
1575 1012 1679 1053 ἅνα-

254 1075 545 1127 καχλάζοντος,
569 1071 700 1127 ἆτμὸς
743 1076 895 1130 ἐπῆρτο
918 1073 1046 1122 πολύς
1078 1074 1148 1115 καί
1167 1072 1449 1130 άνερῥιπιζετο
1473 1076 1610 1129 παχύς
1633 1090 1679 1117 τε

251 1138 323 1178 καί
337 1139 664 1190 πεπυκνωμένος·
702 1135 775 1179 οὖκ
793 1138 900 1192 ἔχων
922 1141 968 1181 δὲ
989 1136 1065 1193 ὅπη
1087 1140 1329 1194 διαχυθείη,
1367 1138 1438 1180 ἐπὶ
1462 1138 1558 1188 τούς
1591 1136 1723 1184 ani-15

255 1201 355 1250 λούς
379 1199 564 1258 ἆνεῖρπε,
607 1206 678 1244 καί
708 1206 758 1260 τῇ
788 1204 999 1258 στενότητι
1026 1201 1286 1256 πιεζόμενος,
1325 1202 1554 1259 βιαιότερον
1581 1201 1676 1246 ἆνε-

134 1275 166 1308 P.
180 1276 247 1314 151
260 1269 463 1319 πέμπετο,
511 1269 587 1315 ἕως
605 1268 652 1323 τῇ
673 1269 793 1324 στέγῃ
818 1267 1081 1323 προσπταίων
1107 1269 1448 1321 ἐνδελεχέστατα,
1488 1267 1676 1323 ἐδόνησεν

254 1327 420 1371 ἅπασαν
451 1333 521 1371 καί
545 1332 766 1382 διέσεισεν,
793 1328 888 1373 ὅσον
909 1332 1157 1386 ὑποτρέμειν
1177 1329 1312 1387 ἧρέμα
1337 1331 1408 1373 καὶ
1425 1333 1676 1388 διατετριγέ-

254 1410 322 1435 ναι
354 1393 403 1435 τὰ
430 1392 546 1443 ξύλα.
590 1395 629 1435 οἱ
654 1397 700 1436 δὲ
733 1396 848 1450 άμφί
880 1394 952 1436 τὸν
976 1394 1153 1449 Ζήνωνα
1178 1394 1446 1450 ἐταράττοντο
1477 1394 1549 1436 καὶ
1571 1396 1677 1437 ἐδεί-

252 1473 424 1510 μαινον,
475 1457 547 1499 καί
571 1455 685 1514 οἷμφί
711 1458 786 1514 τὴν
813 1458 1025 1515 λεωφόρον
1058 1461 1270 1510 ἐξέπιπτον
1301 1460 1572 1513 ποτνιώμενοι
1599 1460 1724 1505 καί20

253 1522 450 1575 βοῶντες,
493 1523 565 1563 καί
599 1523 659 1579 τῷ
689 1524 810 1579 δεινῷ
837 1525 1229 1578 καταπεπληγμένοι·
1268 1525 1420 1580 φοιτῶν
1450 1539 1494 1565 τε
1522 1526 1673 1572 ἐκεῖνος

349 1611 376 1634 1.
404 1598 444 1633 δὲ
469 1595 539 1634 οὖν
562 1602 602 1638 Β.
725 1604 759 1636 6.
786 1604 863 1638 τοῖς
887 1599 1013 1638 δόκοις
1037 1603 1075 1633 R.
1189 1613 1220 1645 7.
1245 1601 1492 1647 ἐνπερόνησεν
1514 1603 1551 1634 Β.
1641 1614 1674 1646 9.

343 1656 431 1691 γυμ.
459 1670 467 1679 .
493 1670 502 1680 .
529 1671 537 1678 .
562 1647 599 1678 R.
668 1649 717 1680 13.
745 1646 1017 1693 διαθερομένου
1041 1646 1204 1691 R.Lugd.
1233 1653 1270 1681 et
1295 1648 1426 1693 ed.pr.,
1451 1648 1675 1693 διαθερμαι-

343 1691 506 1736 νομένου
531 1685 620 1731 par„
644 1692 853 1726 subsiliente
879 1693 986 1737 Intpr.
1035 1694 1079 1732 Is,
1107 1698 1214 1736 puto,
1231 1698 1367 1727 vertere
1392 1693 1463 1726 sibi
1489 1693 1675 1727 videbatur

346 1735 668 1782 διαθορουμένου,
701 1739 798 1782 quod
829 1738 974 1783 quidem
1007 1738 1114 1770 nihili
1151 1743 1214 1772 est.
1404 1741 1452 1784 14.
1477 1735 1600 1782 παχὺς
1634 1740 1672 1771 R.

346 1781 454 1826 Lugd.
480 1784 518 1814 iu
544 1782 617 1815 ord.
637 1788 673 1815 et
698 1783 751 1816 cd.
775 1795 841 1828 pr„
866 1782 980 1829 ταχὺς
1014 1795 1058 1818 ex
1081 1783 1193 1828 Lugd.
1229 1795 1297 1830 mg,
1333 1785 1424 1826 Pan,
1449 1785 1541 1819 citus
1563 1785 1671 1829 Intpr.

345 1839 398 1862 21.
423 1836 461 1860 τε
485 1829 544 1870 Β.,
568 1827 607 1862 δὲ
628 1829 720 1873 vulg.

257 1904 424 1939 coriaceis
445 1903 702 1943 circumdedit,
727 1903 891 1937 inferiori
910 1903 1055 1949 quidem
1073 1905 1126 1937 sui
1150 1908 1250 1948 parte
1272 1903 1471 1944 latioribus,
1494 1909 1536 1937 ut
1554 1908 1670 1938 totum

255 1951 413 1983 lebetum
441 1949 611 1982 ambitum
641 1950 888 1993 obstruerent3
937 1949 1068 1982 deinde
1098 1950 1210 1982 instar
1236 1950 1343 1982 tubae
1368 1950 1408 1982 In
1435 1951 1671 1994 angustiorem

258 1997 404 2028 formam
434 1994 590 2028 redactas
617 2000 654 2028 et
686 1996 726 2027 in
757 1995 887 2028 iustam
915 1995 1184 2040 proportionem
1216 1995 1418 2028 desinentes
1449 1996 1611 2028 trabibus
1635 2002 1673 2030 et

258 2042 388 2074 tabulis
412 2053 532 2073 earum
555 2041 794 2073 extremitates
814 2042 952 2082 infixit,
983 2046 1216 2086 accurateque
1245 2041 1468 2082 infibulavit,
1493 2043 1542 2074 ita
1573 2047 1614 2074 ut
1635 2046 1673 2074 et

256 2091 317 2119 aer
341 2087 383 2119 iis
403 2087 528 2119 fistulis
552 2092 755 2130 conceptus,
774 2086 889 2120 libero
916 2087 1061 2132 quidem
1082 2087 1119 2118 in
1137 2087 1248 2118 altum
1270 2087 1403 2130 impetu
1422 2087 1584 2128 serretur,
1607 2098 1673 2131 per

258 2144 375 2165 earum
395 2133 580 2165 cavitatem
597 2143 735 2164 sursum
757 2132 906 2164 tendens
922 2157 931 2172 ,
956 2138 992 2165 et
1010 2131 1055 2164 ad
1080 2131 1214 2164 nudum
1236 2132 1321 2164 tecti
1345 2133 1535 2176 fastigium,
1553 2131 1672 2178 quoad

258 2179 334 2210 eius
357 2178 433 2210 fieri
466 2182 616 2220 poterat,
649 2178 754 2210 etiam
783 2178 879 2210 corio
901 2176 1155 2210 circumdatum
1177 2178 1403 2221 pertingens,
1428 2179 1521 2210 foras
1552 2183 1670 2211 autem

258 2234 485 2268 nequaquam
511 2222 691 2255 difflueret
713 2227 775 2255 aut
803 2227 1010 2267 erumperet.
1059 2223 1121 2255 His
1146 2223 1268 2268 itaque
1295 2234 1338 2256 ex
1365 2224 1502 2256 occulto
1522 2224 1571 2256 ita
1595 2223 1672 2256 dis-

257 2269 406 2312 positis,
439 2268 595 2300 validum
624 2269 743 2312 ignem
766 2268 924 2302 lebetum
945 2267 1065 2301 fundis
1094 2268 1267 2308 subiecit,
1292 2273 1328 2301 et
1358 2269 1537 2313 ingentem
1568 2269 1668 2301 flam-

259 2325 351 2346 mam
377 2314 555 2350 excitavit.
607 2313 735 2346 Statim
756 2323 839 2347 vero
871 2315 1028 2347 fervente
1057 2318 1164 2359 atque
1188 2319 1414 2347 exaestuante
1438 2325 1540 2360 aqua,
1562 2325 1670 2358 vapor

260 2360 392 2392 multus
426 2359 597 2391 excitatus
622 2365 658 2392 et
680 2359 718 2391 in
739 2359 849 2391 altum
870 2359 1028 2392 sublatus
1049 2365 1112 2399 est,
1136 2359 1278 2404 rapidus
1299 2361 1430 2403 pariter
1458 2365 1494 2392 et
1515 2359 1668 2393 densus:

263 2416 414 2450 cumque
444 2416 518 2437 non
539 2403 707 2444 haberet,
726 2416 796 2449 qua
821 2405 1100 2445 diffunderetur,
1130 2406 1169 2438 in
1195 2405 1328 2438 fistulas
1356 2405 1580 2446 efferebatur,
1604 2415 1670 2437 an-

262 2451 446 2495 gustiaque
464 2460 624 2495 pressus,
649 2450 780 2482 maiore
800 2451 836 2483 vi
861 2461 996 2483 sursum
1010 2450 1201 2491 tendebat,
1231 2451 1345 2484 donec
1363 2452 1403 2484 in
1419 2456 1554 2484 tectum
1574 2451 1667 2483 assi-

263 2496 333 2529 duo
362 2497 496 2540 impetu
530 2496 747 2539 impingens,
770 2501 886 2528 totum
915 2507 1122 2528 concussum
1151 2502 1434 2541 commotumque
1458 2496 1547 2535 suit,
1576 2494 1665 2529 adeo

263 2547 303 2574 ut
322 2541 418 2585 tigna
437 2542 566 2574 sensim
584 2546 775 2574 tremerent
795 2546 902 2586 atque
927 2541 1125 2575 striderent.
1163 2542 1234 2586 Qui
1256 2553 1338 2575 vero
1357 2541 1488 2574 Zenoni
1507 2539 1667 2580 aderant,

261 2593 356 2620 metu
381 2598 420 2619 ac
439 2591 570 2620 terrore
598 2586 892 2630 corripiebantur,
913 2592 949 2618 et
974 2588 1011 2618 in
1026 2587 1159 2631 plateas
1183 2598 1257 2620 sese
1276 2586 1530 2632 proripiebant,
1563 2586 1669 2619 ohte-

262 2632 429 2666 stabundi
458 2638 494 2666 et
522 2632 775 2672 vociferantes,
811 2632 966 2676 malique
1000 2635 1167 2676 gravitate
1198 2633 1361 2676 perculsi.
1417 2631 1482 2664 Ille
1511 2641 1593 2665 vero
1625 2633 1667 2665 iu

263 2679 394 2724 regiam
413 2689 450 2712 se
481 2678 687 2721 conferens,
711 2682 814 2712 notos
837 2678 1091 2722 interrogabat,
1116 2678 1204 2724 quid
1231 2678 1316 2724 ipsis
1344 2677 1388 2711 de
1421 2682 1535 2712 terrae
1566 2682 1666 2712 motu
