<?xml version="1.0" encoding="UTF-8"?>
<!DOCTYPE html PUBLIC "-//W3C//DTD XHTML 1.0 Transitional//EN"
    "http://www.w3.org/TR/xhtml1/DTD/xhtml1-transitional.dtd">
<html xmlns="http://www.w3.org/1999/xhtml" xml:lang="en" lang="en">
 <head>
  <title>
</title>
<meta http-equiv="Content-Type" content="text/html;charset=utf-8" />
  <meta name='ocr-system' content='tesseract 3.04.00' />
  <meta name='ocr-capabilities' content='ocr_page ocr_carea ocr_par ocr_line ocrx_word'/>
</head>
<body>
  <div class='ocr_page' id='page_1' title='image "./corpusscriptorum01niebuoft_0079.png"; bbox 0 0 1794 3112; ppageno 0'>
   <div class='ocr_carea' id='block_1_1' title="bbox 543 132 1565 199">
    <p class='ocr_par' dir='ltr' id='par_1_1' title="bbox 543 132 1565 199">
     <span class='ocr_line' id='line_1_1' title="bbox 543 132 1565 199; baseline -0.003 -6"><span class='ocrx_word' id='word_1_1' title='bbox 543 150 918 199; x_wconf 77' lang='lat' dir='ltr'><strong>HlsTomARUM</strong></span> <span class='ocrx_word' id='word_1_2' title='bbox 971 155 1003 194; x_wconf 84' lang='lat'><strong><em>1.</em></strong></span> <span class='ocrx_word' id='word_1_3' title='bbox 1033 155 1099 196; x_wconf 70' lang='grc' dir='ltr'><strong><em>ιο.</em></strong></span> <span class='ocrx_word' id='word_1_4' title='bbox 1494 132 1565 191; x_wconf 82' lang='lat'><strong><em>35</em></strong></span> 
     </span>
    </p>
   </div>
   <div class='ocr_carea' id='block_1_2' title="bbox 64 249 1763 1558">
    <p class='ocr_par' dir='ltr' id='par_1_2' title="bbox 120 249 1763 441">
     <span class='ocr_line' id='line_1_2' title="bbox 120 249 1763 311; baseline -0.003 -14"><span class='ocrx_word' id='word_1_5' title='bbox 120 257 274 311; x_wconf 80' lang='grc' dir='ltr'><strong><em>σμένα,</em></strong></span> <span class='ocrx_word' id='word_1_6' title='bbox 301 253 392 296; x_wconf 84' lang='grc' dir='ltr'><strong><em>τότε</em></strong></span> <span class='ocrx_word' id='word_1_7' title='bbox 423 250 475 308; x_wconf 75' lang='grc' dir='ltr'><em>δὴ</em></span> <span class='ocrx_word' id='word_1_8' title='bbox 501 252 695 309; x_wconf 77' lang='grc' dir='ltr'><em>φυλλάδα</em></span> <span class='ocrx_word' id='word_1_9' title='bbox 734 253 953 308; x_wconf 75' lang='grc' dir='ltr'><strong><em>νήσαντες,</em></strong></span> <span class='ocrx_word' id='word_1_10' title='bbox 991 255 1065 295; x_wconf 85' lang='grc' dir='ltr'><em>καί</em></span> <span class='ocrx_word' id='word_1_11' title='bbox 1085 249 1119 306; x_wconf 78' lang='grc' dir='ltr'><strong><em>ὅ,</em></strong></span> <span class='ocrx_word' id='word_1_12' title='bbox 1148 268 1187 294; x_wconf 88' lang='grc' dir='ltr'><strong><em>τι</em></strong></span> <span class='ocrx_word' id='word_1_13' title='bbox 1215 255 1286 309; x_wconf 83' lang='grc' dir='ltr'><strong><em>τῆς</em></strong></span> <span class='ocrx_word' id='word_1_14' title='bbox 1308 251 1412 310; x_wconf 71' lang='grc' dir='ltr'><strong><em>ὕλης</em></strong></span> <span class='ocrx_word' id='word_1_15' title='bbox 1436 270 1568 308; x_wconf 86' lang='grc' dir='ltr'><strong><em>ταχυ-</em></strong></span> <span class='ocrx_word' id='word_1_16' title='bbox 1582 259 1620 293; x_wconf 84' lang='grc' dir='ltr'><strong><em>Α.</em></strong></span> <span class='ocrx_word' id='word_1_17' title='bbox 1635 258 1672 292; x_wconf 92' lang='lat' dir='ltr'><strong><em>C.</em></strong></span> <span class='ocrx_word' id='word_1_18' title='bbox 1696 259 1763 293; x_wconf 69' lang='lat'><strong><em>552</em></strong></span> 
     </span>
     <span class='ocr_line' id='line_1_3' title="bbox 120 306 1719 374; baseline -0.001 -11"><span class='ocrx_word' id='word_1_19' title='bbox 120 322 220 370; x_wconf 83' lang='grc' dir='ltr'><strong><em>δαές</em></strong></span> <span class='ocrx_word' id='word_1_20' title='bbox 245 336 292 362; x_wconf 88' lang='grc' dir='ltr'><strong><em>τε</em></strong></span> <span class='ocrx_word' id='word_1_21' title='bbox 317 317 391 362; x_wconf 81' lang='grc' dir='ltr'>καί</span> <span class='ocrx_word' id='word_1_22' title='bbox 410 315 536 371; x_wconf 76' lang='grc' dir='ltr'><strong><em>αὖον,</em></strong></span> <span class='ocrx_word' id='word_1_23' title='bbox 574 319 648 360; x_wconf 85' lang='grc' dir='ltr'>καί</span> <span class='ocrx_word' id='word_1_24' title='bbox 667 313 761 360; x_wconf 84' lang='grc' dir='ltr'><strong><em>εἶτα</em></strong></span> <span class='ocrx_word' id='word_1_25' title='bbox 788 317 1013 367; x_wconf 73' lang='grc' dir='ltr'><strong><em>ὑποθέντες</em></strong></span> <span class='ocrx_word' id='word_1_26' title='bbox 1036 320 1118 374; x_wconf 79' lang='grc' dir='ltr'><strong><em>πῦρ</em></strong></span> <span class='ocrx_word' id='word_1_27' title='bbox 1140 335 1185 361; x_wconf 85' lang='grc' dir='ltr'><strong><em>τε</em></strong></span> <span class='ocrx_word' id='word_1_28' title='bbox 1210 319 1477 373; x_wconf 75' lang='grc' dir='ltr'><strong><em>ἑναύσαντες,</em></strong></span> <span class='ocrx_word' id='word_1_29' title='bbox 1501 321 1569 362; x_wconf 82' lang='grc' dir='ltr'><strong><em>ε’κ.</em></strong></span> <span class='ocrx_word' id='word_1_30' title='bbox 1587 306 1612 339; x_wconf 74' lang='lat' dir='ltr'><strong><em>I·</em></strong></span> <span class='ocrx_word' id='word_1_31' title='bbox 1633 306 1657 338; x_wconf 75' lang='lat'><strong><em>1&#39;</em></strong></span> <span class='ocrx_word' id='word_1_32' title='bbox 1674 308 1719 340; x_wconf 74' lang='lat'><strong><em>2⁶</em></strong></span> 
     </span>
     <span class='ocr_line' id='line_1_4' title="bbox 121 380 1599 441; baseline 0 -13"><span class='ocrx_word' id='word_1_33' title='bbox 121 385 192 436; x_wconf 88' lang='grc' dir='ltr'><strong><em>τὸς</em></strong></span> <span class='ocrx_word' id='word_1_34' title='bbox 212 383 475 441; x_wconf 79' lang='grc' dir='ltr'><strong><em>ἆπεχώρουν.</em></strong></span> <span class='ocrx_word' id='word_1_35' title='bbox 513 380 588 425; x_wconf 82' lang='grc' dir='ltr'><strong><em>οὗκ</em></strong></span> <span class='ocrx_word' id='word_1_36' title='bbox 614 384 657 433; x_wconf 72' lang='grc' dir='ltr'><strong><em>ἐς</em></strong></span> <span class='ocrx_word' id='word_1_37' title='bbox 689 381 855 439; x_wconf 82' lang='grc' dir='ltr'><strong><em>μακρὰν</em></strong></span> <span class='ocrx_word' id='word_1_38' title='bbox 890 385 937 426; x_wconf 83' lang='grc' dir='ltr'><strong><em>δὲ</em></strong></span> <span class='ocrx_word' id='word_1_39' title='bbox 969 386 1042 439; x_wconf 85' lang='grc' dir='ltr'><strong><em>τῆς</em></strong></span> <span class='ocrx_word' id='word_1_40' title='bbox 1068 382 1216 440; x_wconf 85' lang='grc' dir='ltr'><strong><em>φλογὸς</em></strong></span> <span class='ocrx_word' id='word_1_41' title='bbox 1251 382 1474 441; x_wconf 74' lang='grc' dir='ltr'><strong><em>ἀρθείσης,</em></strong></span> <span class='ocrx_word' id='word_1_42' title='bbox 1516 385 1599 428; x_wconf 69' lang='grc' dir='ltr'><strong><em>τάῦ</em></strong></span> 
     </span>
    </p>

    <p class='ocr_par' dir='ltr' id='par_1_3' title="bbox 91 445 1574 642">
     <span class='ocr_line' id='line_1_5' title="bbox 117 445 1568 508; baseline 0 -15"><span class='ocrx_word' id='word_1_43' title='bbox 117 453 201 506; x_wconf 83' lang='grc' dir='ltr'><strong><em>μὲν</em></strong></span> <span class='ocrx_word' id='word_1_44' title='bbox 232 450 493 506; x_wconf 75' lang='grc' dir='ltr'><em>στηρίγματα</em></span> <span class='ocrx_word' id='word_1_45' title='bbox 520 447 658 499; x_wconf 73' lang='grc' dir='ltr'><strong><em>εὐθὺς</em></strong></span> <span class='ocrx_word' id='word_1_46' title='bbox 680 445 1003 505; x_wconf 80' lang='grc' dir='ltr'><strong><em>ἆνθρακούμενα</em></strong></span> <span class='ocrx_word' id='word_1_47' title='bbox 1030 451 1335 505; x_wconf 80' lang='grc' dir='ltr'><strong><em>κατεθραύετο,</em></strong></span> <span class='ocrx_word' id='word_1_48' title='bbox 1375 454 1448 493; x_wconf 85' lang='grc' dir='ltr'><em>καί</em></span> <span class='ocrx_word' id='word_1_49' title='bbox 1466 450 1568 508; x_wconf 87' lang='grc' dir='ltr'><strong><em>πρὸς</em></strong></span> 
     </span>
     <span class='ocr_line' id='line_1_6' title="bbox 91 513 1573 574; baseline -0.001 -14"><span class='ocrx_word' id='word_1_50' title='bbox 91 515 200 574; x_wconf 72' lang='grc' dir='ltr'><strong><em>ὄτὴν</em></strong></span> <span class='ocrx_word' id='word_1_51' title='bbox 223 513 436 559; x_wconf 83' lang='grc' dir='ltr'><strong><em>οἷντίθεσιν</em></strong></span> <span class='ocrx_word' id='word_1_52' title='bbox 469 515 679 557; x_wconf 75' lang='grc' dir='ltr'><strong><em>ἐνεδίδου·</em></strong></span> <span class='ocrx_word' id='word_1_53' title='bbox 728 516 803 558; x_wconf 83' lang='grc' dir='ltr'><strong><em>τοῦ</em></strong></span> <span class='ocrx_word' id='word_1_54' title='bbox 839 516 886 557; x_wconf 80' lang='grc' dir='ltr'><strong><em>δὲ</em></strong></span> <span class='ocrx_word' id='word_1_55' title='bbox 914 516 1124 571; x_wconf 76' lang='grc' dir='ltr'><strong><em>ἐρύματος</em></strong></span> <span class='ocrx_word' id='word_1_56' title='bbox 1159 514 1310 557; x_wconf 79' lang='grc' dir='ltr'><strong><em>ὁπόσον</em></strong></span> <span class='ocrx_word' id='word_1_57' title='bbox 1343 517 1405 558; x_wconf 80' lang='grc' dir='ltr'><strong><em>ἐπ’</em></strong></span> <span class='ocrx_word' id='word_1_58' title='bbox 1429 513 1573 567; x_wconf 67' lang='grc' dir='ltr'><strong><em>αὐτοῖς</em></strong></span> 
     </span>
     <span class='ocr_line' id='line_1_7' title="bbox 118 578 1574 642; baseline -0.002 -17"><span class='ocrx_word' id='word_1_59' title='bbox 118 580 306 642; x_wconf 80' lang='grc' dir='ltr'><strong><em>ᾗωρεῖτο,</em></strong></span> <span class='ocrx_word' id='word_1_60' title='bbox 331 580 535 639; x_wconf 75' lang='grc' dir='ltr'><strong><em>ὖφίζανεν</em></strong></span> <span class='ocrx_word' id='word_1_61' title='bbox 557 578 714 638; x_wconf 72' lang='grc' dir='ltr'><strong><em>ἀθρόον</em></strong></span> <span class='ocrx_word' id='word_1_62' title='bbox 736 583 811 623; x_wconf 82' lang='grc' dir='ltr'>καί</span> <span class='ocrx_word' id='word_1_63' title='bbox 828 581 1158 623; x_wconf 87' lang='grc' dir='ltr'><strong><em>κατωλίσθαινεν</em></strong></span> <span class='ocrx_word' id='word_1_64' title='bbox 1173 582 1222 638; x_wconf 83' lang='grc' dir='ltr'><strong><em>τῇ</em></strong></span> <span class='ocrx_word' id='word_1_65' title='bbox 1242 582 1436 636; x_wconf 84' lang='grc' dir='ltr'><strong><em>κενότητι,</em></strong></span> <span class='ocrx_word' id='word_1_66' title='bbox 1465 581 1574 638; x_wconf 82' lang='grc' dir='ltr'><strong><em>πύρ-</em></strong></span> 
     </span>
    </p>

    <p class='ocr_par' dir='ltr' id='par_1_4' title="bbox 117 638 1572 705">
     <span class='ocr_line' id='line_1_8' title="bbox 117 638 1572 705; baseline -0.001 -14"><span class='ocrx_word' id='word_1_67' title='bbox 117 665 186 705; x_wconf 76' lang='grc' dir='ltr'><strong><em>γοι</em></strong></span> <span class='ocrx_word' id='word_1_68' title='bbox 216 664 263 691; x_wconf 89' lang='grc' dir='ltr'><strong><em>τε</em></strong></span> <span class='ocrx_word' id='word_1_69' title='bbox 296 647 334 690; x_wconf 79' lang='grc' dir='ltr'><strong><em>οἱ</em></strong></span> <span class='ocrx_word' id='word_1_70' title='bbox 356 647 526 690; x_wconf 76' lang='grc' dir='ltr'><strong><em>ἐνθένδε</em></strong></span> <span class='ocrx_word' id='word_1_71' title='bbox 557 647 631 689; x_wconf 83' lang='grc' dir='ltr'><em>καί</em></span> <span class='ocrx_word' id='word_1_72' title='bbox 658 649 955 704; x_wconf 78' lang='grc' dir='ltr'><strong><em>προμαχεῶνες</em></strong></span> <span class='ocrx_word' id='word_1_73' title='bbox 987 646 1235 698; x_wconf 69' lang='grc' dir='ltr'><strong><em>ἐξαπιναίως</em></strong></span> <span class='ocrx_word' id='word_1_74' title='bbox 1267 638 1572 703; x_wconf 64' lang='grc' dir='ltr'><strong><em>ἀπορραγέντες</em></strong></span> 
     </span>
    </p>

    <p class='ocr_par' dir='ltr' id='par_1_5' title="bbox 118 706 1574 770">
     <span class='ocr_line' id='line_1_9' title="bbox 118 706 1574 770; baseline -0.002 -12"><span class='ocrx_word' id='word_1_75' title='bbox 118 717 201 758; x_wconf 73' lang='grc' dir='ltr'><strong><em>τῶν</em></strong></span> <span class='ocrx_word' id='word_1_76' title='bbox 226 709 389 767; x_wconf 69' lang='grc' dir='ltr'><strong><em>ἄλλων,</em></strong></span> <span class='ocrx_word' id='word_1_77' title='bbox 431 714 475 763; x_wconf 77' lang='grc' dir='ltr'><strong><em>ἐς</em></strong></span> <span class='ocrx_word' id='word_1_78' title='bbox 508 712 552 755; x_wconf 85' lang='grc' dir='ltr'><strong><em>τὸ</em></strong></span> <span class='ocrx_word' id='word_1_79' title='bbox 584 715 739 770; x_wconf 81' lang='grc' dir='ltr'><strong><em>πρανὲς</em></strong></span> <span class='ocrx_word' id='word_1_80' title='bbox 769 714 1111 768; x_wconf 80' lang='grc' dir='ltr'><strong><em>ἐξεκυλίσθησαν·</em></strong></span> <span class='ocrx_word' id='word_1_81' title='bbox 1150 706 1181 767; x_wconf 70' lang='lat'><em>‘1‘7&#39;</em></span> <span class='ocrx_word' id='word_1_82' title='bbox 1211 728 1254 754; x_wconf 88' lang='grc' dir='ltr'><strong><em>τε</em></strong></span> <span class='ocrx_word' id='word_1_83' title='bbox 1287 712 1397 768; x_wconf 78' lang='grc' dir='ltr'><strong><em>πύλη</em></strong></span> <span class='ocrx_word' id='word_1_84' title='bbox 1419 713 1445 768; x_wconf 80' lang='grc' dir='ltr'><em>ἦ</em></span> <span class='ocrx_word' id='word_1_85' title='bbox 1467 715 1574 770; x_wconf 77' lang='grc' dir='ltr'><strong><em>τῷδε</em></strong></span> 
     </span>
    </p>

    <p class='ocr_par' dir='ltr' id='par_1_6' title="bbox 119 773 1572 841">
     <span class='ocr_line' id='line_1_10' title="bbox 119 773 1572 841; baseline -0.003 -18"><span class='ocrx_word' id='word_1_86' title='bbox 119 783 179 838; x_wconf 79' lang='grc' dir='ltr'><strong><em>τῷ</em></strong></span> <span class='ocrx_word' id='word_1_87' title='bbox 199 782 319 837; x_wconf 83' lang='grc' dir='ltr'><strong><em>μέρει</em></strong></span> <span class='ocrx_word' id='word_1_88' title='bbox 341 786 650 841; x_wconf 82' lang='grc' dir='ltr'><strong><em>προσαραρυῖα,</em></strong></span> <span class='ocrx_word' id='word_1_89' title='bbox 681 780 980 830; x_wconf 80' lang='grc' dir='ltr'><strong><em>ξυνεκέκλειστο</em></strong></span> <span class='ocrx_word' id='word_1_90' title='bbox 1000 780 1079 831; x_wconf 82' lang='grc' dir='ltr'><strong><em>μὲν</em></strong></span> <span class='ocrx_word' id='word_1_91' title='bbox 1101 773 1153 819; x_wconf 69' lang='grc' dir='ltr'><strong><em>εὖ</em></strong></span> <span class='ocrx_word' id='word_1_92' title='bbox 1173 777 1290 830; x_wconf 81' lang='grc' dir='ltr'><strong><em>μάλα</em></strong></span> <span class='ocrx_word' id='word_1_93' title='bbox 1309 779 1572 832; x_wconf 78' lang='grc' dir='ltr'><strong><em>βεβαιότατα,</em></strong></span> 
     </span>
    </p>

    <p class='ocr_par' dir='ltr' id='par_1_7' title="bbox 64 834 1617 1164">
     <span class='ocr_line' id='line_1_11' title="bbox 64 834 1617 902; baseline -0.003 -12"><span class='ocrx_word' id='word_1_94' title='bbox 64 846 179 896; x_wconf 79' lang='grc' dir='ltr'><strong><em>-ιοῶς</em></strong></span> <span class='ocrx_word' id='word_1_95' title='bbox 199 845 250 902; x_wconf 79' lang='grc' dir='ltr'><strong><em>δὴ</em></strong></span> <span class='ocrx_word' id='word_1_96' title='bbox 273 834 482 899; x_wconf 66' lang='grc' dir='ltr'><strong><em>πολεμιων</em></strong></span> <span class='ocrx_word' id='word_1_97' title='bbox 515 844 744 901; x_wconf 87' lang='grc' dir='ltr'><strong><em>παρόντων,</em></strong></span> <span class='ocrx_word' id='word_1_98' title='bbox 771 843 844 887; x_wconf 78' lang='grc' dir='ltr'><strong><em>καὶ</em></strong></span> <span class='ocrx_word' id='word_1_99' title='bbox 873 842 926 886; x_wconf 79' lang='grc' dir='ltr'><strong><em>τὰ</em></strong></span> <span class='ocrx_word' id='word_1_100' title='bbox 958 847 1131 900; x_wconf 85' lang='grc' dir='ltr'><strong><em>κλεῖθρα</em></strong></span> <span class='ocrx_word' id='word_1_101' title='bbox 1154 840 1237 885; x_wconf 78' lang='grc' dir='ltr'><strong><em>ὑπὸ</em></strong></span> <span class='ocrx_word' id='word_1_102' title='bbox 1260 845 1342 886; x_wconf 79' lang='grc' dir='ltr'><strong><em>τῶν</em></strong></span> <span class='ocrx_word' id='word_1_103' title='bbox 1375 844 1617 900; x_wconf 82' lang='grc' dir='ltr'><strong><em>φυλάκωνῙ)</em></strong></span> 
     </span>
     <span class='ocr_line' id='line_1_12' title="bbox 120 907 1575 967; baseline -0.003 -13"><span class='ocrx_word' id='word_1_104' title='bbox 120 912 360 966; x_wconf 79' lang='grc' dir='ltr'><strong><em>κατείχετο,</em></strong></span> <span class='ocrx_word' id='word_1_105' title='bbox 400 912 427 966; x_wconf 85' lang='grc' dir='ltr'><em>ἧ</em></span> <span class='ocrx_word' id='word_1_106' title='bbox 461 912 509 953; x_wconf 83' lang='grc' dir='ltr'><strong><em>δὲ</em></strong></span> <span class='ocrx_word' id='word_1_107' title='bbox 543 907 689 961; x_wconf 73' lang='grc' dir='ltr'><strong><em>αὐτοῖς</em></strong></span> <span class='ocrx_word' id='word_1_108' title='bbox 718 914 890 967; x_wconf 80' lang='grc' dir='ltr'><strong><em>μοχλοῖς</em></strong></span> <span class='ocrx_word' id='word_1_109' title='bbox 921 925 964 952; x_wconf 88' lang='grc' dir='ltr'><strong><em>τε</em></strong></span> <span class='ocrx_word' id='word_1_110' title='bbox 990 910 1064 951; x_wconf 80' lang='grc' dir='ltr'><em>καί</em></span> <span class='ocrx_word' id='word_1_111' title='bbox 1092 909 1379 965; x_wconf 76' lang='grc' dir='ltr'><strong><em>βαλανάγραις</em></strong></span> <span class='ocrx_word' id='word_1_112' title='bbox 1411 910 1575 951; x_wconf 68' lang='grc' dir='ltr'><strong><em>ἐκτινα-</em></strong></span> 
     </span>
     <span class='ocr_line' id='line_1_13' title="bbox 117 971 1576 1032; baseline -0.001 -14"><span class='ocrx_word' id='word_1_113' title='bbox 117 978 344 1032; x_wconf 74' lang='grc' dir='ltr'><strong><em>χθεῐσα,ε’ς</em></strong></span> <span class='ocrx_word' id='word_1_114' title='bbox 365 974 442 1031; x_wconf 74' lang='grc' dir='ltr'><strong><em>τὴν</em></strong></span> <span class='ocrx_word' id='word_1_115' title='bbox 472 975 593 1032; x_wconf 78' lang='grc' dir='ltr'><strong><em>ἦΐονα</em></strong></span> <span class='ocrx_word' id='word_1_116' title='bbox 610 977 683 1018; x_wconf 85' lang='grc' dir='ltr'><em>καί</em></span> <span class='ocrx_word' id='word_1_117' title='bbox 695 974 770 1025; x_wconf 78' lang='grc' dir='ltr'><strong><em>τὰς</em></strong></span> <span class='ocrx_word' id='word_1_118' title='bbox 791 974 996 1023; x_wconf 82' lang='grc' dir='ltr'><strong><em>σπιλάδας</em></strong></span> <span class='ocrx_word' id='word_1_119' title='bbox 1016 973 1225 1030; x_wconf 75' lang='grc' dir='ltr'><strong><em>ἐρήριπτο,</em></strong></span> <span class='ocrx_word' id='word_1_120' title='bbox 1249 972 1336 1028; x_wconf 86' lang='grc' dir='ltr'><strong><em>ἅμα</em></strong></span> <span class='ocrx_word' id='word_1_121' title='bbox 1348 992 1391 1017; x_wconf 87' lang='grc' dir='ltr'><strong><em>τε</em></strong></span> <span class='ocrx_word' id='word_1_122' title='bbox 1406 971 1576 1017; x_wconf 76' lang='grc' dir='ltr'><strong><em>ἅπαντα</em></strong></span> 
     </span>
     <span class='ocr_line' id='line_1_14' title="bbox 118 1039 1576 1097; baseline -0.003 -12"><span class='ocrx_word' id='word_1_123' title='bbox 118 1042 172 1085; x_wconf 81' lang='grc' dir='ltr'><strong><em>τὰ</em></strong></span> <span class='ocrx_word' id='word_1_124' title='bbox 197 1041 497 1097; x_wconf 79' lang='grc' dir='ltr'><strong><em>ξυμπεπηγότα</em></strong></span> <span class='ocrx_word' id='word_1_125' title='bbox 530 1039 594 1084; x_wconf 77' lang='grc' dir='ltr'><strong><em>ἔτι</em></strong></span> <span class='ocrx_word' id='word_1_126' title='bbox 620 1040 836 1094; x_wconf 77' lang='grc' dir='ltr'><strong><em>ἐκλύζετο,</em></strong></span> <span class='ocrx_word' id='word_1_127' title='bbox 875 1042 1061 1094; x_wconf 77' lang='grc' dir='ltr'><strong><em>σταθμοί</em></strong></span> <span class='ocrx_word' id='word_1_128' title='bbox 1089 1041 1162 1081; x_wconf 85' lang='grc' dir='ltr'>καί</span> <span class='ocrx_word' id='word_1_129' title='bbox 1181 1046 1320 1094; x_wconf 78' lang='grc' dir='ltr'><strong><em>γεῖσον</em></strong></span> <span class='ocrx_word' id='word_1_130' title='bbox 1350 1040 1425 1083; x_wconf 83' lang='grc' dir='ltr'>καί</span> <span class='ocrx_word' id='word_1_131' title='bbox 1448 1041 1576 1097; x_wconf 74' lang='grc' dir='ltr'><strong><em>ὑπερ..</em></strong></span> 
     </span>
     <span class='ocr_line' id='line_1_15' title="bbox 108 1106 1574 1164; baseline 0 -15"><span class='ocrx_word' id='word_1_132' title='bbox 108 1107 274 1164; x_wconf 74' lang='grc' dir='ltr'><strong><em>’θύριον</em></strong></span> <span class='ocrx_word' id='word_1_133' title='bbox 312 1106 386 1149; x_wconf 76' lang='grc' dir='ltr'><strong><em>καὶ</em></strong></span> <span class='ocrx_word' id='word_1_134' title='bbox 422 1106 463 1150; x_wconf 85' lang='grc' dir='ltr'><strong><em>οἱ</em></strong></span> <span class='ocrx_word' id='word_1_135' title='bbox 506 1109 657 1163; x_wconf 83' lang='grc' dir='ltr'><strong><em>θαιροί</em></strong></span> <span class='ocrx_word' id='word_1_136' title='bbox 693 1108 750 1164; x_wconf 77' lang='grc' dir='ltr'><strong><em>τῷ</em></strong></span> <span class='ocrx_word' id='word_1_137' title='bbox 786 1106 899 1163; x_wconf 72' lang='grc' dir='ltr'><strong><em>οὐδῷ</em></strong></span> <span class='ocrx_word' id='word_1_138' title='bbox 946 1106 1262 1162; x_wconf 70' lang='grc' dir='ltr'><strong><em>ἐνηρμοσμένον</em></strong></span> <span class='ocrx_word' id='word_1_139' title='bbox 1321 1107 1483 1148; x_wconf 83' lang='grc' dir='ltr'><strong><em>τούτων</em></strong></span> <span class='ocrx_word' id='word_1_140' title='bbox 1526 1109 1574 1149; x_wconf 82' lang='grc' dir='ltr'><strong><em>δὲ</em></strong></span> 
     </span>
    </p>

    <p class='ocr_par' dir='ltr' id='par_1_8' title="bbox 73 1169 1679 1491">
     <span class='ocr_line' id='line_1_16' title="bbox 73 1169 1576 1231; baseline 0 -17"><span class='ocrx_word' id='word_1_141' title='bbox 73 1175 404 1229; x_wconf 76' lang='grc' dir='ltr'><strong><em>ι5γεγενημένων</em></strong></span> <span class='ocrx_word' id='word_1_142' title='bbox 424 1206 437 1225; x_wconf 93' lang='grc'><strong><em>,</em></strong></span> <span class='ocrx_word' id='word_1_143' title='bbox 465 1177 554 1222; x_wconf 85' lang='grc' dir='ltr'><strong><em>τοῖς</em></strong></span> <span class='ocrx_word' id='word_1_144' title='bbox 581 1171 816 1226; x_wconf 66' lang='grc' dir='ltr'><strong><em>“.Ρωμαιὀις</em></strong></span> <span class='ocrx_word' id='word_1_145' title='bbox 835 1171 988 1231; x_wconf 72' lang='grc' dir='ltr'><strong><em>ῥᾳδίως</em></strong></span> <span class='ocrx_word' id='word_1_146' title='bbox 1011 1169 1206 1218; x_wconf 86' lang='grc' dir='ltr'><strong><em>τολοιπὸν</em></strong></span> <span class='ocrx_word' id='word_1_147' title='bbox 1233 1174 1438 1229; x_wconf 85' lang='grc' dir='ltr'><strong><em>εἰσιτητέα</em></strong></span> <span class='ocrx_word' id='word_1_148' title='bbox 1466 1169 1576 1214; x_wconf 80' lang='grc' dir='ltr'><strong><em>εἶναι</em></strong></span> 
     </span>
     <span class='ocr_line' id='line_1_17' title="bbox 121 1236 1576 1294; baseline -0.003 -13"><span class='ocrx_word' id='word_1_149' title='bbox 121 1237 255 1281; x_wconf 79' lang='grc' dir='ltr'><strong><em>ἐδόκει</em></strong></span> <span class='ocrx_word' id='word_1_150' title='bbox 282 1236 362 1280; x_wconf 64' lang='lat' dir='ltr'><strong><em>dvo}</em></strong></span> <span class='ocrx_word' id='word_1_151' title='bbox 384 1237 432 1283; x_wconf 83' lang='grc' dir='ltr'><strong><em>τὸ</em></strong></span> <span class='ocrx_word' id='word_1_152' title='bbox 453 1237 658 1292; x_wconf 87' lang='grc' dir='ltr'><strong><em>πόλισμα,</em></strong></span> <span class='ocrx_word' id='word_1_153' title='bbox 688 1239 762 1280; x_wconf 85' lang='grc' dir='ltr'><em>καί</em></span> <span class='ocrx_word' id='word_1_154' title='bbox 782 1238 1006 1294; x_wconf 83' lang='grc' dir='ltr'><strong><em>περιοπτέα</em></strong></span> <span class='ocrx_word' id='word_1_155' title='bbox 1028 1238 1113 1280; x_wconf 73' lang='grc' dir='ltr'><strong><em>τῶν</em></strong></span> <span class='ocrx_word' id='word_1_156' title='bbox 1132 1239 1353 1291; x_wconf 85' lang='grc' dir='ltr'><strong><em>πολεμίων,</em></strong></span> <span class='ocrx_word' id='word_1_157' title='bbox 1380 1238 1576 1294; x_wconf 80' lang='grc' dir='ltr'><strong><em>ἡμάρτα-</em></strong></span> 
     </span>
     <span class='ocr_line' id='line_1_18' title="bbox 120 1301 1577 1361; baseline -0.001 -15"><span class='ocrx_word' id='word_1_158' title='bbox 120 1319 194 1346; x_wconf 91' lang='grc' dir='ltr'><strong><em>νον</em></strong></span> <span class='ocrx_word' id='word_1_159' title='bbox 219 1305 266 1347; x_wconf 83' lang='grc' dir='ltr'><strong><em>δὲ</em></strong></span> <span class='ocrx_word' id='word_1_160' title='bbox 287 1303 361 1346; x_wconf 84' lang='grc' dir='ltr'><em>καί</em></span> <span class='ocrx_word' id='word_1_161' title='bbox 375 1301 433 1354; x_wconf 69' lang='grc' dir='ltr'><strong><em>ὥς</em></strong></span> <span class='ocrx_word' id='word_1_162' title='bbox 453 1307 522 1359; x_wconf 79' lang='grc' dir='ltr'><strong><em>τῆς</em></strong></span> <span class='ocrx_word' id='word_1_163' title='bbox 543 1304 722 1353; x_wconf 81' lang='grc' dir='ltr'><strong><em>ἐλπίδος.</em></strong></span> <span class='ocrx_word' id='word_1_164' title='bbox 763 1303 966 1359; x_wconf 82' lang='grc' dir='ltr'><strong><em>σήραγγές</em></strong></span> <span class='ocrx_word' id='word_1_165' title='bbox 986 1319 1032 1345; x_wconf 91' lang='grc' dir='ltr'><strong><em>τε</em></strong></span> <span class='ocrx_word' id='word_1_166' title='bbox 1058 1303 1137 1359; x_wconf 84' lang='grc' dir='ltr'><strong><em>γάρ</em></strong></span> <span class='ocrx_word' id='word_1_167' title='bbox 1162 1320 1270 1353; x_wconf 85' lang='grc' dir='ltr'><strong><em>τινες</em></strong></span> <span class='ocrx_word' id='word_1_168' title='bbox 1287 1306 1366 1345; x_wconf 13' lang='grc' dir='ltr'><strong><em>,καί</em></strong></span> <span class='ocrx_word' id='word_1_169' title='bbox 1383 1302 1577 1361; x_wconf 79' lang='grc' dir='ltr'><strong><em>ἇποῤῥῶ..</em></strong></span> 
     </span>
     <span class='ocr_line' id='line_1_19' title="bbox 122 1367 1575 1426; baseline 0 -15"><span class='ocrx_word' id='word_1_170' title='bbox 122 1386 192 1424; x_wconf 78' lang='grc' dir='ltr'><strong><em>γες</em></strong></span> <span class='ocrx_word' id='word_1_171' title='bbox 218 1372 291 1411; x_wconf 80' lang='grc' dir='ltr'><strong><em>τοῦ</em></strong></span> <span class='ocrx_word' id='word_1_172' title='bbox 316 1385 360 1411; x_wconf 87' lang='grc' dir='ltr'><strong><em>τε</em></strong></span> <span class='ocrx_word' id='word_1_173' title='bbox 391 1368 525 1425; x_wconf 79' lang='grc' dir='ltr'><strong><em>λόφου</em></strong></span> <span class='ocrx_word' id='word_1_174' title='bbox 558 1369 632 1411; x_wconf 86' lang='grc' dir='ltr'><em>καί</em></span> <span class='ocrx_word' id='word_1_175' title='bbox 659 1371 742 1411; x_wconf 79' lang='grc' dir='ltr'><strong><em>τῶν</em></strong></span> <span class='ocrx_word' id='word_1_176' title='bbox 770 1367 940 1411; x_wconf 80' lang='grc' dir='ltr'><strong><em>ἔνδοθεν</em></strong></span> <span class='ocrx_word' id='word_1_177' title='bbox 971 1368 1343 1426; x_wconf 73' lang='grc' dir='ltr'><strong><em>περιαυλισμιὶτων</em></strong></span> <span class='ocrx_word' id='word_1_178' title='bbox 1378 1369 1450 1411; x_wconf 67' lang='grc' dir='ltr'><strong><em>ἐπὶ</em></strong></span> <span class='ocrx_word' id='word_1_179' title='bbox 1467 1372 1575 1424; x_wconf 77' lang='grc' dir='ltr'><strong><em>μέγα</em></strong></span> 
     </span>
     <span class='ocr_line' id='line_1_20' title="bbox 124 1431 1679 1491; baseline 0.001 -15"><span class='ocrx_word' id='word_1_180' title='bbox 124 1432 430 1487; x_wconf 79' lang='grc' dir='ltr'><strong><em>ἐκτεινόμεναι,</em></strong></span> <span class='ocrx_word' id='word_1_181' title='bbox 469 1436 712 1491; x_wconf 79' lang='grc' dir='ltr'><strong><em>κρημνῶδες</em></strong></span> <span class='ocrx_word' id='word_1_182' title='bbox 737 1435 924 1488; x_wconf 68' lang='grc' dir='ltr'><strong><em>ἀτεχνῶς</em></strong></span> <span class='ocrx_word' id='word_1_183' title='bbox 952 1437 1026 1476; x_wconf 82' lang='grc' dir='ltr'><em>καί</em></span> <span class='ocrx_word' id='word_1_184' title='bbox 1054 1437 1310 1489; x_wconf 82' lang='grc' dir='ltr'><strong><em>δυσέμβολον</em></strong></span> <span class='ocrx_word' id='word_1_185' title='bbox 1343 1436 1422 1489; x_wconf 80' lang='grc' dir='ltr'><strong><em>οὐχ</em></strong></span> <span class='ocrx_word' id='word_1_186' title='bbox 1449 1431 1610 1490; x_wconf 73' lang='grc' dir='ltr'><strong><em>ἧσσονΡ</em></strong></span> <span class='ocrx_word' id='word_1_187' title='bbox 1632 1432 1679 1468; x_wconf 72' lang='lat'><strong><em>22</em></strong></span> 
     </span>
    </p>

    <p class='ocr_par' dir='ltr' id='par_1_9' title="bbox 68 1499 1578 1558">
     <span class='ocr_line' id='line_1_21' title="bbox 68 1499 1578 1558; baseline -0.001 -16"><span class='ocrx_word' id='word_1_188' title='bbox 68 1500 429 1547; x_wconf 65' lang='lat' dir='ltr'><strong><em>aodnsdst&#39;uvvoav</em></strong></span> <span class='ocrx_word' id='word_1_189' title='bbox 459 1499 503 1542; x_wconf 89' lang='grc' dir='ltr'><strong><em>τὸ</em></strong></span> <span class='ocrx_word' id='word_1_190' title='bbox 532 1500 704 1557; x_wconf 83' lang='grc' dir='ltr'><strong><em>χωρίον.</em></strong></span> <span class='ocrx_word' id='word_1_191' title='bbox 752 1502 826 1542; x_wconf 83' lang='grc' dir='ltr'><em>καί</em></span> <span class='ocrx_word' id='word_1_192' title='bbox 849 1502 1024 1557; x_wconf 76' lang='grc' dir='ltr'><strong><em>Ναρσῆς</em></strong></span> <span class='ocrx_word' id='word_1_193' title='bbox 1047 1502 1126 1553; x_wconf 81' lang='grc' dir='ltr'><strong><em>μὲν</em></strong></span> <span class='ocrx_word' id='word_1_194' title='bbox 1151 1501 1495 1557; x_wconf 78' lang='grc' dir='ltr'><strong><em>θαρσαλεώτερον</em></strong></span> <span class='ocrx_word' id='word_1_195' title='bbox 1521 1503 1578 1558; x_wconf 75' lang='grc' dir='ltr'><strong><em>τῷ</em></strong></span> 
     </span>
    </p>
   </div>
   <div class='ocr_carea' id='block_1_3' title="bbox 217 1598 1579 1881">
    <p class='ocr_par' dir='ltr' id='par_1_10' title="bbox 217 1598 1579 1881">
     <span class='ocr_line' id='line_1_22' title="bbox 218 1598 1578 1647; baseline 0.001 -13"><span class='ocrx_word' id='word_1_196' title='bbox 218 1613 250 1635; x_wconf 79' lang='lat'><strong><em>2.</em></strong></span> <span class='ocrx_word' id='word_1_197' title='bbox 276 1601 359 1635; x_wconf 84' lang='lat' dir='ltr'><strong>Post</strong></span> <span class='ocrx_word' id='word_1_198' title='bbox 383 1598 479 1635; x_wconf 77' lang='grc' dir='ltr'><strong><em>αὖον</em></strong></span> <span class='ocrx_word' id='word_1_199' title='bbox 502 1603 613 1644; x_wconf 82' lang='lat' dir='ltr'><strong>Intpr.</strong></span> <span class='ocrx_word' id='word_1_200' title='bbox 639 1602 770 1647; x_wconf 78' lang='lat' dir='ltr'><strong>legisse</strong></span> <span class='ocrx_word' id='word_1_201' title='bbox 790 1602 935 1635; x_wconf 75' lang='lat' dir='ltr'><strong>videtur</strong></span> <span class='ocrx_word' id='word_1_202' title='bbox 961 1607 1040 1639; x_wconf 85' lang='grc' dir='ltr'><strong><em>τοῖς</em></strong></span> <span class='ocrx_word' id='word_1_203' title='bbox 1066 1603 1212 1642; x_wconf 69' lang='grc' dir='ltr'><strong><em>ξύλοις-ε</em></strong></span> <span class='ocrx_word' id='word_1_204' title='bbox 1238 1603 1392 1636; x_wconf 84' lang='lat' dir='ltr'><strong>collecta</strong></span> <span class='ocrx_word' id='word_1_205' title='bbox 1419 1604 1578 1637; x_wconf 80' lang='lat' dir='ltr'><strong>materia</strong></span> 
     </span>
     <span class='ocr_line' id='line_1_23' title="bbox 219 1648 1578 1695; baseline 0 -15"><span class='ocrx_word' id='word_1_206' title='bbox 219 1659 264 1681; x_wconf 73' lang='lat' dir='ltr'><strong><em>nc</em></strong></span> <span class='ocrx_word' id='word_1_207' title='bbox 294 1650 409 1694; x_wconf 79' lang='lat' dir='ltr'><strong>tignis</strong></span> <span class='ocrx_word' id='word_1_208' title='bbox 434 1649 635 1694; x_wconf 78' lang='lat' dir='ltr'><strong>supposita.</strong></span> <span class='ocrx_word' id='word_1_209' title='bbox 756 1650 820 1681; x_wconf 86' lang='lat' dir='ltr'><strong><em>Pro</em></strong></span> <span class='ocrx_word' id='word_1_210' title='bbox 844 1650 908 1682; x_wconf 80' lang='grc' dir='ltr'><strong><em>καὶ</em></strong></span> <span class='ocrx_word' id='word_1_211' title='bbox 932 1648 1010 1682; x_wconf 74' lang='grc' dir='ltr'><strong><em>εἶτα</em></strong></span> <span class='ocrx_word' id='word_1_212' title='bbox 1030 1649 1054 1682; x_wconf 86' lang='lat' dir='ltr'><strong><em>f.</em></strong></span> <span class='ocrx_word' id='word_1_213' title='bbox 1073 1662 1137 1684; x_wconf 85' lang='lat' dir='ltr'><strong>scr.</strong></span> <span class='ocrx_word' id='word_1_214' title='bbox 1155 1650 1335 1695; x_wconf 73' lang='grc' dir='ltr'><strong><em>μάλιστα.</em></strong></span> <span class='ocrx_word' id='word_1_215' title='bbox 1454 1653 1484 1683; x_wconf 86' lang='lat'><strong><em>3.</em></strong></span> <span class='ocrx_word' id='word_1_216' title='bbox 1509 1649 1578 1695; x_wconf 71' lang='grc' dir='ltr'><strong><em>ιῖρ-</em></strong></span> 
     </span>
     <span class='ocr_line' id='line_1_24' title="bbox 217 1692 1579 1740; baseline 0 -12"><span class='ocrx_word' id='word_1_217' title='bbox 217 1697 356 1728; x_wconf 70' lang='grc' dir='ltr'><strong><em>θεῖσαν</em></strong></span> <span class='ocrx_word' id='word_1_218' title='bbox 382 1696 421 1729; x_wconf 91' lang='lat' dir='ltr'><strong><em>R.</em></strong></span> <span class='ocrx_word' id='word_1_219' title='bbox 528 1696 548 1728; x_wconf 86' lang='lat'>5</span> <span class='ocrx_word' id='word_1_220' title='bbox 587 1692 732 1731; x_wconf 76' lang='grc' dir='ltr'><strong><em>αὐτοὺς</em></strong></span> <span class='ocrx_word' id='word_1_221' title='bbox 754 1696 791 1727; x_wconf 82' lang='lat' dir='ltr'><strong><em>R.</em></strong></span> <span class='ocrx_word' id='word_1_222' title='bbox 896 1698 928 1730; x_wconf 87' lang='grc'><strong><em>6,</em></strong></span> <span class='ocrx_word' id='word_1_223' title='bbox 958 1695 1110 1740; x_wconf 66' lang='grc' dir='ltr'><strong><em>ἁθρόως</em></strong></span> <span class='ocrx_word' id='word_1_224' title='bbox 1133 1697 1170 1729; x_wconf 79' lang='lat' dir='ltr'><strong><em>R.</em></strong></span> <span class='ocrx_word' id='word_1_225' title='bbox 1283 1695 1332 1730; x_wconf 80' lang='grc'><strong><em>13.</em></strong></span> <span class='ocrx_word' id='word_1_226' title='bbox 1359 1693 1405 1728; x_wconf 76' lang='grc' dir='ltr'><strong><em>τὰ</em></strong></span> <span class='ocrx_word' id='word_1_227' title='bbox 1427 1696 1508 1729; x_wconf 78' lang='lat' dir='ltr'><strong>add.</strong></span> <span class='ocrx_word' id='word_1_228' title='bbox 1535 1707 1579 1728; x_wconf 76' lang='lat' dir='ltr'><strong>ex</strong></span> 
     </span>
     <span class='ocr_line' id='line_1_25' title="bbox 217 1738 1576 1788; baseline 0 -13"><span class='ocrx_word' id='word_1_229' title='bbox 217 1743 256 1776; x_wconf 81' lang='lat' dir='ltr'><strong><em>R.</em></strong></span> <span class='ocrx_word' id='word_1_230' title='bbox 357 1741 407 1784; x_wconf 74' lang='grc'><strong><em>14.</em></strong></span> <span class='ocrx_word' id='word_1_231' title='bbox 443 1742 494 1784; x_wconf 76' lang='grc' dir='ltr'><strong><em>τῷ</em></strong></span> <span class='ocrx_word' id='word_1_232' title='bbox 529 1738 629 1785; x_wconf 73' lang='grc' dir='ltr'><strong><em>ου’δῷ</em></strong></span> <span class='ocrx_word' id='word_1_233' title='bbox 661 1740 726 1782; x_wconf 87' lang='lat' dir='ltr'><strong><em>N.‚</em></strong></span> <span class='ocrx_word' id='word_1_234' title='bbox 762 1741 839 1776; x_wconf 82' lang='grc' dir='ltr'><strong><em>τιόν</em></strong></span> <span class='ocrx_word' id='word_1_235' title='bbox 874 1740 1000 1775; x_wconf 76' lang='grc' dir='ltr'><strong><em>οῠδιῦν</em></strong></span> <span class='ocrx_word' id='word_1_236' title='bbox 1036 1743 1155 1787; x_wconf 84' lang='lat' dir='ltr'><strong>vulg.‚</strong></span> <span class='ocrx_word' id='word_1_237' title='bbox 1190 1743 1234 1788; x_wconf 88' lang='grc' dir='ltr'><em>τῇ</em></span> <span class='ocrx_word' id='word_1_238' title='bbox 1274 1741 1349 1786; x_wconf 74' lang='grc' dir='ltr'><strong><em>ὁδῷ</em></strong></span> <span class='ocrx_word' id='word_1_239' title='bbox 1377 1745 1414 1775; x_wconf 78' lang='lat' dir='ltr'><strong><em>R.</em></strong></span> <span class='ocrx_word' id='word_1_240' title='bbox 1465 1743 1576 1786; x_wconf 77' lang='lat' dir='ltr'><strong>Intpr.</strong></span> 
     </span>
     <span class='ocr_line' id='line_1_26' title="bbox 217 1787 1577 1836; baseline 0.001 -16"><span class='ocrx_word' id='word_1_241' title='bbox 217 1788 372 1821; x_wconf 85' lang='lat' dir='ltr'><strong>incisum</strong></span> <span class='ocrx_word' id='word_1_242' title='bbox 394 1787 572 1832; x_wconf 83' lang='lat' dir='ltr'><strong>integrum</strong></span> <span class='ocrx_word' id='word_1_243' title='bbox 598 1788 729 1820; x_wconf 85' lang='lat' dir='ltr'><strong>omisit.</strong></span> <span class='ocrx_word' id='word_1_244' title='bbox 831 1799 882 1833; x_wconf 81' lang='lat'><strong><em>17.</em></strong></span> <span class='ocrx_word' id='word_1_245' title='bbox 906 1788 1136 1834; x_wconf 73' lang='grc' dir='ltr'><strong><em>ιῖποῤῥῶγες</em></strong></span> <span class='ocrx_word' id='word_1_246' title='bbox 1161 1791 1213 1831; x_wconf 70' lang='lat' dir='ltr'><strong><em>R„</em></strong></span> <span class='ocrx_word' id='word_1_247' title='bbox 1238 1787 1471 1836; x_wconf 77' lang='grc' dir='ltr'><strong><em>ἄποῤῥιῦγαι</em></strong></span> <span class='ocrx_word' id='word_1_248' title='bbox 1483 1790 1577 1833; x_wconf 85' lang='lat' dir='ltr'>vulg.</span> 
     </span>
     <span class='ocr_line' id='line_1_27' title="bbox 219 1833 1052 1881; baseline 0 -13"><span class='ocrx_word' id='word_1_249' title='bbox 219 1846 274 1880; x_wconf 87' lang='lat'><strong><em>¹9·</em></strong></span> <span class='ocrx_word' id='word_1_250' title='bbox 300 1834 570 1880; x_wconf 79' lang='grc' dir='ltr'><strong><em>ἐκτεινόμεναι</em></strong></span> <span class='ocrx_word' id='word_1_251' title='bbox 597 1835 659 1876; x_wconf 65' lang='lat' dir='ltr'><strong><em>R„</em></strong></span> <span class='ocrx_word' id='word_1_252' title='bbox 683 1833 933 1881; x_wconf 71' lang='grc' dir='ltr'><strong><em>ἐκτεινόμενα</em></strong></span> <span class='ocrx_word' id='word_1_253' title='bbox 957 1836 1052 1881; x_wconf 82' lang='lat' dir='ltr'>vulg.</span> 
     </span>
    </p>
   </div>
   <div class='ocr_carea' id='block_1_4' title="bbox 123 1935 1587 2777">
    <p class='ocr_par' dir='ltr' id='par_1_11' title="bbox 123 1935 1587 2777">
     <span class='ocr_line' id='line_1_28' title="bbox 123 1935 1578 1982; baseline -0.001 -12"><span class='ocrx_word' id='word_1_254' title='bbox 123 1938 344 1976; x_wconf 73' lang='lat' dir='ltr'><strong>tentaretur,</strong></span> <span class='ocrx_word' id='word_1_255' title='bbox 381 1941 458 1970; x_wconf 82' lang='lat' dir='ltr'><strong>tum</strong></span> <span class='ocrx_word' id='word_1_256' title='bbox 495 1942 593 1970; x_wconf 85' lang='lat' dir='ltr'><strong>strue</strong></span> <span class='ocrx_word' id='word_1_257' title='bbox 625 1936 795 1970; x_wconf 81' lang='lat' dir='ltr'><strong>foliorum</strong></span> <span class='ocrx_word' id='word_1_258' title='bbox 818 1937 999 1970; x_wconf 81' lang='lat' dir='ltr'><strong>aridorum</strong></span> <span class='ocrx_word' id='word_1_259' title='bbox 1031 1942 1068 1971; x_wconf 84' lang='lat' dir='ltr'><strong>et</strong></span> <span class='ocrx_word' id='word_1_260' title='bbox 1091 1935 1267 1982; x_wconf 87' lang='lat' dir='ltr'><strong>quicquid</strong></span> <span class='ocrx_word' id='word_1_261' title='bbox 1293 1937 1441 1970; x_wconf 87' lang='lat' dir='ltr'><strong>alterius</strong></span> <span class='ocrx_word' id='word_1_262' title='bbox 1463 1937 1578 1969; x_wconf 81' lang='lat' dir='ltr'>siccae</span> 
     </span>
     <span class='ocr_line' id='line_1_29' title="bbox 127 1981 1587 2029; baseline 0.001 -15"><span class='ocrx_word' id='word_1_263' title='bbox 127 1993 294 2028; x_wconf 85' lang='lat' dir='ltr'><strong>quaeque</strong></span> <span class='ocrx_word' id='word_1_264' title='bbox 325 1981 432 2016; x_wconf 83' lang='lat' dir='ltr'><strong>facile</strong></span> <span class='ocrx_word' id='word_1_265' title='bbox 464 1983 612 2016; x_wconf 83' lang='lat' dir='ltr'>accendi</span> <span class='ocrx_word' id='word_1_266' title='bbox 640 1989 765 2029; x_wconf 81' lang='lat' dir='ltr'><strong>posset</strong></span> <span class='ocrx_word' id='word_1_267' title='bbox 795 1985 968 2017; x_wconf 85' lang='lat' dir='ltr'><strong>materiae</strong></span> <span class='ocrx_word' id='word_1_268' title='bbox 1003 1984 1048 2016; x_wconf 88' lang='lat' dir='ltr'><strong>ad</strong></span> <span class='ocrx_word' id='word_1_269' title='bbox 1072 1995 1218 2016; x_wconf 88' lang='lat' dir='ltr'><strong>manum</strong></span> <span class='ocrx_word' id='word_1_270' title='bbox 1242 1988 1330 2022; x_wconf 82' lang='lat' dir='ltr'><strong>erat,</strong></span> <span class='ocrx_word' id='word_1_271' title='bbox 1355 1984 1464 2028; x_wconf 87' lang='lat' dir='ltr'><strong>tignis</strong></span> <span class='ocrx_word' id='word_1_272' title='bbox 1489 1983 1587 2015; x_wconf 87' lang='lat' dir='ltr'><strong>sub--</strong></span> 
     </span>
     <span class='ocr_line' id='line_1_30' title="bbox 126 2029 1579 2075; baseline 0 -14"><span class='ocrx_word' id='word_1_273' title='bbox 126 2029 245 2069; x_wconf 66' lang='lat' dir='ltr'><strong>icem,</strong></span> <span class='ocrx_word' id='word_1_274' title='bbox 280 2029 436 2074; x_wconf 83' lang='lat' dir='ltr'>igneque</span> <span class='ocrx_word' id='word_1_275' title='bbox 461 2031 641 2071; x_wconf 87' lang='lat' dir='ltr'><strong>immisso,</strong></span> <span class='ocrx_word' id='word_1_276' title='bbox 673 2031 846 2075; x_wconf 86' lang='lat' dir='ltr'><strong>spelunca</strong></span> <span class='ocrx_word' id='word_1_277' title='bbox 871 2036 1112 2064; x_wconf 79' lang='lat' dir='ltr'><strong>excesserunt.</strong></span> <span class='ocrx_word' id='word_1_278' title='bbox 1147 2030 1276 2075; x_wconf 86' lang='lat' dir='ltr'><strong>Neque</strong></span> <span class='ocrx_word' id='word_1_279' title='bbox 1304 2030 1420 2064; x_wconf 89' lang='lat' dir='ltr'><strong>multo</strong></span> <span class='ocrx_word' id='word_1_280' title='bbox 1449 2035 1533 2074; x_wconf 86' lang='lat' dir='ltr'><strong>post</strong></span> <span class='ocrx_word' id='word_1_281' title='bbox 1558 2040 1579 2061; x_wconf 84' lang='lat' dir='ltr'><strong>a</strong></span> 
     </span>
     <span class='ocr_line' id='line_1_31' title="bbox 126 2073 1579 2122; baseline 0.001 -15"><span class='ocrx_word' id='word_1_282' title='bbox 126 2073 267 2108; x_wconf 83' lang='lat' dir='ltr'><strong>flamma</strong></span> <span class='ocrx_word' id='word_1_283' title='bbox 286 2075 452 2117; x_wconf 74' lang='lat' dir='ltr'><strong>excitata,</strong></span> <span class='ocrx_word' id='word_1_284' title='bbox 476 2077 717 2115; x_wconf 74' lang='lat' dir='ltr'><strong>sustentacula</strong></span> <span class='ocrx_word' id='word_1_285' title='bbox 739 2078 803 2111; x_wconf 88' lang='lat' dir='ltr'><strong>illa</strong></span> <span class='ocrx_word' id='word_1_286' title='bbox 822 2078 944 2111; x_wconf 83' lang='lat' dir='ltr'><strong>statim</strong></span> <span class='ocrx_word' id='word_1_287' title='bbox 966 2083 1112 2122; x_wconf 86' lang='lat' dir='ltr'><strong>perusta</strong></span> <span class='ocrx_word' id='word_1_288' title='bbox 1133 2078 1408 2121; x_wconf 84' lang='lat' dir='ltr'><strong>conflagrarunt,</strong></span> <span class='ocrx_word' id='word_1_289' title='bbox 1434 2076 1579 2121; x_wconf 68' lang='lat' dir='ltr'><strong>ponde-</strong></span> 
     </span>
     <span class='ocr_line' id='line_1_32' title="bbox 128 2122 1581 2170; baseline 0.001 -16"><span class='ocrx_word' id='word_1_290' title='bbox 128 2122 235 2168; x_wconf 79' lang='lat' dir='ltr'><strong>rique</strong></span> <span class='ocrx_word' id='word_1_291' title='bbox 271 2129 473 2167; x_wconf 77' lang='lat' dir='ltr'><strong>cesserunt3</strong></span> <span class='ocrx_word' id='word_1_292' title='bbox 505 2124 768 2169; x_wconf 86' lang='lat' dir='ltr'>propugnaculi</span> <span class='ocrx_word' id='word_1_293' title='bbox 800 2135 885 2158; x_wconf 90' lang='lat' dir='ltr'><strong>vero</strong></span> <span class='ocrx_word' id='word_1_294' title='bbox 919 2124 1102 2170; x_wconf 85' lang='lat' dir='ltr'><strong>quidquid</strong></span> <span class='ocrx_word' id='word_1_295' title='bbox 1135 2124 1291 2158; x_wconf 86' lang='lat' dir='ltr'><strong>sublime</strong></span> <span class='ocrx_word' id='word_1_296' title='bbox 1317 2134 1358 2156; x_wconf 80' lang='lat' dir='ltr'><strong><em>ac</em></strong></span> <span class='ocrx_word' id='word_1_297' title='bbox 1380 2124 1581 2168; x_wconf 84' lang='lat' dir='ltr'><strong>pendulum</strong></span> 
     </span>
     <span class='ocr_line' id='line_1_33' title="bbox 130 2169 1580 2213; baseline 0.001 -12"><span class='ocrx_word' id='word_1_298' title='bbox 130 2169 242 2213; x_wconf 74' lang='lat' dir='ltr'><strong>tignis</strong></span> <span class='ocrx_word' id='word_1_299' title='bbox 268 2169 342 2202; x_wconf 85' lang='lat' dir='ltr'><strong>illis</strong></span> <span class='ocrx_word' id='word_1_300' title='bbox 367 2176 606 2205; x_wconf 82' lang='lat' dir='ltr'><strong>sustentatum</strong></span> <span class='ocrx_word' id='word_1_301' title='bbox 631 2171 773 2212; x_wconf 83' lang='lat' dir='ltr'><strong>fuerat,</strong></span> <span class='ocrx_word' id='word_1_302' title='bbox 810 2182 854 2204; x_wconf 88' lang='lat' dir='ltr'><strong>eo</strong></span> <span class='ocrx_word' id='word_1_303' title='bbox 885 2182 1037 2204; x_wconf 88' lang='lat' dir='ltr'><strong>vacuum</strong></span> <span class='ocrx_word' id='word_1_304' title='bbox 1063 2170 1232 2207; x_wconf 77' lang='lat' dir='ltr'>subsedit</span> <span class='ocrx_word' id='word_1_305' title='bbox 1258 2175 1295 2204; x_wconf 90' lang='lat' dir='ltr'><strong>et</strong></span> <span class='ocrx_word' id='word_1_306' title='bbox 1319 2171 1475 2213; x_wconf 78' lang='lat' dir='ltr'><strong>corruit3</strong></span> <span class='ocrx_word' id='word_1_307' title='bbox 1500 2176 1580 2203; x_wconf 86' lang='lat' dir='ltr'><strong>tur-</strong></span> 
     </span>
     <span class='ocr_line' id='line_1_34' title="bbox 131 2215 1581 2263; baseline 0.001 -16"><span class='ocrx_word' id='word_1_308' title='bbox 131 2225 190 2248; x_wconf 75' lang='lat' dir='ltr'><strong>res</strong></span> <span class='ocrx_word' id='word_1_309' title='bbox 214 2225 297 2248; x_wconf 81' lang='lat' dir='ltr'><strong>vero</strong></span> <span class='ocrx_word' id='word_1_310' title='bbox 309 2215 520 2263; x_wconf 86' lang='lat' dir='ltr'><strong>minoraque</strong></span> <span class='ocrx_word' id='word_1_311' title='bbox 539 2218 823 2262; x_wconf 80' lang='lat' dir='ltr'><strong>propugnacula,</strong></span> <span class='ocrx_word' id='word_1_312' title='bbox 849 2229 942 2263; x_wconf 86' lang='lat' dir='ltr'><strong>quae</strong></span> <span class='ocrx_word' id='word_1_313' title='bbox 966 2217 1106 2253; x_wconf 86' lang='lat' dir='ltr'><strong>ibidem</strong></span> <span class='ocrx_word' id='word_1_314' title='bbox 1118 2223 1237 2257; x_wconf 80' lang='lat' dir='ltr'><strong>erant,</strong></span> <span class='ocrx_word' id='word_1_315' title='bbox 1254 2221 1404 2261; x_wconf 83' lang='lat' dir='ltr'><strong>repente</strong></span> <span class='ocrx_word' id='word_1_316' title='bbox 1428 2217 1473 2250; x_wconf 88' lang='lat' dir='ltr'><strong><em>ab</em></strong></span> <span class='ocrx_word' id='word_1_317' title='bbox 1499 2217 1581 2249; x_wconf 80' lang='lat' dir='ltr'><strong>aliis</strong></span> 
     </span>
     <span class='ocr_line' id='line_1_35' title="bbox 131 2261 1582 2311; baseline 0.001 -17"><span class='ocrx_word' id='word_1_318' title='bbox 131 2261 298 2303; x_wconf 78' lang='lat' dir='ltr'>avulsae,</span> <span class='ocrx_word' id='word_1_319' title='bbox 328 2263 371 2301; x_wconf 18' lang='lat' dir='ltr'><strong>*in</strong></span> <span class='ocrx_word' id='word_1_320' title='bbox 397 2274 570 2311; x_wconf 82' lang='lat' dir='ltr'><strong>praeceps</strong></span> <span class='ocrx_word' id='word_1_321' title='bbox 606 2265 782 2308; x_wconf 79' lang='lat' dir='ltr'><strong>ruebant3</strong></span> <span class='ocrx_word' id='word_1_322' title='bbox 817 2271 923 2310; x_wconf 85' lang='lat' dir='ltr'><strong>porta</strong></span> <span class='ocrx_word' id='word_1_323' title='bbox 956 2265 1036 2310; x_wconf 86' lang='lat' dir='ltr'><strong>ipsa</strong></span> <span class='ocrx_word' id='word_1_324' title='bbox 1062 2265 1101 2298; x_wconf 88' lang='lat' dir='ltr'><strong><em>in</em></strong></span> <span class='ocrx_word' id='word_1_325' title='bbox 1132 2263 1201 2298; x_wconf 85' lang='lat' dir='ltr'><strong><em>hac</em></strong></span> <span class='ocrx_word' id='word_1_326' title='bbox 1224 2266 1373 2309; x_wconf 72' lang='lat' dir='ltr'><strong>regione</strong></span> <span class='ocrx_word' id='word_1_327' title='bbox 1398 2274 1582 2297; x_wconf 87' lang='lat' dir='ltr'><strong>murorum</strong></span> 
     </span>
     <span class='ocr_line' id='line_1_36' title="bbox 133 2307 1584 2356; baseline 0.001 -16"><span class='ocrx_word' id='word_1_328' title='bbox 133 2307 227 2348; x_wconf 81' lang='lat' dir='ltr'><strong>sita,</strong></span> <span class='ocrx_word' id='word_1_329' title='bbox 249 2307 470 2347; x_wconf 83' lang='lat' dir='ltr'><strong>validissime</strong></span> <span class='ocrx_word' id='word_1_330' title='bbox 486 2336 495 2352; x_wconf 93' lang='lat'>‚</span> <span class='ocrx_word' id='word_1_331' title='bbox 523 2315 651 2356; x_wconf 84' lang='lat' dir='ltr'>utpote</span> <span class='ocrx_word' id='word_1_332' title='bbox 669 2312 921 2356; x_wconf 83' lang='lat' dir='ltr'><strong>praesentibus</strong></span> <span class='ocrx_word' id='word_1_333' title='bbox 943 2311 1133 2354; x_wconf 75' lang='lat' dir='ltr'><strong>hostibus,</strong></span> <span class='ocrx_word' id='word_1_334' title='bbox 1159 2312 1281 2345; x_wconf 73' lang='lat' dir='ltr'><strong>clausa</strong></span> <span class='ocrx_word' id='word_1_335' title='bbox 1308 2310 1519 2351; x_wconf 82' lang='lat' dir='ltr'><strong>tenebatur,</strong></span> <span class='ocrx_word' id='word_1_336' title='bbox 1546 2315 1584 2342; x_wconf 87' lang='lat' dir='ltr'><strong><em>ct</em></strong></span> 
     </span>
     <span class='ocr_line' id='line_1_37' title="bbox 135 2354 1582 2402; baseline 0.001 -15"><span class='ocrx_word' id='word_1_337' title='bbox 135 2354 252 2387; x_wconf 84' lang='lat' dir='ltr'><strong>claves</strong></span> <span class='ocrx_word' id='word_1_338' title='bbox 281 2366 302 2388; x_wconf 83' lang='lat' dir='ltr'><strong>a</strong></span> <span class='ocrx_word' id='word_1_339' title='bbox 324 2356 532 2396; x_wconf 74' lang='lat' dir='ltr'><strong>custodibus</strong></span> <span class='ocrx_word' id='word_1_340' title='bbox 553 2358 847 2402; x_wconf 77' lang='lat' dir='ltr'><strong>asservabantur3</strong></span> <span class='ocrx_word' id='word_1_341' title='bbox 871 2364 947 2392; x_wconf 89' lang='lat' dir='ltr'><strong>tota</strong></span> <span class='ocrx_word' id='word_1_342' title='bbox 966 2369 1051 2392; x_wconf 87' lang='lat' dir='ltr'><strong>vero</strong></span> <span class='ocrx_word' id='word_1_343' title='bbox 1079 2359 1149 2392; x_wconf 78' lang='lat' dir='ltr'><strong>ista</strong></span> <span class='ocrx_word' id='word_1_344' title='bbox 1167 2371 1240 2393; x_wconf 89' lang='lat' dir='ltr'><strong>una</strong></span> <span class='ocrx_word' id='word_1_345' title='bbox 1262 2369 1343 2391; x_wconf 87' lang='lat' dir='ltr'><strong>cum</strong></span> <span class='ocrx_word' id='word_1_346' title='bbox 1364 2358 1438 2390; x_wconf 86' lang='lat' dir='ltr'><strong>suis</strong></span> <span class='ocrx_word' id='word_1_347' title='bbox 1467 2358 1582 2390; x_wconf 84' lang='lat' dir='ltr'><strong>vecti-</strong></span> 
     </span>
     <span class='ocr_line' id='line_1_38' title="bbox 134 2399 1582 2448; baseline 0.001 -14"><span class='ocrx_word' id='word_1_348' title='bbox 134 2399 204 2434; x_wconf 86' lang='lat' dir='ltr'><strong><em>bus</em></strong></span> <span class='ocrx_word' id='word_1_349' title='bbox 230 2405 267 2434; x_wconf 85' lang='lat' dir='ltr'><strong>et</strong></span> <span class='ocrx_word' id='word_1_350' title='bbox 285 2404 462 2448; x_wconf 83' lang='lat' dir='ltr'><strong>repagulis</strong></span> <span class='ocrx_word' id='word_1_351' title='bbox 481 2415 627 2440; x_wconf 83' lang='lat' dir='ltr'><strong>excussa</strong></span> <span class='ocrx_word' id='word_1_352' title='bbox 645 2406 689 2439; x_wconf 78' lang='lat' dir='ltr'><strong><em>in&#39;</em></strong></span> <span class='ocrx_word' id='word_1_353' title='bbox 703 2406 807 2438; x_wconf 82' lang='lat' dir='ltr'><strong>littus</strong></span> <span class='ocrx_word' id='word_1_354' title='bbox 831 2411 868 2439; x_wconf 87' lang='lat' dir='ltr'><strong>et</strong></span> <span class='ocrx_word' id='word_1_355' title='bbox 887 2417 972 2439; x_wconf 81' lang='lat' dir='ltr'><strong>saxa</strong></span> <span class='ocrx_word' id='word_1_356' title='bbox 994 2406 1175 2439; x_wconf 82' lang='lat' dir='ltr'><strong>maritima</strong></span> <span class='ocrx_word' id='word_1_357' title='bbox 1189 2411 1244 2439; x_wconf 84' lang='lat' dir='ltr'><strong>est</strong></span> <span class='ocrx_word' id='word_1_358' title='bbox 1260 2404 1430 2448; x_wconf 85' lang='lat' dir='ltr'><strong>collapsa,</strong></span> <span class='ocrx_word' id='word_1_359' title='bbox 1455 2403 1582 2437; x_wconf 91' lang='lat' dir='ltr'><strong>simul-</strong></span> 
     </span>
     <span class='ocr_line' id='line_1_39' title="bbox 135 2449 1583 2497; baseline 0.001 -18"><span class='ocrx_word' id='word_1_360' title='bbox 135 2458 210 2492; x_wconf 89' lang='lat' dir='ltr'><strong>que</strong></span> <span class='ocrx_word' id='word_1_361' title='bbox 233 2449 352 2481; x_wconf 86' lang='lat' dir='ltr'><strong>omnia</strong></span> <span class='ocrx_word' id='word_1_362' title='bbox 374 2461 464 2495; x_wconf 77' lang='lat' dir='ltr'><strong>quae</strong></span> <span class='ocrx_word' id='word_1_363' title='bbox 487 2452 544 2491; x_wconf 84' lang='lat' dir='ltr'><strong>illi</strong></span> <span class='ocrx_word' id='word_1_364' title='bbox 566 2451 812 2485; x_wconf 83' lang='lat' dir='ltr'><strong>adhaerebant</strong></span> <span class='ocrx_word' id='word_1_365' title='bbox 837 2453 988 2497; x_wconf 84' lang='lat' dir='ltr'><strong>abrepta</strong></span> <span class='ocrx_word' id='word_1_366' title='bbox 1015 2458 1122 2494; x_wconf 85' lang='lat' dir='ltr'><strong>sunt,</strong></span> <span class='ocrx_word' id='word_1_367' title='bbox 1147 2458 1425 2497; x_wconf 72' lang='lat' dir='ltr'><strong>antepagmenta</strong></span> <span class='ocrx_word' id='word_1_368' title='bbox 1450 2450 1583 2483; x_wconf 88' lang='lat' dir='ltr'><strong>videli-</strong></span> 
     </span>
     <span class='ocr_line' id='line_1_40' title="bbox 135 2496 1583 2544; baseline 0.001 -18"><span class='ocrx_word' id='word_1_369' title='bbox 135 2499 195 2527; x_wconf 85' lang='lat' dir='ltr'><strong>cet</strong></span> <span class='ocrx_word' id='word_1_370' title='bbox 234 2498 270 2527; x_wconf 85' lang='lat' dir='ltr'><strong>et</strong></span> <span class='ocrx_word' id='word_1_371' title='bbox 305 2496 575 2541; x_wconf 69' lang='lat' dir='ltr'><strong>superliminare</strong></span> <span class='ocrx_word' id='word_1_372' title='bbox 615 2503 653 2531; x_wconf 89' lang='lat' dir='ltr'><strong>et</strong></span> <span class='ocrx_word' id='word_1_373' title='bbox 685 2499 849 2533; x_wconf 82' lang='lat' dir='ltr'><strong>cardines</strong></span> <span class='ocrx_word' id='word_1_374' title='bbox 877 2500 1067 2533; x_wconf 67' lang='lat' dir='ltr'><strong><em>⁴liminares</em></strong></span> <span class='ocrx_word' id='word_1_375' title='bbox 1100 2501 1134 2533; x_wconf 88' lang='lat' dir='ltr'><strong><em>ei</em></strong></span> <span class='ocrx_word' id='word_1_376' title='bbox 1161 2500 1327 2544; x_wconf 78' lang='lat' dir='ltr'><strong>coaptati.</strong></span> <span class='ocrx_word' id='word_1_377' title='bbox 1386 2497 1450 2531; x_wconf 83' lang='lat' dir='ltr'><strong><em>His</em></strong></span> <span class='ocrx_word' id='word_1_378' title='bbox 1475 2507 1583 2541; x_wconf 88' lang='lat' dir='ltr'><strong>pera-</strong></span> 
     </span>
     <span class='ocr_line' id='line_1_41' title="bbox 135 2540 1585 2592; baseline 0.001 -19"><span class='ocrx_word' id='word_1_379' title='bbox 135 2541 224 2582; x_wconf 80' lang='lat' dir='ltr'><strong>ctis,</strong></span> <span class='ocrx_word' id='word_1_380' title='bbox 249 2540 366 2574; x_wconf 80' lang='lat' dir='ltr'><strong>facilis</strong></span> <span class='ocrx_word' id='word_1_381' title='bbox 390 2541 557 2589; x_wconf 84' lang='lat' dir='ltr'><strong>deinceps</strong></span> <span class='ocrx_word' id='word_1_382' title='bbox 575 2545 744 2586; x_wconf 76' lang='lat' dir='ltr'><strong>Romanis</strong></span> <span class='ocrx_word' id='word_1_383' title='bbox 769 2547 809 2578; x_wconf 87' lang='lat' dir='ltr'><strong><em>in</em></strong></span> <span class='ocrx_word' id='word_1_384' title='bbox 826 2546 1000 2592; x_wconf 78' lang='lat' dir='ltr'><strong>oppidum</strong></span> <span class='ocrx_word' id='word_1_385' title='bbox 1016 2548 1195 2591; x_wconf 80' lang='lat' dir='ltr'><strong>ingressus</strong></span> <span class='ocrx_word' id='word_1_386' title='bbox 1225 2545 1432 2583; x_wconf 80' lang='lat' dir='ltr'><strong>videbatur,</strong></span> <span class='ocrx_word' id='word_1_387' title='bbox 1460 2549 1496 2576; x_wconf 85' lang='lat' dir='ltr'><strong>et</strong></span> <span class='ocrx_word' id='word_1_388' title='bbox 1514 2542 1585 2575; x_wconf 90' lang='lat' dir='ltr'><strong><em>ho-</em></strong></span> 
     </span>
     <span class='ocr_line' id='line_1_42' title="bbox 137 2588 1586 2638; baseline 0.001 -18"><span class='ocrx_word' id='word_1_389' title='bbox 137 2588 204 2629; x_wconf 65' lang='lat' dir='ltr'><strong>atis</strong></span> <span class='ocrx_word' id='word_1_390' title='bbox 232 2588 525 2623; x_wconf 82' lang='lat' dir='ltr'><strong>contemnendus.</strong></span> <span class='ocrx_word' id='word_1_391' title='bbox 574 2591 647 2625; x_wconf 89' lang='lat' dir='ltr'><strong>Sed</strong></span> <span class='ocrx_word' id='word_1_392' title='bbox 674 2591 791 2634; x_wconf 87' lang='lat' dir='ltr'><strong>ethic</strong></span> <span class='ocrx_word' id='word_1_393' title='bbox 812 2604 874 2638; x_wconf 91' lang='lat' dir='ltr'><strong>spe</strong></span> <span class='ocrx_word' id='word_1_394' title='bbox 904 2605 967 2626; x_wconf 90' lang='lat' dir='ltr'><strong>sua</strong></span> <span class='ocrx_word' id='word_1_395' title='bbox 993 2599 1078 2633; x_wconf 80' lang='lat' dir='ltr'><strong>sunt</strong></span> <span class='ocrx_word' id='word_1_396' title='bbox 1101 2593 1274 2627; x_wconf 84' lang='lat' dir='ltr'><strong>frustrati.</strong></span> <span class='ocrx_word' id='word_1_397' title='bbox 1325 2592 1452 2624; x_wconf 81' lang='lat' dir='ltr'><strong>Hiatus</strong></span> <span class='ocrx_word' id='word_1_398' title='bbox 1488 2590 1586 2623; x_wconf 87' lang='lat' dir='ltr'><strong>enim</strong></span> 
     </span>
     <span class='ocr_line' id='line_1_43' title="bbox 137 2633 1586 2686; baseline 0.001 -19"><span class='ocrx_word' id='word_1_399' title='bbox 137 2633 288 2680; x_wconf 73' lang='lat' dir='ltr'><strong>quidam</strong></span> <span class='ocrx_word' id='word_1_400' title='bbox 308 2641 345 2668; x_wconf 88' lang='lat' dir='ltr'><strong>et</strong></span> <span class='ocrx_word' id='word_1_401' title='bbox 361 2634 514 2680; x_wconf 81' lang='lat' dir='ltr'><strong>abrupta</strong></span> <span class='ocrx_word' id='word_1_402' title='bbox 533 2637 693 2671; x_wconf 88' lang='lat' dir='ltr'><strong>locorum</strong></span> <span class='ocrx_word' id='word_1_403' title='bbox 710 2643 780 2672; x_wconf 81' lang='lat' dir='ltr'><strong><em>tam</em></strong></span> <span class='ocrx_word' id='word_1_404' title='bbox 795 2640 834 2672; x_wconf 88' lang='lat' dir='ltr'><strong><em>in</em></strong></span> <span class='ocrx_word' id='word_1_405' title='bbox 850 2640 928 2685; x_wconf 87' lang='lat' dir='ltr'><strong>ipso</strong></span> <span class='ocrx_word' id='word_1_406' title='bbox 945 2640 1037 2673; x_wconf 87' lang='lat' dir='ltr'><strong>colle</strong></span> <span class='ocrx_word' id='word_1_407' title='bbox 1052 2651 1160 2686; x_wconf 89' lang='lat' dir='ltr'><strong>quam</strong></span> <span class='ocrx_word' id='word_1_408' title='bbox 1190 2641 1229 2672; x_wconf 90' lang='lat' dir='ltr'><strong><em>in</em></strong></span> <span class='ocrx_word' id='word_1_409' title='bbox 1253 2638 1390 2675; x_wconf 74' lang='lat' dir='ltr'><strong>ambitu</strong></span> <span class='ocrx_word' id='word_1_410' title='bbox 1411 2638 1586 2673; x_wconf 78' lang='lat' dir='ltr'><strong>interiore</strong></span> 
     </span>
     <span class='ocr_line' id='line_1_44' title="bbox 137 2679 1586 2732; baseline 0.001 -18"><span class='ocrx_word' id='word_1_411' title='bbox 137 2679 181 2724; x_wconf 64' lang='lat' dir='ltr'><strong><em>iu</em></strong></span> <span class='ocrx_word' id='word_1_412' title='bbox 198 2681 346 2727; x_wconf 87' lang='lat' dir='ltr'><strong>longum</strong></span> <span class='ocrx_word' id='word_1_413' title='bbox 364 2687 553 2726; x_wconf 86' lang='lat' dir='ltr'><strong>protensa,</strong></span> <span class='ocrx_word' id='word_1_414' title='bbox 580 2684 729 2718; x_wconf 89' lang='lat' dir='ltr'><strong>arduum</strong></span> <span class='ocrx_word' id='word_1_415' title='bbox 752 2697 872 2720; x_wconf 86' lang='lat' dir='ltr'><strong>revera</strong></span> <span class='ocrx_word' id='word_1_416' title='bbox 892 2685 1084 2732; x_wconf 90' lang='lat' dir='ltr'><strong>nihiloque</strong></span> <span class='ocrx_word' id='word_1_417' title='bbox 1109 2687 1227 2720; x_wconf 85' lang='lat' dir='ltr'><strong>minus</strong></span> <span class='ocrx_word' id='word_1_418' title='bbox 1256 2696 1363 2731; x_wconf 86' lang='lat' dir='ltr'><strong>quam</strong></span> <span class='ocrx_word' id='word_1_419' title='bbox 1394 2687 1501 2718; x_wconf 82' lang='lat' dir='ltr'><strong>antea</strong></span> <span class='ocrx_word' id='word_1_420' title='bbox 1525 2693 1586 2715; x_wconf 86' lang='lat' dir='ltr'><strong><em>ac-</em></strong></span> 
     </span>
     <span class='ocr_line' id='line_1_45' title="bbox 142 2728 1585 2777; baseline 0.002 -17"><span class='ocrx_word' id='word_1_421' title='bbox 142 2736 251 2764; x_wconf 55' lang='lat' dir='ltr'><strong>censu</strong></span> <span class='ocrx_word' id='word_1_422' title='bbox 276 2728 427 2763; x_wconf 77' lang='lat' dir='ltr'><strong>difficile</strong></span> <span class='ocrx_word' id='word_1_423' title='bbox 450 2729 624 2777; x_wconf 73' lang='lat' dir='ltr'><strong>oppidum</strong></span> <span class='ocrx_word' id='word_1_424' title='bbox 652 2731 862 2775; x_wconf 77' lang='lat' dir='ltr'><strong>reddebant.</strong></span> <span class='ocrx_word' id='word_1_425' title='bbox 911 2733 1040 2767; x_wconf 80' lang='lat' dir='ltr'><strong>Narses</strong></span> <span class='ocrx_word' id='word_1_426' title='bbox 1067 2734 1197 2767; x_wconf 85' lang='lat' dir='ltr'><strong>iterato</strong></span> <span class='ocrx_word' id='word_1_427' title='bbox 1220 2733 1364 2767; x_wconf 82' lang='lat' dir='ltr'><strong>summis</strong></span> <span class='ocrx_word' id='word_1_428' title='bbox 1388 2731 1524 2766; x_wconf 82' lang='lat' dir='ltr'><strong>viribus</strong></span> <span class='ocrx_word' id='word_1_429' title='bbox 1544 2730 1585 2763; x_wconf 82' lang='lat' dir='ltr'><strong><em>in</em></strong></span> 
     </span>
    </p>
   </div>
  </div>
 </body>
</html>
