1794 3112
625 167 943 211 PRAErAi-m.
1288 219 1290 221 ,
1470 165 1490 200 1
1508 164 1528 199 1

106 270 317 335 αφήγητα,
343 268 394 315 οὗ
411 270 538 326 μόνον
556 267 639 312 ὖπὸ
664 266 830 326 ἀνδρῶν
845 267 907 311 ἔτι
921 271 1123 322 βιούντων
1135 265 1274 322 τυχὸν,
1291 268 1449 320 μᾶλλον
1462 266 1539 318 μὲν

105 338 264 384 οὖνκαὶ
279 340 362 382 τῶν
382 333 463 392 ἤδη
487 333 789 388 ἀποιχομένων,
818 333 892 375 καί
912 330 1099 394 οὖδενότι
1119 333 1294 388 παρήσω
1317 329 1539 384 τῶν-λόγου

105 404 246 456 ἄξι’ων.
306 403 525 458 Τοιγάρτοι
547 401 587 442 εἰ
603 402 675 441 καί
705 397 763 454 μή
786 398 983 454 πρότερον
1006 399 1050 447 ἐς
1080 396 1127 439 τὸ
1156 395 1406 454 ξυγγράφειν
1434 409 1540 450 προ-

102 471 258 526 ἤγμαι,
287 464 316 523 ἢ
351 465 480 520 μόνον
513 466 557 516 ἐξ
594 460 689 506 ὅτου
712 460 932 512 Ἰουστῖνος
963 461 986 504 ὃ
1020 463 1113 511 νέος
1147 461 1220 516 τὴν
1254 460 1540 515 αὐτοκράτορα

78 535 309 590 5μετῆλθεν
344 529 504 587 οἷρχὴν,
536 527 832 572 Ἰουστινιανοῦ
862 525 1131 583 τεθνηκότος,
1188 527 1278 567 ἀλλ’
1313 525 1438 579 ἔγωγε
1471 525 1584 566 καίΙ)

103 597 177 642 ἐπὶ
196 596 297 647 τούς
327 593 520 652 ἀνωτέρω
549 594 731 651 χρόνους
757 591 1110 650 ἆναδραμοῦμαι,
1152 593 1226 634 καί
1263 590 1395 633 ὁπόσα
1426 585 1542 632 οὔπω

102 661 230 722 ἑτέρῳ
249 679 306 722 τῳ
334 663 611 716 ἐκπεπόνηται
620 695 632 714 ,
658 662 793 701 ταῦτα
825 660 872 701 δὲ
892 660 1041 701 οἰκεῖον
1066 657 1296 712 ποιήσομαι
1319 655 1450 711 ἔργον.
1490 653 1543 697 τοὶ

100 732 180 785 μὲν
194 727 274 784 γὰρ
294 733 466 770 πλεῖστα
485 731 570 770 ταῖν
582 725 687 768 κατὰ
698 724 797 776 τούς
812 726 1118 784 Ἰουστινιανοῧ
1130 723 1312 778 χρόνους
1329 721 1544 776 γεγενημέ-

101 811 199 849 νων,
229 792 371 848 ἐπειδή
388 795 616 851 Προκοπίῳ
636 793 695 849 τῷ
714 792 863 848 ῥήτορι
880 791 938 848 τῷ
957 791 1277 845 Καισαρειάθεν
1295 790 1338 837 ἐς
1362 785 1410 828 τὸ
1427 787 1544 841 ἄκρι-

53 862 174 916 ιοβὲς
188 861 510 916 α’ναγέγραπται,
539 859 736 914 παριτέον
759 859 894 899 ἐκεῖνα
912 856 1066 910 ἐζιιοιγε,
1090 851 1166 896 ἅτε
1189 854 1239 910 δή
1267 850 1546 907 ἀποχρώντως

100 926 310 982 εἶρημένα·
339 923 393 965 τὰ
414 924 460 965 δὲ
491 927 582 977 μετ’
607 924 784 976 ἐκεῖνον,
825 919 880 972 ὥς
909 917 996 963 οἷόν
1015 937 1077 973 τε,
1106 921 1314 970 διεξιτέον.
1340 917 1618 973 προοίμιαΡ-8

98 991 178 1046 μὲν
197 988 278 1044 γὰρ
303 988 418 1046 adu?
433 990 505 1044 τῆς
531 987 716 1044 ἱστορίας
745 984 969 1043 Ἀρκάδιος
1002 984 1206 1038 ἅποβιοὺς
1242 982 1443 1039 ἐποιήθη,
1472 981 1620 1024 mlv-S

98 1056 159 1112 τῷ
195 1055 351 1097 ἐκείνου
391 1054 512 1095 παιδὶ
552 1052 762 1110 Θεοδοσίῳ
794 1049 1045 1108 Ἰσδιγέριῖης
1072 1050 1093 1092 ὃ
1126 1052 1309 1105 Περσῶν
1343 1045 1542 1103 βασιλεύς

47 1116 49 1118 ’
101 1117 290 1175 κηδεμών
312 1121 600 1174 γεγενημένος,
628 1115 1041 1174 τά·τε·οὕαραράνῃ
1069 1115 1142 1158 καί
1170 1115 1345 1173 -Περόζῃ
1378 1117 1542 1164 ξυνενε-

31 1185 273 1239 «ιόχθέντα,
302 1184 375 1226 καὶ
393 1181 506 1234 ὅπως
527 1184 734 1239 Καβάὸης
757 1181 957 1237 βασιλεὺς
979 1180 1190 1230 καταστὰς
1216 1180 1432 1240 ἀφῄρηται
1462 1177 1539 1234 τήν

84 1250 230 1304 ἀρχὴν
258 1251 329 1292 καί
353 1246 441 1292 εἶτα
465 1250 620 1292 θᾶττον
654 1248 788 1305 αὐτὴν
819 1249 1116 1302 ἀνεκομίσατο,
1158 1244 1269 1297 ὅπως
1319 1263 1363 1290 τε
1380 1241 1611 1300 νΑμιὸαΒ,

97 1311 185 1371 ἥλω
220 1313 326 1372 πρὸς
355 1313 516 1368 αὐτοῦ,
550 1315 833 1358 Ἀναστασιόυ
856 1312 1087 1367 “Ρωμαι’ων
1122 1312 1438 1367 βασιλεύοντος,
1476 1314 1551 1353 καί

99 1376 223 1429 ὅσους
247 1375 374 1436 αὖθις
405 1383 498 1433 μετ’
527 1382 680 1422 ἐκεῖνον
701 1377 924 1429 Ἰουστῖνος
956 1378 977 1421 ὅ
1002 1379 1236 1435 πρεσβύτης
1267 1381 1313 1421 ἒν
1342 1379 1449 1434 τῷδε
1487 1378 1548 1433 τῷ

100 1443 207 1503 ἔργῳ
244 1447 455 1496 διεδέξατο
505 1445 669 1494 πόνους.
719 1443 812 1500 ἑξῆς
851 1447 897 1487 δὲ
933 1443 1032 1494 τούς
1067 1442 1307 1501 Περσικούς
1338 1445 1547 1496 πολέμους

47 1509 251 1556 αοόπόσοι
269 1509 318 1566 δὴ
342 1509 447 1567 πρός
466 1527 508 1553 τε
526 1511 734 1566 Καβάδην
746 1514 818 1552 καί
830 1509 1024 1566 Χοσρὸην
1040 1511 1154 1567 ἀμφὶ
1167 1510 1327 1566 Συρῶιν
1350 1508 1422 1550 καί
1441 1507 1546 1564 Ἀρ-

192 1590 227 1614 2.
253 1574 324 1610 οὖν
346 1578 471 1611 addidi
500 1589 544 1611 ex
557 1580 606 1623 Ji.
690 1578 722 1621 4.
747 1576 955 1614 Ἵουστῖνος
979 1578 998 1611 ὅ
1024 1579 1130 1618 νέος.,
1156 1579 1265 1622 Intpr.
1287 1579 1449 1611 Iustinus
1468 1577 1544 1621 ipse

194 1632 230 1659 et
251 1624 388 1658 iunior.
405 1626 500 1658 Fort.
523 1624 634 1661 οὗτος
653 1624 673 1658 ὁ
694 1626 787 1661 νέος.
860 1636 892 1669 7.
908 1623 1020 1670 ἑτέρω
1039 1634 1077 1657 τε
1100 1627 1136 1657 R.
1207 1637 1239 1668 9.
1259 1626 1306 1668 τῴ
1328 1629 1410 1656 ante
1428 1625 1541 1655 Καισ.

179 1670 273 1704 add.
291 1681 336 1703 ex
350 1672 388 1704 R.
467 1672 518 1705 13.
543 1672 626 1704 Post
646 1670 832 1715 Θεοδοσίῳ
856 1670 935 1703 add.
957 1672 1067 1715 Intpr.
1090 1679 1125 1704 et
1142 1673 1288 1716 imperii
1303 1669 1545 1716 procuratio-

191 1728 285 1757 nem,
310 1717 386 1754 scil.
409 1719 472 1749 καὶ
499 1717 542 1761 τῇ
562 1717 743 1760 βασιλείᾳ.
817 1716 1043 1762 Ἰσιῖιγὲρδης
1063 1720 1116 1758 Ρι.,
1139 1717 1276 1761 Ἰσδηγ.
1296 1718 1389 1761 vulg.
1488 1718 1541 1757 ¹4·

194 1762 418 1810 Οὔαραροένῃ
446 1763 503 1804 N„
530 1762 748 1809 Οιῖαραβιένῃ
774 1765 825 1805 R„
855 1762 1029 1809 Ουάριένῃ
1052 1765 1147 1809 vulg.
1247 1764 1296 1797 16.
1321 1760 1482 1808 ᾎαιδον
1502 1763 1541 1796 R.

98 1825 215 1872 sequi.
263 1826 460 1871 Persequar
495 1831 618 1859 autem
649 1836 890 1871 quaecunque
922 1825 1174 1859 memorabilia
1215 1830 1289 1858 tam
1322 1838 1342 1859 a
1375 1825 1542 1858 Romanis

100 1883 208 1919 quam
229 1870 392 1908 barbaris
410 1873 575 1916 plurimis
595 1871 663 1905 hac
683 1877 897 1916 tempestate
921 1878 1006 1905 sunt
1029 1877 1140 1917 gesta,
1165 1883 1239 1905 non
1258 1883 1382 1905 eorum
1400 1876 1543 1904 tantum

100 1919 166 1964 qui
183 1917 300 1951 adhue
317 1919 468 1952 fortasse
491 1919 631 1959 vivunt,
657 1919 767 1952 immo
791 1930 875 1951 vero
896 1919 1007 1963 magis
1031 1920 1138 1952 etiam
1160 1930 1282 1952 eorum
1300 1919 1363 1963 qui
1383 1919 1455 1950 iam
1476 1917 1543 1951 de-

99 1970 300 2007 cesserunt3
328 1964 497 2011 nihilque
523 1977 567 1998 ex
590 1965 657 2004 iis,
684 1977 778 2010 quae
798 1970 998 1998 memoratu
1033 1965 1141 2010 digua
1167 1964 1408 2000 videbuntur..
1433 1965 1542 1996 omit-

99 2015 187 2047 tam.
227 2011 407 2056 Quocirca
426 2012 572 2045 tametsi
593 2023 667 2044 non
689 2013 790 2056 prius
814 2011 859 2044 ad
877 2011 1104 2044 scribendam
1118 2011 1308 2044 historiam
1320 2022 1376 2044 me
1392 2011 1542 2051 contuli,
1585 2029 1602 2057 g

100 2068 209 2103 quam
223 2068 267 2090 ex
281 2068 352 2102 quo
364 2063 526 2102 tempore
543 2059 702 2090 Iustinus
718 2059 841 2091 iunior
855 2057 901 2090 ad
914 2057 1108 2102 imperium
1128 2058 1293 2097 accessit,
1319 2062 1460 2090 mortuo
1479 2057 1542 2089 Iu-

99 2103 258 2137 stiniano
278 2117 287 2136 ε
313 2103 359 2136 ad
381 2105 568 2149 superiora
591 2109 712 2136 tamen
728 2104 837 2136 etiam
852 2109 1017 2147 tempora
1032 2116 1227 2146 recurram3
1253 2109 1290 2137 et
1304 2114 1542 2149 quaecunque

100 2160 122 2186 a
145 2150 291 2183 nemine
325 2149 443 2183 adhuc
470 2151 543 2183 alio
566 2155 651 2183 sunt
672 2149 869 2191 elaborata,
912 2150 1004 2182 mihi
1032 2150 1246 2191 vindicabo,
1283 2150 1542 2195 propriumque

99 2206 190 2240 opus
204 2195 368 2229 efficiam.
397 2197 571 2242 Pleraque
586 2197 682 2229 enim
696 2197 888 2229 Iustiniani
905 2197 1127 2241 temporibus
1143 2203 1240 2242 gesta
1259 2207 1338 2229 cum
1350 2197 1542 2240 Procopius

99 2241 342 2275 Caesariensis
376 2241 499 2277 rhetor
531 2248 696 2276 accurate
723 2243 995 2288 conscripserit,
1033 2242 1123 2275 mihi
1146 2243 1411 2288 praetereunda
1440 2241 1541 2276 iudi-

98 2287 198 2328 cavi,
221 2293 264 2321 ut
291 2287 399 2332 plene
426 2290 511 2323 satis
543 2294 717 2331 tractata3
742 2300 832 2334 quae
861 2301 945 2322 vero
976 2295 1058 2333 post
1083 2290 1189 2322 illum
1214 2289 1442 2330 acciderunt,
1474 2300 1541 2333 pro

97 2332 197 2366 virili
220 2335 484 2380 persequenda.
523 2334 645 2368 'Orsus
671 2334 768 2368 enim
792 2340 846 2369 est
867 2336 930 2368 ille
951 2335 1138 2369 historiam
1159 2347 1262 2369 suam
1289 2348 1309 2368 a
1335 2341 1450 2369 morte
1471 2335 1541 2369 Ar-

98 2377 215 2420 cadii,
247 2385 362 2425 utque
388 2381 464 2415 filio
489 2382 588 2416 illius
618 2381 826 2416 Theodosio
868 2381 1068 2419 Isdieerdes
1109 2387 1210 2415 tutor
1246 2382 1358 2415 suerit
1390 2382 1541 2415 institu-

97 2429 177 2464 tus,
211 2429 248 2458 et
271 2425 316 2458 ab
345 2426 390 2460 iis
416 2440 510 2474 quae
532 2428 739 2461 Vararanae
765 2429 975 2462 et'Perozae
1002 2428 1231 2469 acciderunt,
1271 2434 1307 2462 et
1331 2440 1403 2474 quo
1429 2434 1536 2473 pacto

98 2469 266 2505 cabades
294 2482 357 2505 rex
389 2479 528 2507 creatus
557 2486 665 2519 regno
691 2479 821 2508 exutus
853 2475 965 2508 fuerit
993 2474 1162 2521 idemque
1193 2480 1318 2519 postea
1347 2486 1538 2519 recupera-

98 2516 166 2557 rit,
203 2521 317 2562 utque
346 2517 510 2553 Amidam
534 2521 604 2564 ipsi
629 2521 819 2554 Anastasio
842 2522 1082 2561 Romanorum
1105 2523 1180 2566 regi
1204 2522 1395 2566 eripuerit3
1421 2532 1538 2566 quan-

98 2565 155 2595 tos
187 2573 310 2596 rursus
339 2570 424 2608 post
451 2564 548 2599 hunc
572 2567 733 2600 Iustinus
759 2567 879 2600 senior
908 2567 995 2601 huic
1023 2569 1124 2612 operi
1144 2567 1286 2601 labores
1309 2566 1539 2611 impenderit.

97 2607 331 2654 Persequitur
345 2609 591 2645 deinde'bella
608 2613 760 2653 Persica,
787 2619 969 2659 quotquot
988 2613 1157 2647 adversus
1173 2613 1353 2647 Cabadem
1374 2618 1408 2645 et
1422 2612 1538 2646 Chos-

98 2657 199 2687 roem
224 2655 317 2689 circa
343 2655 482 2700 Syriam
505 2657 781 2704 Armeniamque
822 2665 859 2692 et
886 2671 951 2704 per
974 2661 1148 2693 Lazorum
1182 2659 1334 2692 confinia
1364 2659 1537 2692 Iustinia-

39 2742 42 2746 .
96 2710 167 2733 nus
202 2702 441 2736 Romanorum
471 2704 677 2748 Imperator
712 2705 829 2749 gessit.
878 2706 976 2740 Haec
1003 2707 1123 2740 omnia
1157 2717 1176 2739 e
1196 2705 1367 2750 *Procopii
1393 2706 1534 2749 scriptis

100 2747 236 2790 optime
270 2748 500 2794 cognoveris,
518 2775 522 2779 -
541 2755 579 2784 et
612 2750 774 2786 Gelimer
796 2750 1022 2795 vandalum,
1058 2751 1380 2799 Carthaginemque
1408 2751 1535 2786 urbem
