1794 3112
643 143 1043 200 ‘ms'romARoM
1085 160 1136 198 ιι.
1176 162 1216 206 9
1310 182 1313 185 .
1545 137 1618 191 83

203 265 311 306 νῶτα
335 259 375 304 οἳ
401 259 608 316 Φράγγοι,
644 261 728 301 τῶν
753 260 831 312 μὲν
853 260 926 300 ἐπὶ
950 258 1028 301 τοῦ
1052 259 1191 310 δεξιοῦ
1213 257 1343 314 κέρως
1366 257 1671 312 τεταγμένωνΑ.
1686 264 1723 298 C.
1749 265 1790 299 55

198 326 420 380 εΡωμαίων
441 341 542 375 τους
560 327 721 368 ἐκεῖθεν
745 323 1071 378 λυμαινομένων,
1097 340 1179 366 των
1195 325 1242 366 δὲ
1262 326 1330 366 ἐπι
1327 322 1510 380 θάτερα
1527 313 1661 371 τουςῙ·
1675 313 1700 346 Ῑ·
1714 323 1756 357 27

201 391 381 449 ἐτέρους.
421 407 531 433 ουτω
564 407 610 432 τε
643 389 681 432 οἱ
703 385 897 446 ἄτρακτοι
916 389 1135 446 παραλλὰξ
1162 390 1205 437 ἐς
1229 389 1422 431 ταναντιά
1449 387 1630 445 φερόμε-

201 474 276 512 νοι,
305 458 377 499 καί
399 455 511 499 ἅπαν
539 454 585 498 τὸ
605 455 892 512 παρεμπίπτον
923 456 1235 512 διαφθείροντες
1259 454 1509 508 ἐλάνθανον,
1534 450 1630 495 οὕτε

174 521 473 580 ὄφυλοίξασθαι
514 523 595 564 τῶν
621 520 848 577 βαρβάρων
879 522 977 562 οἵων
1001 536 1044 562 τε
1085 520 1359 574 γιγνομὲνων,
1402 514 1497 560 οὔτε
1535 515 1633 560 ὅθεν

201 588 421 642 βάλλονται
443 589 591 644 σαφῶς
614 585 962 629 ἐπισκοπούντων.
1001 585 1278 638 ἀντιμέτωποι
1309 584 1387 640 γὰρ
1417 590 1502 632 τοῖς
1524 585 1670 626 ‘Pto-B

202 655 343 708 μαίοις
360 651 559 706 ἑστῶτες,
587 654 660 694 καί
676 654 719 702 ἐς
741 650 868 705 μόνον
887 650 935 697 τὸ
963 653 1060 692 aea-9³
1083 647 1237 698 αὖτοὺς
1256 650 1314 698 αἷς
1340 652 1503 691 ἕκαστοι
1534 650 1638 690 α’πο-

203 719 446 774 βλέποντες,
487 718 560 760 καί
587 717 693 774 πρὸς
721 719 798 771 μὲν
829 716 927 767 τούς
956 715 1194 772 ἒζιιπροσθεν
1224 713 1396 764 ὁπλίτας
1424 716 1470 756 ἐκ
1496 713 1639 770 χειρὸς

207 783 536 839 διαμαχόμενοι,
573 800 675 833 τους
706 785 752 825 δὲ
777 781 1048 833 ἱπποτοξότας
1086 779 1142 830 ὡς
1168 781 1217 836 δὴ
1257 775 1408 822 ὄπισθε
1438 778 1636 833 τεταγιιέ-
1651 791 1690 824 V.
1706 787 1748 824 33

153 865 304 899 ιονους
335 847 383 891 οὗ
410 849 526 902 μάλα
551 846 738 906 ὄρωντες,
765 865 816 890 τα
839 864 885 888 τε
916 848 1066 903 στέρνα
1087 863 1134 887 ου
1163 843 1432 900 βαλλόμενοι,
1461 844 1566 886 ἀλλὰ
1589 842 1640 885 τά

207 917 339 969 νῶτα,
368 931 442 956 ουκ
467 912 579 968 εἶχον
610 912 920 968 διαγιγνώσκειν
944 915 1069 968 οὗπερ
1100 910 1330 966 ἐτύγχανον
1357 926 1471 958 οντες
1499 909 1642 950 κακοῦ.

206 984 294 1028 τοῖς
313 949 361 1022 δὲ
385 979 591 1029 πλείστοις
614 976 714 1021 ουδὲ
735 979 810 1020 τοῦ
839 979 1056 1033 διαπορεῖν
1081 994 1150 1018 και
1172 973 1456 1032 αμφιγ-νοῆσαι
1477 991 1529 1015 τα
1552 989 1644 1014 ποι-

209 1043 367 1098 ου’μενα
390 1044 514 1123 χώρα
535 1046 734 1099 ἐγίγνετο,
767 1041 857 1097 α’μα
884 1044 937 1099 τῇ
960 1044 1093 1098 πληγῇ
1115 1043 1187 1096 τῆς
1210 1042 1402 1094 τελευτῆς
1423 1040 1646 1095 επιφοιτώ-

167 1106 172 1110 ’
210 1126 297 1166 σης.
325 1109 559 1165 πιπτόντων
584 1109 662 1167 γὰρ
688 1108 759 1155 αεὶ
782 1110 864 1151 τῶν
885 1106 1016 1160 ἐκτὸς,
1045 1104 1180 1156 ευθὺς
1212 1104 1251 1147 οἱ
1275 1104 1444 1147 ε’νδοθεν
1469 1105 1648 1160 ανεφαί-

161 1177 342 1229 ι5νοντο,
369 1175 443 1218 καί
465 1175 610 1218 τούτου
635 1174 757 1229 θαμὰ
780 1173 1049 1229 γιγνομένου,
1081 1171 1242 1228 διέρρει
1269 1166 1413 1218 αὖτοῖς
1433 1168 1486 1210 τὰ
1507 1168 1647 1223 πλήθη

211 1241 270 1289 ὥς
292 1241 472 1295 τάχιστα
486 1241 560 1283 καί
577 1237 815 1298 ἠφανίζετο,
841 1257 908 1281 και
928 1255 971 1287 ες
990 1236 1206 1292 ὀλιγότητα
1227 1234 1451 1290 ὑπεχώρει.
1477 1235 1522 1276 ἐν
1546 1249 1644 1274 του-
1654 1242 1680 1276 C

211 1308 267 1365 τῶ
284 1307 330 1347 δὲ
347 1306 552 1349 Σίνδουαλ
573 1323 619 1348 τε
643 1306 717 1348 καί
743 1305 782 1348 οἱ
810 1301 1002 1361 >Ἐρουλοι
1020 1303 1269 1350 πελάσαντες
1288 1302 1338 1357 τῇ
1358 1318 1418 1354 μα
1419 1317 1490 1357 γη,
1517 1300 1652 1341 ὕπαν-

213 1369 406 1422 τιάζουσι
431 1373 515 1413 τῶν
531 1372 738 1424 πολεμίων
754 1376 841 1420 τοῖς
867 1372 1212 1425 διαπεραιωθεῖσι
1232 1366 1308 1422 τὴν
1332 1364 1566 1422 παράταξιν
1583 1382 1653 1406 και

215 1436 533 1511 προαλαμένοις.
562 1433 716 1478 αυτίκα
741 1433 792 1488 δὴ
820 1450 894 1474 ουν
917 1435 1060 1481 αυτοῖς
1082 1450 1125 1482 ες
1143 1438 1292 1486 χεῖρας
1314 1431 1506 1508 ἐλθόντες
1531 1446 1652 1486 εργου

161 1497 393 1551 ποείχοντο·
424 1497 464 1539 οἱ
487 1500 534 1540 δὲ
557 1500 614 1556 τῶ
637 1497 926 1556 οἷπροσδοκὴτω
950 1501 1291 1552 καταπλαγέντες,
1320 1514 1389 1538 και
1384 1496 1565 1550 μᾶλλον
1589 1497 1654 1537 ἒν-

216 1564 343 1619 έδραν
368 1559 477 1604 εἶναι
498 1562 546 1604 τὸ
566 1565 715 1640 χρῆμα
743 1562 1104 1640 ὑποτοπήσαντες,
1146 1561 1278 1612 εὐθὺς
1308 1578 1351 1611 ες
1375 1561 1512 1619 φυγὴν
1534 1560 1655 1617 ετρά-

214 1643 362 1681 ποντο,
391 1628 710 1682 καταιτιώμενοι
731 1644 833 1677 τους
862 1628 1257 1683 αυτομολὴσαντας,
1296 1643 1356 1675 ως
1382 1627 1432 1681 δὴ
1457 1623 1526 1667 υπ’
1550 1624 1656 1668 ἐκεί-

306 1697 341 1730 6.
367 1695 606 1740 αντιμέτωπα
630 1697 666 1728 Β.
787 1708 819 1740 9,
849 1694 1014 1729 ὄπισθεν
1038 1695 1132 1740 vulg.
1238 1707 1290 1729 ιι.
1316 1693 1537 1739 διαγινώσκ.
1562 1694 1654 1737 vulg

313 1754 363 1776 ια.
389 1743 455 1775 τοῦ
483 1742 559 1774 Lu⁰
540 1741 609 1786 d.‚
634 1739 675 1776 τὸ
698 1743 750 1783 Β.,
775 1743 851 1775 usu
868 1743 942 1775 Par.
1038 1741 1319 1787 οἷμφαγνοῆσαι
1346 1744 1386 1775 Β.
1470 1750 1657 1786 mazoeu-

307 1789 484 1835 λαμένοις
502 1788 613 1833 Lugd.
628 1813 638 1830 ,
671 1789 975 1835 προαλλαιιένοις
989 1788 1041 1829 Β.,
1063 1789 1347 1834 προαλωαένοις
1370 1787 1451 1821 edd.

219 1857 329 1880 cornu
364 1846 476 1890 positi
507 1850 625 1886 erant,
661 1843 804 1879 hostem
836 1857 877 1879 ea
910 1846 950 1879 in
973 1850 1076 1890 parte
1101 1845 1383 1878 infestantibus:
1418 1843 1481 1890 qui
1507 1853 1590 1877 vero
1619 1843 1660 1876 in.

219 1893 366 1928 sinistro
399 1904 512 1926 cornu
545 1897 665 1933 erant,
691 1903 752 1926 eos
779 1893 843 1938 qui
867 1893 907 1925 iu
935 1893 1066 1925 altera:
1103 1903 1256 1938 cumque
1282 1893 1332 1924 ita
1355 1891 1430 1923 tela
1453 1890 1661 1923 alternatim

219 1945 374 1984 utraque
412 1950 456 1972 ex
478 1943 580 1982 parte
606 1938 646 1981 in
673 1940 890 1972 contrarium
918 1938 1118 1979 ferrentur,
1153 1944 1190 1971 et
1214 1937 1391 1983 quicquid
1415 1937 1560 1970 obvium
1585 1940 1662 1968 erat

223 1984 514 2030 disperderent,
538 1984 683 2018 barbari
713 1997 832 2031 neque
856 1985 1011 2019 telorum
1046 1987 1140 2019 ictus
1166 1985 1299 2017 evitare
1334 1988 1514 2027 poterant,
1541 1986 1660 2026 neque

222 2031 320 2065 unde
357 2032 551 2064 ferirentur
575 2032 658 2065 satis
683 2031 1030 2065 animadvertebant.
1087 2032 1176 2064 Cum
1202 2032 1299 2064 enim
1323 2031 1488 2063 Romanis
1513 2028 1661 2061 adversa

222 2078 342 2112 fronte
366 2078 527 2133 oppositi
552 2083 707 2118 starent,
743 2079 950 2123 singulique
978 2079 1016 2111 in
1043 2077 1082 2111 id
1106 2083 1271 2118 tantum,
1306 2076 1404 2121 quod
1429 2087 1513 2120 prae
1540 2074 1660 2106 mani-

226 2124 295 2158 bus
322 2130 420 2165 erat,
455 2125 588 2158 intenti
624 2125 866 2170 respicerent,
903 2130 940 2158 et
963 2124 1130 2157 adversus
1155 2124 1267 2168 gravis
1304 2129 1503 2155 armaturae
1526 2122 1660 2153 milites

226 2172 267 2204 in
296 2171 486 2221 principiis
519 2176 654 2205 stantes
684 2171 967 2216 proeliarentur3
1003 2176 1188 2216 equestres
1220 2174 1342 2202 autem
1375 2168 1576 2213 sagittarios
1602 2172 1661 2200 ut-

226 2222 313 2262 pote
336 2219 431 2251 r‘etro
474 2218 611 2272 positos
644 2229 720 2250 non
744 2218 1012 2261 conspicerent,
1051 2222 1088 2249 et
1111 2216 1266 2248 telorum
1290 2217 1380 2248 ictus
1405 2227 1479 2248 non
1504 2214 1662 2258 pectori-

228 2263 298 2296 bus
318 2263 382 2297 sed
401 2264 509 2308 tergis
525 2265 752 2308 exciperent3
778 2275 850 2308 quo
864 2264 950 2296 mali
966 2263 1150 2296 venissent
1166 2262 1370 2306 intelligere
1391 2273 1465 2295 non
1481 2265 1661 2306 poterant.

229 2309 414 2356 Plerisque
433 2321 517 2343 vero
545 2322 669 2344 eorum
688 2321 734 2344 ne
754 2309 948 2342 dubitandi
971 2308 1119 2355 quidem
1145 2308 1426 2353 ambigendique
1445 2307 1516 2340 de
1507 2308 1551 2339 iis
1568 2315 1660 2350 quae

230 2355 428 2400 agebantur
441 2356 540 2390 locus
561 2356 855 2402 relinquebatur3
881 2357 1004 2389 statim
1028 2367 1107 2388 cum
1130 2355 1208 2399 ipso
1230 2355 1305 2387 ictu
1329 2360 1443 2388 morte
1467 2365 1526 2387 eos
1549 2353 1662 2385 corri-

231 2403 370 2447 piente.
435 2401 655 2436 Cadentibus
694 2403 792 2436 enim
826 2413 965 2447 semper
995 2401 1256 2442 exterioribus,
1297 2402 1419 2434 statim
1448 2401 1663 2433 interiorum

232 2454 333 2492 terga
356 2446 608 2490 nudabantur,
641 2460 792 2494 cumque
817 2449 856 2482 id
889 2449 1031 2482 assidue
1057 2448 1354 2493 continenterque
1380 2449 1504 2486 fieret,
1538 2445 1663 2488 copiae

232 2505 342 2540 quam
375 2493 544 2528 citissime
578 2495 886 2529 labefactabantur
917 2501 953 2529 at
981 2506 1025 2528 ue
1054 2494 1276 2534 interibant,
1316 2500 1353 2527 et
1377 2493 1421 2526 ad
1444 2493 1663 2537 paucitatem

234 2539 501 2584 redigebantur.
560 2541 704 2576 Interea
727 2542 876 2576 sindual
902 2547 939 2575 et
998 2542 1089 2575 eruli
1113 2552 1190 2573 cum
1215 2541 1355 2584 proelio
1380 2539 1664 2589 appropinquas-

235 2591 328 2627 sent,
348 2585 387 2617 iu
405 2584 526 2619 hostes
539 2587 739 2630 incurrunt,
784 2600 822 2621 ιιι
840 2589 1018 2632 perfracta
1034 2592 1293 2632 penetrataque
1316 2588 1554 2619 Romanorum
1575 2583 1664 2622 acie,

234 2633 395 2678 reliquos
426 2638 701 2676 praeverterant.
756 2599 883 2667 gtatim
911 2635 986 2680 itaq
989 2645 1033 2667 ue
1065 2639 1173 2679 atque
1199 2633 1243 2666 ad
1271 2643 1394 2664 manus
1421 2635 1568 2663 ventum
1596 2634 1664 2668 est,

231 2689 388 2724 pugnam
407 2689 487 2710 cum
515 2680 567 2712 eis
583 2684 791 2714 conserunt:
816 2687 853 2714 at
875 2681 931 2713 illi
949 2681 1136 2724 inopinato
1151 2679 1202 2712 rei
1219 2685 1348 2711 eventu
1371 2677 1564 2722 pelculsi,
1554 2687 1662 2709 immo

232 2726 354 2770 potius
383 2724 534 2758 insidias
552 2736 628 2758 esse
653 2726 836 2770 suspicati,
860 2727 1048 2759 confestim
1081 2727 1119 2758 in
1151 2726 1266 2769 fugam
1291 2729 1374 2756 sunt
1395 2724 1505 2765 versi3
1540 2728 1661 2756 trans-

234 2771 335 2817 fugas
354 2770 623 2812 insimulantes,
649 2771 747 2817 quod
770 2772 814 2805 ab
839 2773 890 2806 eis
916 2778 1036 2806 essent
1059 2771 1210 2817 decepti
1259 2769 1409 2804 Sindual
1430 2780 1513 2804 vero
1533 2769 1660 2802 acriter
