1832 3152
510 97 886 162 lusTORJARUM
914 123 983 163 Ν
1011 125 1050 170 9
1324 155 1326 157 .
1439 104 1547 159 225

107 219 226 276 νοὸς,
268 222 326 279 τῷ
353 221 462 276 γένει
492 222 576 263 τῶν
608 223 838 276 Σουανῶν,
877 228 966 272 τοῖς
990 222 1099 279 ὑπὲρ
1128 222 1200 266 τὸν
1234 222 1465 267 Καύκασον
1495 224 1604 270 ,ot-A.
1618 235 1659 273 C
1679 236 1747 270 555

107 290 228 331 zoam
251 285 504 344 βαρβάροις,
539 293 628 336 τοῖς
657 285 805 343 πόρρω
837 304 1024 341 τουτων,
1053 294 1142 339 τοῖς
1165 288 1332 332 έκεινων
1360 287 1425 331 ἔτι
1445 289 1551 346 πορ-
1565 283 1592 317 Ῑ·
1605 282 1631 317 Ῑ··
1646 290 1694 328 29

106 351 300 409 ῥωτέρω,
339 349 417 402 τοὶς
445 351 650 406 ἐσχατιάς
677 352 843 409 ἁπάσης
869 355 943 408 τῆς
974 356 1050 408 γῆς
1083 353 1195 410 εἰπερ
1237 351 1352 413 αὕτῳ
1381 365 1585 411 περινο-Β

107 424 218 464 στεῖν
253 418 374 473 ἐνῆν,
411 415 561 460 τούτου
587 434 632 472 με
663 417 794 474 χάριν
823 415 899 461 οὐκ
925 415 977 460 ἂν
1006 421 1206 462 ἐνεδίδου.
1246 416 1298 475 ἦν
1328 421 1374 462 δὲ
1403 419 1451 462 τὸ
1477 415 1554 475 ἆγ-

79 486 252 543 &clpam
288 484 499 537 “Ρωμαΐοι
527 483 648 526 κακοὶ
676 482 730 526 τὰ
765 485 970 538 πολέμια,
1010 501 1079 527 και
1112 486 1195 527 τῶν
1220 483 1450 542 βαρβάρων
1475 485 1553 541 ἧσ-

106 552 270 599 σῶνται.
319 550 393 591 καί
423 547 500 604 τήν
532 550 632 605 περὶ
666 550 803 591 ταῦτα
836 547 1026 605 σπουδὴν
1062 546 1113 591 οὗ
1114 567 1146 604 χ
1167 546 1272 592 ὥστε
1300 550 1426 603 μόνον
1449 551 1554 606 πρὸς

106 611 267 666 ὄνειδος
299 610 414 671 ι’ἰγειν
436 614 483 657 τὸ
509 618 594 658 τῶν
626 613 854 669 εΡωμαίων
877 618 996 670 γένος
1020 615 1178 673 μετῄει·
1206 615 1344 658 καίτοι
1366 617 1440 658 καί
1454 618 1553 658 τοῦ..

105 698 151 726 το
192 680 326 724 δεινὸν
367 682 442 724 καί
469 680 565 723 λίαν
600 683 772 738 ἐναργὲς
807 679 1023 738 γνώρισμα
1054 682 1198 736 ψυχῆς
1239 681 1454 734 πολεμίας·
1502 681 1552 723 τὰ

107 749 156 798 δὲ
195 749 267 805 ἐφ’
295 741 331 806 ᾧ
361 747 486 789 πλέον
519 745 698 802 ἐμόχθει
734 748 806 789 καί
838 746 1175 803 παρεσκεύαστο,
1229 745 1373 804 ἕτερόν
1406 764 1447 789 τι
1483 746 1557 790 καί

55 816 233 860 ιοτοῦδε
256 815 400 867 μεῖζον
419 811 539 870 ὑπῆν.
569 812 643 869 τήν
662 811 742 869 γάρ
761 811 868 870 ὑπὲρ
887 815 1092 868 βασιλέως
1121 815 1195 855 τοῦ
1213 812 1410 868 μεγίστου
1436 811 1589 870 παρὰο

107 887 196 932 τοῖς
219 879 362 923 ἔθνεσι
389 878 618 935 νικήσασαν
648 878 798 932 δόξαν,
840 879 899 929 ὥς
928 875 1013 936 ἄρα
1054 880 1231 932 δυνάμει
1258 895 1305 921 τε
1341 877 1561 936 κράτιστος

107 945 182 991 καὶ
214 944 369 1001 πλήθει
394 946 607 1002 τροπαίων
644 946 970 1000 κεκοσμημένος,
1018 944 1208 987 διαλύειν
1239 942 1287 986 τὸ
1320 946 1449 1001 μέρος
1474 944 1670 1000 ἐγιῖ-Υ.83

107 1027 263 1069 γνωσκε
288 1013 468 1068 χρῆναι,
497 1009 720 1068 καὶταύτῃ
751 1009 856 1067 πρὸς
878 1008 1041 1067 θράσος
1069 1016 1196 1053 κινεῖν
1223 1014 1296 1053 καί
1319 1008 1558 1054 αὐθάδειαν

109 1076 161 1119 τὸ·
177 1078 279 1126 τέως
303 1075 559 1132 κατεπτηχὸς
590 1076 664 1118 καί
689 1074 927 1129 θαυμάζον.
955 1071 1041 1133 ἆρα
1071 1078 1270 1129 πολέμιος
1300 1073 1352 1119 ἂν
1379 1077 1402 1118 ὅ
1425 1080 1560 1120 ταῦτα

61 1144 419 1199 ι5δρῶνικαλοῖτο
443 1141 634 1195 δικαίως,
673 1136 700 1198 ἢ
733 1143 894 1195 μᾶλλον
923 1143 1043 1198 φιλος
1084 1141 1156 1183 καί
1186 1137 1331 1191 εὔνους
1375 1143 1448 1184 καί
1478 1146 1559 1196 βα-

109 1205 248 1258 σιλεὺς
274 1206 349 1249 καί
375 1205 659 1261 ὖπόσπονδος,
702 1206 775 1249 καί
809 1203 889 1248 ὅσα
909 1213 996 1256 τοῖς
1022 1207 1267 1263 κατηγόροις
1297 1209 1370 1250 ἐπὶ
1406 1210 1463 1265 τῷ
1486 1225 1562 1250 τυ-

109 1275 245 1332 ράννῳ
267 1272 568 1327 κεκόμψευται,
597 1271 730 1316 καίτοι
756 1275 873 1330 κοινῇ
905 1270 1073 1316 δοθὲν
1055 1275 1293 1330 εκατέροις,
1322 1289 1398 1315 ουκ
1424 1269 1501 1316 ἄλ)
1505 1290 1562 1323 ως

112 1339 344 1395 διακριτέον
365 1337 412 1381 τὸ
438 1340 560 1395 φίλον
586 1337 670 1380 ἀπὸ
690 1340 766 1381 τοῦ
792 1341 1049 1392 δυσμενοῦς,
1078 1335 1105 1394 ἢ
1122 1340 1238 1397 μόνῳ
1270 1343 1328 1398 τῷ
1350 1338 1455 1395 πρὸς
1482 1338 1560 1389 τὰς

113 1403 302 1459 εκβάσεις
319 1421 404 1446 των
422 1403 795 1461 παρεμπιπτόντων
810 1421 857 1447 ευ
876 1421 921 1446 τε
946 1402 1078 1458 τυχὸν
1102 1401 1129 1460 ἢ
1146 1403 1298 1461 ἑτέρως
1319 1407 1557 1448 διακεῖσθαι
1568 1419 1600 1452 D

209 1518 236 1540 ι.
249 1505 483 1539 ΣουανῶνΒ.
507 1511 544 1539 et
566 1507 691 1554 Intpr„
716 1506 780 1551 qui
803 1517 867 1550 pro
893 1506 943 1549 τῷ
957 1506 1062 1550 γένει
1085 1506 1216 1552 legisse
1234 1507 1379 1541 videtur
1397 1520 1442 1541 τα
1458 1509 1559 1552 γένη,

204 1553 295 1598 νιιλς,
311 1551 531 1589 Σουσάνων.
600 1551 631 1588 3.
649 1552 845 1595 ἁπάσης-Β.
858 1551 1109 1598 vinciens-vulg.
1171 1553 1203 1597 4.
1225 1553 1296 1587 οὐκ
1316 1551 1364 1588 (ἓν
1389 1554 1560 1589 ἐνεδίδου

206 1600 259 1640 R,
273 1599 344 1632 οὐκ
363 1598 540 1634 ἀνεδίδου
556 1599 667 1645 Lugd.
688 1605 726 1634 et
744 1599 800 1634 ed.
818 1611 885 1644 pru,
901 1578 1154 1633 οὐκένεδίδου
1168 1601 1244 1638 Par
1318 1603 1351 1636 6.
1380 1600 1560 1645 οὔχῶστε

204 1646 329 1705 μόνον
350 1648 389 1680 R.
410 1646 523 1692 Lugd.
550 1652 586 1680 et
609 1648 735 1690 lntpr.,
786 1645 865 1680 edd.
904 1658 948 1679 ex
973 1647 1066 1679 coni.
1096 1646 1161 1679 los.
1177 1647 1349 1692 Sealigeri
1372 1647 1459 1693 μόν.
1487 1647 1561 1692 οὐχ

206 1691 315 1729 ware.
409 1705 440 1739 7.
461 1693 536 1727 τῶν
558 1694 597 1728 R.
617 1718 626 1734 ‚
650 1693 731 1727 πᾶν
755 1694 848 1737 vulg.
933 1695 966 1727 8.
994 1695 1058 1726 καὶ
1083 1699 1166 1726 ante
1193 1694 1280 1727 λίαν
1303 1706 1371 1727 om.
1399 1696 1436 1727 R.
1509 1707 1558 1728 ιο.

204 1736 228 1781 ἢ
247 1737 357 1773 τοῦδε
381 1741 514 1786 μεῖζον
539 1739 859 1796 R‚1ntpr.altud
880 1737 1057 1795 quiddam
1082 1747 1115 1774 et
1144 1741 1252 1785 longe
1273 1741 1404 1780 maius,
1428 1742 1560 1786 μεῖζον

207 1797 243 1823 κ.
269 1798 288 1819 τ
323 1788 417 1833 v.ulg
528 1784 644 1821 1116
668 1787 815 1839 μέρος
811 1787 848 1818 R.
863 1811 872 1826 ‚
909 1784 950 1819 τὸ
976 1785 1094 1819 αὐτου
1115 1798 1156 1832 μ.
1182 1787 1278 1832 vulg.
1381 1787 1426 1832 ἐ)
1430 1790 1559 1822 ίνοσκε

206 1832 285 1879 spir.
306 1833 380 1867 Par.
479 1835 529 1868 16.
555 1834 619 1868 ἐπὶ
645 1825 819 1874 R.,1571‹⁸>
844 1833 940 1878 vulg,

114 1921 281 1965 Iberiam,
307 1924 347 1957 in
371 1922 518 1965 Alanos,
543 1922 750 1956 Suanorum
775 1921 930 1976 nationi,
964 1920 1126 1954 barbaris
1153 1921 1246 1954 ultra
1269 1921 1465 1956 Caucasum
1490 1923 1558 1956 ha-

115 1969 339 2011 bitantibus,
363 1970 500 2015 quique
530 1970 624 2004 ultra
647 1969 738 2010 hos,
767 1974 806 2002 et
834 1967 892 2000 his
915 1969 1004 2012 ipsis
1036 1967 1155 2001 adhuc
1176 1974 1261 2002 sunt
1286 1969 1497 2009 ulteriores,
1523 1975 1560 2003 et

115 2014 162 2049 ad
186 2027 328 2056 omne-⁴3,
351 2017 383 2049 si
412 2017 509 2050 obiri
534 2016 761 2060 potuissent,
790 2014 888 2048 orbis
929 2020 1104 2048 terrarum
1132 2015 1377 2048 extremitates
1412 2018 1559 2050 mittere

117 2073 192 2096 non
228 2062 436 2096 destitisset.
485 2061 615 2096 Nuntii
644 2073 779 2095 summa
809 2061 900 2095 haee
925 2067 1029 2096 erat:
1066 2062 1216 2094 Romani
1244 2061 1412 2095 imbelles
1432 2088 1442 2103 ,
1476 2068 1513 2096 et
1539 2072 1561 2096 a

116 2108 277 2144 barbaris
300 2114 522 2153 superantur
567 2108 687 2154 Atque
718 2108 776 2142 his
800 2107 948 2154 quidem
972 2109 1011 2141 in
1036 2108 1147 2142 rebus
1176 2109 1338 2142 studium
1369 2109 1432 2143 ille
1457 2121 1562 2142 suum

121 2154 332 2196 collocabat,
358 2166 431 2189 non
445 2156 560 2188 solum
585 2161 626 2188 ut
638 2155 842 2188 universam
859 2155 1100 2189 Romanorum
1123 2155 1310 2188 nationem
1339 2156 1561 2190 contumelia

119 2202 301 2243 afficeret,
323 2203 491 2242 (tametsi
515 2202 623 2235 etiam
648 2201 716 2235 hoc
748 2212 852 2246 grave
878 2207 993 2242 esset,
1022 2207 1059 2235 et
1092 2200 1197 2236 valde
1226 2201 1460 2236 manifestum
1494 2202 1563 2235 ho-

119 2248 212 2282 stilis
237 2249 347 2285 animi
371 2253 649 2294 argumentum,)
674 2248 773 2281 aliud
795 2259 879 2281 vero
905 2227 1079 2294 quiddam
1110 2248 1216 2293 longe
1238 2250 1354 2282 maius
1378 2248 1448 2282 hoc
1471 2249 1561 2282 sub-

120 2300 219 2335 erat,
252 2295 292 2328 in
316 2306 387 2341 quo
419 2295 612 2340 praecipue
635 2294 827 2328 laborabat
851 2299 888 2327 et
902 2294 1183 2328 machinabatur.
1205 2295 1425 2350 Opinionem
1451 2296 1560 2338 euim,

121 2352 216 2386 quae
253 2339 300 2374 de
330 2342 484 2376 maximo
511 2342 731 2387 Imperatore
763 2342 927 2375 omnium
966 2341 1200 2375 barbarorum
1232 2343 1369 2375 animos
1404 2351 1561 2387 occupa-

121 2393 197 2428 rat,
235 2387 336 2433 quod
363 2388 534 2423 nimirum
557 2388 828 2433 potentissimus
857 2393 951 2421 esset
973 2390 1248 2433 innumerisque
1274 2387 1458 2433 trophaeis
1488 2390 1559 2421 cla-

120 2445 202 2475 rus,
230 2434 498 2479 infringendam
522 2435 593 2469 sibi
617 2446 663 2468 ex
686 2441 788 2480 parte
806 2434 978 2480 putabat,
1008 2440 1050 2468 ut
1079 2436 1130 2469 sic
1156 2435 1258 2475 illos,
1283 2441 1418 2468 terrore
1443 2435 1559 2468 admi-

121 2481 334 2526 rationeque
360 2481 508 2515 Romani
531 2481 686 2516 nominis
721 2487 827 2515 antea
860 2486 1009 2526 captos,
1040 2481 1272 2515 audentiores
1312 2482 1558 2515 confidentioo

121 2534 250 2572 resque
274 2527 453 2562 redderet.
478 2527 572 2560 Num
593 2529 705 2573 igitur
728 2528 856 2569 hostis,
879 2529 944 2572 qui
971 2527 1058 2561 talia
1081 2528 1179 2568 facit,
1206 2528 1283 2560 iure
1310 2533 1478 2568 vocetur,
1510 2538 1558 2560 an

119 2575 242 2618 potius
276 2574 410 2608 amicus
441 2579 479 2608 et
513 2573 709 2608 benevolus
743 2580 780 2608 et
802 2586 866 2608 rex
891 2579 929 2607 et
959 2574 1234 2607 confoederatus
1253 2599 1263 2614 ‚
1307 2578 1371 2607 aut
1403 2574 1557 2619 quihus-

120 2631 262 2665 cunque
298 2632 381 2654 eum
409 2625 632 2654 accusatores
668 2621 784 2653 titulis
810 2619 969 2654 ornant?
1001 2621 1162 2654 Tametsi
1192 2625 1234 2652 ut
1263 2621 1427 2664 utrisque
1458 2631 1556 2653 com-

121 2666 284 2701 munirer
309 2666 380 2700 hoc
408 2667 515 2701 detur
534 2691 544 2707 ,
576 2678 650 2700 non
678 2667 784 2700 aliter
815 2667 1075 2700 discernendus
1113 2672 1170 2699 est
1198 2666 1331 2698 amicus
1364 2666 1410 2698 ab
1426 2665 1557 2707 hoste,-

122 2717 228 2754 quam
244 2725 300 2746 :ex
326 2714 403 2747 solo
435 2713 675 2748 incidentium
708 2724 826 2747 rerum
853 2718 983 2747 eventu
1003 2738 1012 2754 ,
1044 2718 1082 2747 et
1115 2724 1159 2746 ex
1186 2712 1284 2745 bona
1312 2712 1471 2746 fortassis
1494 2718 1558 2747 aut

205 2778 391 2823 Agathias.
1189 2792 1200 2814 1
1209 2781 1227 2813 5
