1794 3112
158 364 646 449 ΑΓΛΘῙΟΥ
718 366 1544 426 ΣΧΟΛΑΣΤῙΚΟΥ

548 474 1036 517 ιΣΤοΡΙΩΝ
1086 475 1142 515 Β.

160 586 730 650 AGATHIAE
795 584 1524 648 SCHOLASTICI

411 695 911 738 nlsTORIARUM
956 695 1163 736 LIBER
1211 696 1267 739 11.

675 865 1021 905 ARGUMENTUM.

207 943 382 979 Proximo
407 955 495 979 vero
519 942 660 980 Franci
683 953 720 979 et
733 944 937 980 Alamanni
958 943 1128 978 Butz'lino
1154 951 1190 977 et
1212 943 1391 979 leuthari
1414 942 1568 980 ducibus

114 990 266 1026 Italiam
290 989 512 1036 vastant(1).
559 990 755 1025 Leutlzaris
780 1003 858 1025 cum
875 991 991 1036 copiis
1005 991 1082 1022 suis
1105 990 1245 1023 domum
1268 992 1508 1037 proficiscens
1520 991 1567 1026 ab

60 1068 62 1070 .
115 1039 262 1072 Hunnis
287 1045 322 1071 et
346 1038 518 1071 Romanis
542 1035 648 1071 clade
662 1037 835 1085 afficitur
856 1035 919 1083 (2).
969 1037 1047 1082 Ipse
1076 1048 1154 1070 cum
1180 1040 1370 1083 copiarum
1394 1039 1569 1083 reliquiis

117 1083 330 1118 ira-Venetia
353 1084 467 1128 gravi
487 1085 612 1118 morbo
637 1093 824 1128 correptus
843 1084 942 1128 perit
966 1082 1027 1129 (3).
1079 1084 1263 1118 Butz'linus
1298 1084 1472 1119 recedens
1505 1097 1569 1119 ca-

115 1138 194 1163 stra
215 1131 324 1175 ponit
350 1131 391 1162 in
407 1131 612 1176 Campania
637 1129 688 1163 ad
705 1131 919 1164 Casulinum
933 1130 1079 1174 flumen
1104 1129 1165 1174 (4).
1217 1132 1397 1166 Hortatur
1418 1133 1569 1166 exerci—

115 1183 190 1214 tum
215 1186 326 1210 suum.
352 1177 578 1211 Francorum
605 1185 799 1211 armatura
822 1175 883 1222 (5).
935 1176 1070 1209 Narses
1105 1176 1270 1209 Butilino
1299 1179 1446 1211 obviam
1483 1190 1570 1223 pro-

113 1221 303 1267 greditur:
332 1224 558 1257 Francorum
579 1232 797 1257 commeatus
821 1223 1015 1268 intercipit
1029 1222 1090 1268 (6).
1138 1223 1307 1257 Narsetis
1332 1225 1477 1258 iustitia
1502 1224 1570 1269 (7).

113 1269 220 1302 Acies
243 1269 418 1316 utrinque
444 1271 645 1303 instruitur
667 1268 731 1315 (8).
782 1269 944 1314 Insignis
959 1271 1184 1302 Francorum
1210 1269 1333 1304 clades
1360 1271 1422 1317 (9).
1470 1272 1572 1305 Nar-

115 1315 202 1348 setis
238 1316 405 1349 victoria
437 1325 515 1348 cum
547 1316 718 1361 pristinis
753 1317 976 1350 Graecorum
1017 1317 1180 1361 tropaeis
1212 1327 1448 1362 comparatur
1480 1317 1566 1363 (ιο).

113 1360 252 1394 Nar-ses
276 1363 473 1396 exercitum
499 1374 599 1396 suum
625 1375 648 1396 a
681 1363 840 1407 segnitia
865 1370 1021 1395 revocat
1044 1361 1131 1407 (11),
1189 1363 1283 1396 Eius
1320 1366 1443 1398 oratio
1477 1364 1564 1410 (12).

117 1406 314 1440 Gothorum
335 1408 535 1453 reliquiae,
559 1410 731 1451 stagnare
755 1408 860 1448 duce,
879 1409 1041 1453 Campsis
1058 1406 1368 1456 obsidentur(13).
1415 1412 1566 1456 Ragna-

114 1464 154 1486 re
188 1454 333 1493 occiso,
378 1454 489 1487 Gothi
528 1466 566 1488 se
598 1453 746 1488 dedunt.
791 1455 1028 1488 chlotharius
1058 1456 1284 1488 Francorum
1321 1469 1435 1503 regno
1466 1459 1566 1504 poti-

113 1507 176 1533 tur
192 1498 278 1545 (14).
327 1500 459 1546 Ingens
477 1509 597 1535 terrae
615 1509 738 1534 motus.
763 1501 887 1534 Vanae
911 1502 1130 1545 sapientium
1147 1499 1190 1535 de
1206 1512 1247 1535 eo
1261 1503 1564 1549 sententiae(15).

117 1546 185 1579 Cos
208 1546 332 1580 insula
356 1545 480 1580 eodem
504 1556 628 1581 terrae
651 1554 749 1581 mom
760 1547 940 1594 funditus
964 1556 1138 1581 vastatur
1169 1547 1253 1594 (16).
1306 1550 1452 1583 Tralles
1475 1552 1564 1583 olim

111 1592 229 1625 simili
251 1592 462 1626 calamitate
489 1593 656 1638 afflictae
673 1593 758 1639 (17).
809 1594 946 1627 Bellum
958 1595 1200 1627 Romanorum
1227 1595 1488 1641 etPersarum(
1497 1596 1562 1642 13).

110 1639 331 1672 Mermeroes
367 1639 546 1672 Lazorum
576 1639 681 1686 fines
724 1638 904 1674 invadere
948 1649 1106 1674 conatur
1139 1639 1223 1686 (19).
1281 1643 1438 1676 Romani
1475 1642 1562 1677 dolo

111 1685 274 1729 oppressi
300 1685 467 1719 recedere
496 1694 680 1731 coguntur
704 1685 789 1731 (20).
837 1687 995 1719 Romani
1019 1699 1063 1720 ex
1074 1686 1175 1732 fuga
1206 1687 1338 1721 Nesum
1365 1700 1402 1722 se
1426 1691 1564 1735 recipl-

110 1738 180 1763 unt
203 1729 288 1776 (21).
343 1733 584 1771 Μενηῑενοεε,
616 1734 779 1766 exercitu
814 1731 988 1772 reducto,
1031 1734 1280 1774 Meschithae,
1310 1735 1456 1771 Iberiae
1493 1749 1563 1781 op-

105 1774 216 1821 pido,
243 1778 402 1810 moritur
425 1777 510 1823 (22).
570 1778 800 1823 Sepulcrales
831 1779 1026 1812 Persarum
1058 1781 1152 1812 ritus
1183 1779 1267 1826 (23).
1322 1782 1433 1815 Nova
1475 1783 1563 1817 Per-

107 1833 230 1857 sarum
254 1825 466 1868 superstitio
497 1837 520 1858 a
545 1825 747 1858 Zoroastre
770 1825 938 1870 projecta
964 1825 1049 1869 (24).
1107 1827 1240 1860 Persae
1265 1828 1330 1860 sub
1357 1829 1479 1862 variis
1506 1841 1563 1863 re-

108 1869 194 1912 gnis
220 1871 348 1902 varios
372 1882 491 1904 mores
516 1879 712 1904 traxerunt
737 1870 822 1914 (25).
871 1870 973 1904 Novi
984 1873 1126 1906 Persici
1150 1874 1256 1918 regni
1281 1875 1445 1919 origines
1488 1875 1560 1920 26).

102 1915 301 1948 Artaxat-is
314 1926 428 1959 genus
449 1915 534 1962 (27).
586 1916 758 1950 Clzosrois
777 1915 939 1951 eruditio
958 1917 999 1951 in
1022 1919 1264 1964 suspicionem
1290 1929 1449 1954 vocatur
1471 1875 1559 1966 (28).

107 1961 266 1995 Uranius
291 1960 501 2006 philosophi
524 1963 678 2008 speciem
701 1975 790 2008 prae
828 1974 863 1997 se
879 1962 1012 2008 serens
1043 1976 1066 1998 a
1096 1965 1253 2000 Chosroe
1288 1968 1414 2012 magni
1450 1969 1561 2002 aesti-

110 2014 233 2040 matur
254 2007 339 2053 (29).
397 2008 698 2054 Philosophorum
725 2010 971 2043 Romanorum
1008 2012 1049 2044 in.
1071 2012 1234 2046 Persium
1260 2015 1432 2057 migratio
1472 2015 1559 2060 (30).

113 2051 185 2091 Qui
209 2065 269 2099 spe
292 2066 358 2088 sua
384 2054 518 2090 deiecti
544 2057 584 2089 in
609 2057 770 2100 patriam
804 2054 972 2092 redeunt.
1022 2058 1069 2090 In
1095 2059 1227 2093 itinere
1255 2071 1278 2092 a
1302 2068 1444 2094 mortuo
1468 2073 1560 2106 quo-

110 2096 194 2131 dam
216 2100 422 2144 sepeliendo
438 2101 522 2135 visu
546 2111 729 2137 nocturno
750 2101 986 2138 deterremur
1001 2103 1085 2151 (31).
1135 2106 1277 2152 Magna
1307 2107 1439 2144 Urania·
1459 2107 1560 2154 apud

114 2143 304 2182 Chosroem
326 2149 453 2193 gratia
476 2148 562 2195 (32).

231 2313 252 2331 Ἰ

166 2358 205 2400 ἀ.
252 2327 342 2395 H
331 2361 383 2414 δη
414 2361 461 2401 δὲ
480 2362 553 2402 τοῦ
573 2354 672 2417 ἦρος
704 2363 1013 2418 ἐπιγινομένου,
1034 2367 1220 2411 ἐνταῦθα
1245 2370 1347 2415 κατὰ
1371 2374 1416 2416 τὸ
1427 2392 1553 2432 προσ..
1565 2377 1603 2410 Λ.
1618 2377 1653 2412 C.
1668 2378 1736 2418 553

108 2425 353 2478 τεταγμένον
397 2427 709 2482 ξυνεκροτοῦντο
759 2426 804 2469 αἱ
846 2428 1068 2484 δυνάμεις,
1103 2435 1178 2475 καί
1212 2432 1372 2482 ἅπαντα
1403 2426 1682 2506 ἦθροι-ὲΙὲΞἸ

107 2505 178 2531 oto
209 2487 259 2531 τά
299 2489 596 2546 στρατεύματα.
666 2495 839 2550 Ναρσῆς
873 2496 920 2536 δὲ
959 2497 1145 2547 ἐξασκεῐν
1175 2517 1220 2542 τε
1256 2504 1449 2548 ἐπιπλέον
1474 2504 1549 2549 αὖ-
1563 2517 1654 2554 V.26

201 2574 233 2598 2.
257 2563 357 2598 Suid.
386 2575 410 2596 s.
441 2574 471 2597 v.
500 2571 721 2612 συγκροτεῖς
749 2567 1013 2616 συνήθροιστο.
1111 2574 1145 2609 3.
1163 2584 1201 2608 τε
1226 2577 1285 2618 R„
1312 2588 1355 2622 γε
1376 2580 1467 2625 vulg.

199 2665 231 2699 1.
308 2670 441 2698 neunte
468 2669 588 2699 autem
620 2678 700 2701 vere
738 2671 913 2704 exercitus
946 2671 1018 2713 ibi,
1046 2680 1154 2718 prout
1179 2681 1351 2711 statutum
1378 2686 1465 2723 erat,
1489 2685 1548 2718 in-

109 2710 358 2752 staurabatur,
383 2712 581 2758 copiaeque
609 2724 731 2749 omnes
757 2715 795 2750 iu
814 2729 926 2752 unum
945 2719 1171 2764 cogebantur.
1221 2723 1350 2760 Narses
1376 2737 1459 2764 vero
1485 2742 1544 2765 eos
