1832 3152
587 134 966 178 nlsTomARUM
1008 138 1059 176 11.
1086 139 1154 182 27.
1318 152 1321 154 -
1481 135 1586 190 199

147 241 199 297 δὴ
222 257 264 284 τι
295 239 538 297 περιφανῶς
561 237 774 293 ἐκεκμήκει
797 234 871 279 καί
889 238 1111 280 διελέλυτο.
1153 236 1191 279 οἳ
1216 238 1263 280 δὲ
1284 235 1356 279 ἐπὶ
1377 238 1434 295 τῷ
1459 235 1587 295 ἑτέρῳ
1602 247 1692 282 A.C.
1718 246 1786 283 555

147 307 459 361 ξυντεταγμένοι
482 302 774 360 καρτερώτατα
807 299 1088 358 ἀπεμάχοντο.
1127 303 1235 346 οἵτε
1254 302 1335 359 γὰρ
1365 304 1590 359 ἐλέφαντες
1604 296 1732 340 1·¹·29

147 373 239 415 ἄντ’
260 369 467 428 ἐρύματος
496 369 823 426 προβεβλημένοι
847 370 920 411 καί
941 369 1293 424 ἐπεισπηδῶντες,
1329 368 1594 426 διετάραττον

147 436 294 482 αὐτίκα
323 434 396 479 τὸν
424 433 714 489 συνασπισμὸν
739 436 824 478 τῶν
857 434 1086 488 ζΡω,ιιαιόον
1117 434 1232 477 εἴπου
1255 434 1445 489 ξυσταίη·
1482 435 1525 476 οἳ
1546 450 1591 476 τε

121 501 252 561 5ὖπὲρ
281 501 440 545 τούτων
473 500 693 555 ὀχούμενοι
727 500 892 552 τοξόται
923 500 1019 542 λίαν
1050 499 1233 542 ἐσίνοντο
1260 498 1359 550 τοὺς
1382 500 1630 553 ἐπιόντας,ῐ)

147 564 217 614 οἶα
243 571 288 619 ἐς
314 565 424 622 ὕψος
451 568 649 623 ἠρμένοι,
692 566 765 609 καί
793 568 849 624 τῷ
875 566 1148 622 ὖπερανέχειν
1175 564 1469 607 εὖσκοπιότοτα
1489 565 1594 618 βάλ-

146 639 299 685 λοντες·
324 636 375 676 αἵ
392 649 439 676 τε
461 636 546 675 τῶν
569 631 728 675 ἱππέων
749 631 838 674 ἶλαι
846 666 858 685 ,
901 633 1238 687 διεκτρέχουσαι,
1267 631 1422 689 ῥᾳδίως
1445 633 1596 688 προσέ-

147 705 301 756 βαλλον
324 700 397 742 καί
415 699 632 754 ἠνώχλουν
658 696 838 754 ἀνδράσι
858 699 994 749 πεζοῖς
1013 696 1087 739 καί
1111 698 1438 753 ἐμβριθέστερον
1466 696 1596 737 ὥπλι-

149 768 327 821 σμέι·οις·
354 761 435 822 ἤδη
462 782 506 807 τε
530 763 569 807 οἱ
594 765 726 823 ταύτῃ
754 765 966 819 εΡωμαῖοι
985 765 1028 814 ἐς
1054 763 1192 821 φυγὴν
1212 761 1467 810 ἐκκλίναντες
1490 762 1598 817 ἀπη-

101 831 363 876 ιολαύνοντο.

261 899 334 948 κζ’.
385 893 512 953 Ἀνὴρ
545 898 592 940 δέ
621 913 686 947 τις
716 899 762 940 ἐν
797 892 940 948 αὐτοῖς
973 898 1055 939 τῶν
1079 894 1306 953 Μαρτίνου
1332 895 1599 952 δορυφόρων,

140 958 345 1019 ’Όγναρις
367 957 512 1016 ὄνομα,
541 963 586 1004 ἐν
609 962 856 1020 στενωτα’τῳ
878 965 1026 1021 χωρίῳ
1049 964 1384 1017 ξυνειλημμένος,
1412 960 1469 1010 ὡς
1491 963 1599 1016 μηδὲ

152 1028 199 1074 τὸ
223 1025 543 1085 ἀποδιδράσκειν
569 1025 682 1085 αὐτῷ
700 1027 921 1085 ’ἐλεύθερον
944 1026 1054 1071 εἶναι
1081 1028 1152 1070 καί
1173 1029 1415 1084 ἐφειμένον,
1452 1027 1601 1068 αὐτίκα

154 1091 223 1150 ὅγε
250 1093 485 1151 ἀπειρηκώς
516 1100 602 1144 τοῖς
631 1098 938 1149 ξ-υνενεχθεῖσι,
978 1095 1051 1136 καί
1082 1090 1219 1150 ὥσπερ
1243 1095 1316 1148 τῆς
1339 1092 1472 1148 τύχης
1500 1091 1604 1133 a'no-

105 1161 430 1218 ιὸπειριόμενος,
468 1160 639 1202 ἐπιόντα
669 1159 706 1202 οἱ
733 1162 880 1210 δεινῶς
915 1159 989 1203 τὸν
1021 1161 1290 1217 θρασύτερον
1318 1160 1400 1200 τῶν
1426 1156 1603 1214 ἐλεφάν-

153 1244 239 1270 των
279 1225 447 1282 πλήττει
490 1226 639 1281 βιαίως
662 1223 743 1268 dvo}
782 1224 860 1283 τήν
890 1224 1029 1283 ὀφρὺν
1054 1227 1112 1283 τῷ
1147 1223 1324 1283 δόρατι,
1365 1226 1439 1266 καί
1469 1224 1649 1278 ἐμπὴ-Ρ.
1664 1230 1731 1268 104

154 1309 278 1348 γνυσι
296 1291 374 1348 τὴν
396 1291 570 1348 αἰχμὴν,
598 1293 656 1343 αἱς
679 1289 791 1335 ἅπαν
818 1292 864 1335 τὸ
889 1291 1034 1335 λοιπὸν
1060 1289 1355 1349 ἅπῃωρῆσθαι.
1386 1288 1406 1332 ὁ
1431 1292 1477 1332 δὲ
1502 1289 1606 1346 πρός

155 1376 202 1402 τε
223 1358 300 1416 τήν
323 1357 481 1414 πληγὴν
499 1361 843 1414 δυσανασχετῶν,
885 1358 960 1400 καί
981 1356 1082 1415 πρός
1103 1375 1149 1413 γε
1176 1358 1250 1400 τοῦ
1274 1359 1471 1414 δορατίου
1493 1355 1609 1412 ἀμφὶ

157 1423 234 1467 τὸν
264 1423 490 1482 ὀφθαλμὸν
528 1426 854 1480 κραδαινομένου
891 1423 1268 1480 ἐκταραττόμενος,
1307 1421 1526 1478 ὖπεξήγετο
1557 1422 1608 1463 ιῖ-

106 1493 290 1548 αοθρόον
323 1491 367 1539 ἐς
394 1486 632 1544 τοῦμπαλιν
665 1491 926 1546 ἅνασκιρτῶν
950 1492 1024 1532 καί
1051 1487 1416 1545 περιδονούμενος,
1459 1487 1536 1543 τήν
1563 1504 1608 1529 τε

159 1556 415 1614 προνομαίαν
459 1558 534 1599 νῦν
578 1559 657 1610 μὲν
684 1553 823 1612 ὥσπερ
851 1554 1065 1612 ὕσπληγγα
1103 1554 1404 1611 περιτινάσσων
1441 1552 1609 1608 ἕπληπε

161 1621 340 1673 πολλοὺς
371 1623 457 1665 τῶν
490 1624 674 1678 Περσῶν
696 1623 770 1664 καί
790 1621 1041 1678 έξηκόντιζε,
1082 1623 1156 1664 νῦν
1181 1623 1228 1662 δὲ
1255 1621 1299 1671 ἐς
1326 1622 1458 1675 μῆκος
1479 1618 1609 1661 ἐκτεί-

254 1703 286 1737 3.
313 1699 617 1744 ἐπεισπηδῶντες
642 1704 693 1742 Β.,
720 1700 1004 1743 ἐπεκπηδῶντες
1029 1701 1122 1746 vulg.
1201 1699 1232 1743 4.
1257 1695 1504 1744 συνασπιμόν
1531 1698 1608 1744 sph.

254 1749 330 1782 Par.
381 1752 412 1784 8.
438 1747 624 1792 η’νόχλουν
647 1750 720 1782 Par.
839 1760 873 1793 9.
901 1748 1137 1784 ἐκκλίνοντες
1160 1747 1198 1779 Β.
1297 1759 1348 1781 12.
1369 1746 1545 1791 ’Όγναρις
1570 1748 1606 1779 R.

256 1800 295 1829 et
322 1795 454 1839 lntpr.‚
482 1795 666 1842 Ὄγναρος
689 1796 779 1841 vulg.
949 1793 1166 1838 στενωτοίτῳ
1195 1794 1257 1834 Β.,
1283 1791 1490 1836 στενοτάτῳ
1515 1793 1608 1837 vulg.

260 1853 311 1886 ¹7·
335 1841 592 1888 ἀπῃωρῆσθαι
619 1844 671 1883 R„
702 1841 964 1889 ὑπηωρεῖσθαι
988 1843 1081 1886 vulg.
1131 1854 1185 1875 20.
1207 1839 1531 1886 περιδονούιιιενος
1559 1841 1610 1880 R„

253 1887 571 1936 περιδινούμενος
605 1890 700 1935 vulg.
856 1901 912 1924 22.
934 1890 1006 1923 νῦν
1031 1887 1072 1921 δὲ
1096 1889 1154 1930 Β.,
1180 1887 1253 1922 νῦν
1278 1887 1352 1934 μὲν
1375 1887 1471 1931 vulg.

166 1977 386 2058 pugnabant.
430 1978 624 2023 Elephanti
658 1979 754 2012 enim
785 1989 849 2023 pro
883 1978 977 2011 vallo
1003 1977 1139 2010 obiecti
1165 1981 1202 2010 et
1232 1982 1445 2022 proruentes
1470 2002 1479 2017 ,
1512 1978 1612 2010 sicu}

195 2025 404 2059 iconfertis
434 2026 568 2070 clypeis
605 2037 760 2070 pugnam
794 2026 932 2058 inirent
963 2024 1147 2065 Romani,
1182 2024 1304 2057 statim
1338 2025 1450 2056 aciem
1485 2023 1610 2056 turba-

168 2070 278 2112 bant,
311 2077 350 2105 et
370 2073 558 2117 sagittarii,
581 2073 644 2118 qui
676 2074 727 2106 eis
764 2071 1002 2111 vehebantur,
1038 2073 1214 2104 Romanos
1249 2072 1429 2104 irruentes
1459 2071 1612 2114 graviter

168 2117 364 2151 laedebant
385 2143 396 2160 ,
432 2124 559 2163 utpote
590 2121 629 2152 in
676 2119 831 2152 sublime
871 2118 956 2151 elati
982 2141 992 2158 ‚
1030 2123 1198 2163 certaque
1225 2128 1280 2157 eo,
1316 2117 1414 2162 quod
1440 2117 1612 2150 editiores

171 2169 303 2205 essent,
328 2164 400 2198 tela
430 2165 614 2200 iacientes.
647 2165 747 2210 Quin
784 2170 820 2198 et
852 2165 1016 2210 equitum
1052 2169 1191 2198 turmae
1228 2163 1468 2197 discurrentes
1505 2163 1612 2209 facile

169 2209 390 2244 invadebant
413 2216 521 2256 atque
548 2211 745 2245 turbabant
769 2211 911 2255 pedites
938 2215 975 2244 et
1009 2211 1179 2255 gravioris
1215 2215 1414 2243 armaturae
1447 2210 1612 2252 milites;

169 2257 317 2336 {amque
357 2267 401 2290 ex
437 2269 480 2291 ea
514 2264 619 2304 parte
657 2260 806 2291 Romani
848 2257 894 2291 ad
933 2257 1053 2302 fugam
1096 2257 1264 2290 inclinati
1306 2256 1438 2302 pedem
1476 2257 1613 2289 refere-

197 2308 271 2340 ant.

263 2361 318 2393 27.
364 2348 430 2383 Vir
455 2356 573 2384 autem
599 2349 744 2396 quidam
766 2352 865 2384 inter
890 2361 950 2383 eos
977 2360 996 2383 e
1023 2349 1241 2383 satellitibus
1265 2349 1428 2389 Martini,
1461 2347 1613 2393 Ognaris

170 2395 334 2436 nomine,
359 2395 398 2428 in
425 2407 575 2430 summas
594 2397 774 2442 angustias
805 2395 970 2430 redactus
995 2421 1005 2437 ‚
1046 2396 1136 2429 adeo
1170 2401 1212 2429 ut
1240 2397 1380 2429 nullum
1409 2396 1443 2428 ei
1474 2400 1615 2439 pateret

170 2441 328 2475 liberum
354 2442 544 2486 effugium,
570 2455 610 2476 ac
637 2445 708 2476 iam
733 2443 778 2476 de
806 2442 920 2476 salute
946 2454 1007 2476 sua
1038 2443 1231 2487 desperans
1247 2467 1257 2483 ‚
1289 2448 1326 2476 et
1349 2440 1613 2488 quodammodo

172 2488 340 2520 fortunae
377 2488 492 2521 aleam
519 2490 741 2534 periclitans,
767 2490 967 2523 irruentem
999 2490 1039 2522 in
1070 2500 1108 2522 se
1142 2488 1361 2522 horrendum
1399 2489 1436 2520 in
1468 2485 1614 2520 modum

174 2534 355 2580 quendam
384 2545 403 2567 e
434 2535 674 2569 ferocioribus
699 2535 902 2581 elephantis
918 2561 926 2576 ‚
951 2547 1077 2580 magna
1103 2537 1139 2569 vi
1162 2536 1208 2569 ad
1233 2537 1339 2568 imam
1365 2536 1521 2567 frontem
1543 2534 1614 2566 cir·

174 2591 214 2613 ca
244 2581 478 2626 supercilium
517 2581 617 2615 hasta
653 2583 739 2616 serit
761 2608 771 2623 ‚
809 2583 949 2626 spiculo
989 2583 1039 2615 ita
1075 2581 1200 2616 adacto
1235 2587 1342 2626 atque
1377 2581 1550 2623 impacto,
1572 2584 1614 2612 ut

174 2625 273 2672 quod
311 2627 491 2672 reliquum
519 2633 595 2661 erat
618 2627 743 2662 hastae
771 2628 1023 2673 propenderet.
1050 2628 1096 2662 At
1128 2628 1188 2662 hic
1212 2628 1349 2671 accepti
1379 2627 1472 2660 ictus
1498 2627 1614 2671 impa-

175 2673 288 2713 tiens,
318 2678 426 2718 atque
451 2675 599 2719 insuper
635 2674 740 2708 hasta
766 2674 858 2708 circa
881 2675 1024 2708 oculum
1057 2679 1197 2709 rotante
1226 2673 1457 2719 perturbatus
1477 2697 1487 2713 ,
1522 2683 1614 2706 con-

176 2718 297 2753 restim
325 2724 522 2754 retroactus
548 2726 655 2766 atque
683 2721 722 2754 in
746 2719 868 2755 orbem
891 2733 929 2755 se
958 2731 1128 2764 versans,
1161 2726 1196 2755 et
1225 2719 1488 2766 promuscidem
1518 2729 1614 2753 nunc
