1832 3152
561 126 938 172 HISTORIARUM
983 132 1051 171 w,
1081 134 1148 176 22.
1340 139 1342 141 ·
1471 107 1581 164 253

135 235 300 290 Λίβυος
319 231 553 290 οἷ’βελτηριζι,
577 229 856 285 ἐπιστάμενον
890 232 947 281 ὥς
974 232 1049 272 οὔκ
1073 228 1125 273 ἂν
1143 229 1217 286 τὴν
1239 229 1470 284 ὑπόσχεσιν
1491 230 1585 271 δια-
1599 237 1641 273 Α.
1662 236 1700 270 C.
1719 236 1789 272 556
1828 221 1832 226 ’

136 302 298 344 νόσειεν
317 298 378 355 μή
412 294 538 340 ἄδικα
564 300 677 355 δρῶν
700 297 774 339 καί
790 300 910 351 βίαια
932 298 1058 353 ἔργα,
1087 296 1161 338 καί
1191 295 1451 353 παρανόμοις
1477 294 1586 338 τισίν
1599 285 1724 323 Ῑ·Ῑ·30

133 368 354 421 ἐμπορίαις
366 363 671 417 λυμαινόμενος
694 359 892 415 ἅπαντας,
919 360 980 412 οἷς
1001 359 1055 405 ἂν
1077 361 1328 417 ὁμιλήσειεν·
1350 360 1371 403 ὃ
1397 363 1442 403 δὲ
1458 376 1590 417 προσ-

133 430 258 486 ήκατό
297 446 340 472 τε
377 428 477 479 τούς
504 429 675 483 λόγους,
720 427 794 469 καὶ
823 427 868 470 τὸ
918 427 1096 484 χρυσίον
1127 427 1345 484 παραδοὺς
1380 429 1453 470 ἐπὶ
1492 432 1627 476 ταῖςΒ.

109 496 361 552 ὄξυνθήκαις
379 496 549 551 ἐφίησιν
577 495 692 552 αὐτῷ
718 493 917 550 πράττειν
945 491 989 547 δ’,
1009 511 1051 536 τι
1072 493 1145 535 καί
1163 493 1368 548 βούλοιτο.

238 560 315 616 κβ.
376 560 476 603 Τότε
497 558 548 616 δὴ
572 556 649 603 οὖν
675 559 699 602 ὅ
721 560 916 615 Ἰωάννης
932 565 1024 608 ταῖς
1045 559 1310 612 εΡωμαϊκαῖς
1322 559 1483 613 κώμαις
1498 561 1592 602 ἐπι-

131 629 320 685 φοιτῶν,
351 625 503 670 ὁπόσαι
538 624 620 669 α’νὰ
651 624 726 682 την
763 625 941 682 πορείαν
971 626 1198 680 ἐτύγχανον
1232 624 1480 681 ἱδρυμέναι,
1517 629 1594 668 καί

131 691 230 743 τούς
255 692 476 748 οἰκήτορας
501 686 702 748 ἀγείρων,
732 685 784 732 οὗ
800 693 880 745 μὲν
900 689 997 745 βόες
1016 686 1201 747 ἄφθονοι
1223 691 1300 732 οὔκ
1322 686 1453 746 ἦσαν,
1491 690 1514 731 ὁ
1540 692 1590 732 δὲ

131 760 291 801 τούτων
311 760 482 801 δεῖσθαι
498 756 543 800 τὸ
563 755 845 814 στρατόπεδον
874 755 1136 813 ἐδημηγόρει.
1192 755 1267 798 καί
1285 756 1428 799 τοίνυν
1460 753 1590 798 εἴκοσι

81 823 311 867 ιῡτάλαντα
343 827 583 881 προφέρων,
612 820 855 877 »τοσούτων
885 822 1026 876 ὖμᾶς”
1049 821 1233 879 ἔφασκεν
1261 820 1450 878 ,,ιῖνα’γκη
1483 839 1590 878 χρη-

128 889 277 944 μάτων
309 890 550 932 ἀποδόσθαι
575 888 650 931 καί
677 894 797 942 μεῖον
820 884 894 930 oin
915 887 1096 931 ἔνεστιν.
1125 887 1232 931 ἄλλα
1256 886 1303 931 τὸ
1325 888 1485 944 τιζιιημα
1516 889 1588 930 δέ·

130 958 262 1010 χεσθε
290 954 519 1012 πρότερον,
544 957 617 996 καί
637 950 747 1004 ὅπως
767 969 840 1007 μοι
860 953 936 1009 τήν
959 956 1166 1009 ταχίστην
1185 951 1375 1003 ἅπαντας
1394 951 1492 1003 τούς
1514 950 1588 1007 βό-

130 1036 187 1072 ας
211 1023 517 1075 ἆποκομιεῖτε.”
559 1022 641 1063 τῶν
670 1022 717 1062 δὲ
743 1018 1012 1062 ἱκετευόντων
1033 1019 1200 1062 ἀνεῖναι
1237 1018 1312 1062 καί
1345 1021 1586 1072 ἐπομνυμέ-

129 1104 226 1142 νων,
249 1084 279 1144 ἦ
299 1086 386 1142 μὴν
408 1087 518 1142 μηδὲ
545 1081 640 1128 ὅσον
666 1082 801 1142 ἆροῦν
827 1084 880 1127 τὰ
904 1084 1003 1140 λη’ϊα
1032 1081 1315 1141 ἀποχρώντως
1335 1086 1585 1140 κεκτῆσθαι,

81 1153 296 1196 ιὸοἷνένευε
311 1150 426 1206 μάλα
454 1153 615 1206 σεμνῶς
638 1151 666 1192 0‘
685 1149 931 1207 κατάρατος,
965 1152 1040 1193 καί
1072 1149 1190 1193 δεινὰ
1218 1152 1399 1193 ἐποιεῖτο
1425 1150 1466 1192 εἰ
1503 1161 1624 1205 ,κη-(ξ

130 1219 179 1260 δὲ
204 1219 414 1274 πρίασθαι
440 1219 498 1275 τῷ
525 1218 739 1274 στρατηγῷ
766 1217 876 1272 ἐξείη
904 1216 954 1258 τοὶ
985 1215 1213 1272 ἐπιτήδεια.
1267 1217 1340 1258 καί
1368 1217 1412 1265 ἐς
1439 1217 1588 1257 τοσοῦ-

129 1299 200 1325 τον
227 1285 401 1326 ἐνέκειτο
428 1284 695 1337 χαλεπαίνων
711 1317 725 1336 ,
753 1283 833 1331 ἕως
860 1285 1012 1324 ἐκεῖνοι
1035 1280 1088 1324 τὰ
1117 1281 1351 1335 τιμιώτατα
1378 1283 1462 1324 τῶν
1491 1297 1588 1335 κτη-

128 1348 274 1402 μάτων
301 1346 679 1403 ἆπεμπολήσαντες,
707 1349 781 1389 καί
804 1346 998 1404 χρυσίον,
1028 1344 1128 1390 ὅσον
1157 1344 1244 1390 οἷόν
1271 1363 1315 1390 τε
1343 1342 1397 1403 ἦν
1424 1343 1586 1398 αὐτοῖς,

129 1413 527 1471 συνερανισάμενοι,
567 1413 779 1469 παρέσχον
817 1415 874 1470 τῷ
901 1414 1176 1466 κακοδαίμονι
1215 1412 1350 1470 λύτρα
1387 1415 1462 1456 τοῦ
1491 1415 1584 1455 ἑπι-

76 1477 346 1534 αοτάγματος.
388 1477 514 1520 πάλιν
543 1480 590 1520 δὲ
618 1480 788 1521 ἐνθένδε
817 1476 894 1520 ἴων
923 1481 996 1520 καί
1021 1476 1204 1535 ἑτέρωθι
1231 1479 1582 1536 παραγενόμενος,

129 1546 234 1590 ἔνθα
260 1543 459 1599 καμήλων
485 1541 615 1597 τυχὸν
640 1540 668 1599 ἢ
697 1540 830 1600 ὀρέων
858 1539 957 1586 οὐδὲ
983 1538 1117 1597 ὄνομα
1144 1541 1329 1599 ἠκούετο,
1359 1544 1380 1586 ὃ
1410 1546 1457 1586 δὲ
1484 1544 1584 1596 τού-·Ι

129 1627 214 1654 των
240 1612 360 1652 ἕνεκα
386 1605 500 1664 ἥκειν
527 1609 654 1663 ἐβόα,
691 1608 764 1652 καί
799 1616 886 1660 τοῖς
914 1609 1073 1663 ὁμοίοις
1099 1609 1316 1667 χρώμενος
1334 1609 1459 1652 πάλιν
1486 1612 1583 1653 ἒπε-

227 1695 277 1717 ιο.
292 1683 356 1716 Pro
380 1680 478 1727 ὗμιῖς
503 1682 540 1714 R·
569 1681 686 1723 ἧαῶν.
749 1696 801 1718 ιι.
827 1682 1010 1728 δέχεσθαι
1030 1684 1068 1716 Β.
1133 1685 1187 1719 ι5.
1210 1683 1317 1730 μάλα
1336 1685 1389 1725 R„
1411 1681 1582 1729 μάλιστα

221 1729 315 1774 vulg.
364 1727 459 1774 μηδὲ
477 1728 528 1768 Β.,
549 1713 602 1774 ptr}
628 1730 724 1774 vulg.
801 1732 852 1765 16.
879 1729 923 1767 ὃς
946 1731 983 1763 Β.
1008 1741 1074 1775 pro
1099 1729 1148 1766 ἐς.
1226 1734 1278 1768 18.
1307 1729 1436 1767 αότοῖς
1457 1743 1526 1764 om.
1541 1733 1580 1766 R.

225 1774 638 1821 ι9.συνερανισάμενοι
673 1776 727 1816 R„
766 1775 1039 1823 ἔρανισοὲμενοι
1081 1777 1175 1821 vulg.
1305 1789 1361 1812 20.
1395 1776 1581 1825 ἑτέρωθεν

220 1823 260 1858 R.
339 1821 654 1868 παραγενόμενος
678 1823 729 1863 Β.,
769 1823 1080 1870 παραγινόμενος
1097 1824 1191 1868 vulg.

130 1925 204 1948 non
227 1918 372 1959 posset,
404 1914 478 1948 nisi
504 1914 639 1948 iniusta
664 1919 702 1948 et
733 1914 896 1950 violenta
928 1926 1040 1962 opera
1074 1926 1272 1957 exercens,
1307 1920 1345 1948 et
1376 1914 1579 1961 illegitimis

131 1960 347 2007 quibusdam
370 1961 682 2007 negotiationibus
703 1972 839 2004 omnes,
866 1963 1085 2009 quibuscum
1119 1963 1155 1996 ei
1184 1974 1239 1996 res
1267 1968 1371 2003 esset,
1396 1961 1579 2006 perderet,

131 2007 287 2041 rationes
310 2007 410 2041 illius
444 2007 600 2049 admisit,
632 2020 794 2054 auroque
821 2009 856 2043 ei
888 2015 1078 2044 numerato
1108 2011 1311 2054 permittit,
1347 2014 1389 2042 ut
1413 2009 1457 2043 de
1491 2009 1577 2055 qui-

133 2053 201 2087 bus
226 2054 322 2088 inter
345 2054 442 2100 ipsos
469 2061 687 2089 convenerat
711 2055 858 2096 faceret,
884 2056 983 2101 quod
1000 2057 1124 2091 vellet.

223 2111 277 2135 2².
326 2100 429 2134 Tunc
453 2101 577 2147 itaque
600 2103 752 2136 Ioannes
778 2113 887 2148 pagos
901 2100 1156 2143 Romanorum,
1181 2105 1362 2148 quotquot
1380 2101 1417 2134 in
1443 2100 1576 2134 itinere

128 2147 192 2180 siti
215 2152 330 2189 erant,
367 2147 562 2189 accedens,
593 2150 795 2183 convocatis
810 2149 954 2189 incolis,
979 2149 1044 2182 ubi
1070 2148 1218 2194 quidem
1239 2148 1350 2182 boum
1375 2148 1480 2192 copia
1500 2159 1575 2181 non

130 2197 230 2233 erat,
252 2194 331 2239 ipse
357 2195 551 2228 exercitum
577 2196 622 2228 iis
649 2207 752 2241 egere
776 2207 841 2241 pro
877 2196 1053 2229 concione
1082 2195 1239 2229 dicebat.
1287 2194 1430 2239 Viginti
1464 2195 1575 2239 igitur

130 2241 266 2273 talenta
289 2241 495 2285 proferens:
530 2242 617 2280 „Pro
649 2241 718 2275 hac
753 2241 994 2289 (inquiebat)
1027 2254 1163 2275 summa
1189 2247 1336 2287 oportet
1366 2251 1428 2274 vos
1462 2240 1574 2274 boves

127 2285 290 2328 tradere,
315 2288 432 2320 minus
457 2299 530 2321 non
554 2289 659 2331 licet3
693 2288 756 2322 sed
779 2290 938 2334 pretium
961 2290 1060 2334 prius
1085 2289 1238 2334 accipite
1253 2314 1262 2330 ,
1286 2293 1329 2321 ut
1352 2287 1443 2320 mihi
1466 2298 1575 2334 quam

128 2333 300 2366 citissime
323 2345 444 2367 omnes
468 2334 578 2368 hoves
602 2335 770 2368 sistatis.“
816 2337 893 2369 Illis
911 2347 995 2369 vero
1021 2336 1264 2380 precantibus,
1292 2340 1333 2368 ut
1357 2335 1573 2374 remitteret,

130 2385 168 2413 et
198 2379 414 2421 iurantibus,
437 2379 559 2422 boves,
583 2393 672 2427 quos
691 2381 882 2424 haberent,
909 2382 1053 2416 arandis
1077 2383 1239 2428 ipsorum
1264 2382 1354 2427 agris
1379 2393 1454 2414 non
1478 2379 1574 2413 suffi-

130 2437 233 2467 cere,
268 2437 390 2459 severe
414 2425 605 2460 admodum
631 2429 807 2463 renuebat
830 2429 1016 2470 scelestus,
1050 2434 1087 2462 et
1109 2440 1232 2474 graves
1256 2430 1369 2461 minas
1401 2427 1573 2467 addebat,

130 2473 161 2506 si
189 2484 262 2506 non
287 2473 416 2506 liceret
438 2474 622 2517 praefecto
649 2476 825 2509 exercitus
852 2477 1092 2510 necessarium
1126 2481 1362 2509 commeatum
1389 2477 1572 2516 cofimere5

128 2517 294 2564 adeoque
318 2518 610 2564 indignabundus
649 2533 723 2555 rem
759 2524 1014 2568 exaggerabat,
1061 2523 1178 2556 donec
1211 2523 1268 2555 illi
1300 2520 1572 2566 pretiosissimis

129 2566 203 2600 suis
229 2565 335 2599 rebus
361 2565 582 2607 divenditis,
614 2568 764 2614 aurique
793 2581 929 2602 summa
962 2574 1136 2616 quantum
1170 2569 1249 2602 fieri
1283 2571 1426 2612 poterat
1449 2567 1571 2599 maxi—

127 2623 186 2645 ma
211 2612 389 2653 conflata,
427 2612 635 2646 mandatum
659 2626 680 2647 a
709 2615 850 2649 nefario
875 2616 942 2650 illo
970 2615 1207 2649 redimebant.
1257 2614 1346 2647 Inde
1374 2623 1457 2646 vero
1487 2624 1569 2645 rur-

128 2669 207 2691 sum
230 2660 427 2704 prosectus‚
455 2670 534 2692 cum
570 2660 641 2694 alio
665 2661 832 2703 venisset,
857 2662 923 2696 ubi
948 2663 1164 2696 camelorum
1190 2665 1253 2694 aut
1282 2659 1461 2692 mulorum
1497 2670 1567 2692 no-

126 2715 210 2739 men
234 2716 278 2740 ne
303 2706 468 2740 auditum
496 2706 645 2752 quidem
673 2713 773 2751 erat,
804 2710 882 2755 ipse
909 2721 1032 2745 eorum
1057 2720 1162 2742 causa
1200 2718 1237 2742 se
1273 2706 1397 2742 venire
1432 2706 1566 2740 clama-
