1794 3112
234 78 305 142 24
796 94 1066 138 AGATfflAE

50 193 215 231 A-C·552
230 193 388 234 aveo'twv
414 191 589 244 κινήσει,
627 191 875 246 ἐτεθήπεσαν
902 194 947 234 δὲ
975 190 1085 244 ὅμως
1113 193 1428 248 ἅμφιγνοοῦντες
1454 192 1504 236 τὰ
1531 195 1624 236 ἔσθ’-

90 239 355 310 1“Ῑ”26μενα,
409 257 479 295 καί
513 253 558 294 τὸ
597 250 855 310 ἀστάθμητον
888 255 1062 306 δεδιότες
1097 259 1166 311 τῆς
1191 256 1338 311 τύχης,
1394 256 1626 312 μετεώρους

229 336 275 362 τε
301 322 372 360 καί
392 317 646 373 ἀμφιβόλους
673 316 784 372 εἶχον
813 319 887 368 τὰς
916 319 1100 374 γνώμας,
1127 323 1439 376 καραδοκοῦντες
1460 323 1536 374 μὲν
1559 323 1629 362 καὶ

191 381 595 433 Βδιαπυνθανόμενοι
619 381 672 424 τὰ
695 384 928 436 ποιούμενα,
955 384 1239 437 βουλευόμενοι
1264 386 1310 426 δὲ
1332 387 1412 427 τῶν
1434 385 1628 442 κρατούν-

227 461 307 488 των
332 447 534 498 γενέσθαι.
572 443 610 486 οἱ
635 447 680 488 δὲ
703 448 782 488 τῶν
805 445 953 502 ἑτέρων
978 449 1165 502 πρέσβεις
1185 445 1438 503 ἀφικόμενοι,
1465 451 1507 497 ἐς
1529 443 1650 501 ὅψινό

226 525 268 551 τε
296 510 351 564 τῷ
378 508 543 562 ἡγεμόνι
568 508 839 559 καταστάντες
875 513 946 552 καί
973 509 1101 552 ἅπασι
1143 518 1227 560 τοῖς
1254 514 1297 554 ἐν
1325 515 1442 564 τέλει,
1468 514 1627 555 ἐδέοντο

225 573 283 627 μὴ
311 574 421 628 σφᾶς
447 575 642 629 περιϊδεῖν
667 573 745 616 ὑπὸ
778 574 1000 627 εΡωμαίων
1026 577 1306 629 πιεζομένους,
1351 578 1628 630 συλλαβέσθαι

227 638 274 683 δὲ
299 640 452 689 μᾶλλον
479 640 551 678 τοῦ
577 635 742 691 ἆγῶνος,
766 641 837 680 καί
860 640 1192 681 ἀνακαλέσασθαι
1210 643 1324 693 γένος
1347 639 1561 695 πρόσοικόν
1583 655 1629 681 τε

226 699 298 742 καί
320 701 455 756 φίλιον
474 703 544 742 καί
574 697 702 756 ἄρδην
729 701 968 757 οἰχήσεσθαι
993 705 1236 744 κινδυνεῦον.
1263 703 1474 745 ἐδίδασκον
1503 705 1548 745 δὲ
1572 703 1627 751 ὥς

227 766 299 807 καί
315 761 455 813 αῦτοῖς
476 766 518 813 ἐς
536 763 586 806 τοὶ
604 765 786 817 μάλιστα
806 767 1003 820 συνοίσει,
1029 766 1086 821 μή
1119 769 1281 822 ἐφιέναι
1312 766 1538 820 εΡωμαιόις
1560 767 1679 809 §nixo

225 830 331 881 μέγα
353 827 563 882 δυνάμεως
586 830 840 882 αἰρομένοις,
882 830 987 872 ἀλλὰ
1009 830 1133 874 παντί
1164 833 1300 872 σθένει
1320 830 1392 887 τὴν
1414 826 1628 886 αῦξηνκο-

225 891 382 933 λούειν·
426 895 493 944 ,,εἰ
508 891 586 947 γάρ
622 890 732 934 ἅπαν
753 892 799 934 τὸ
821 897 862 936 Γ
860 893 1025 936 οτθικὸν
1046 896 1155 948 γένος
1178 893 1359 936 ἐκποδών
1377 896 1627 950 ποιήσονται,

227 952 303 997 οὔκ
335 956 377 1004 ἐς
406 955 593 1010 μακρὰν”
624 955 784 1011 ἔφασαν
811 957 851 998 οἱ
881 959 1069 1012 πρέσβεις
1099 957 1201 1010 ,,και“
1226 961 1320 1000 καθ’
1344 956 1458 1011 ὑμῶν
1489 959 1628 1001 αὕτῶν

223 1015 380 1073 ἥξουσι,
407 1019 478 1061 καί
496 1017 795 1062 ἆνανεώσονται
813 1020 910 1069 τούς
933 1023 1155 1077 προτέρους
1178 1024 1392 1074 πολέμους.
1427 1022 1628 1075 ἐπιλείψει

225 1082 304 1138 γὰρ
329 1080 478 1132 αὖτοὺς
499 1081 589 1125 οὐδ’
610 1083 836 1126 ὁπωστιοῦν
859 1082 1120 1141 εὖπρόσωπος
1157 1087 1268 1128 αἰτία
1290 1088 1332 1135 ἐς
1353 1084 1678 1142 προκάλυμμαιό

187 1162 212 1195 c
226 1151 293 1202 τῆς
312 1149 551 1201 πλεονεξίας,
579 1146 683 1190 ἀλλὰ
705 1147 782 1191 σῦν
808 1148 897 1205 δι’κῃ
922 1165 967 1203 γε
986 1149 1095 1202 ὑμᾶς
1115 1148 1279 1199 δόξουσι
1300 1153 1498 1203 μετιέναι,
1529 1153 1631 1191 Μα-

226 1211 341 1266 ρίους
364 1211 477 1260 τινὰς
491 1214 563 1254 καί
578 1212 832 1266 Καμίλλους,
861 1212 932 1254 καί
953 1215 1032 1255 τῶν
1054 1213 1280 1269 Καισάρων
1300 1213 1397 1262 τούς
1421 1212 1632 1262 πλείστους

225 1275 595 1330 ἄπαριθμοῦμενοι,
624 1277 682 1324 ὦς
708 1275 756 1330 δὴ
785 1275 913 1317 πάλαι
939 1279 1035 1319 ποτὲ
1060 1282 1144 1326 τοῖς
1165 1272 1247 1318 ἄνω
1269 1278 1494 1331 Γερμανοῖς
1514 1280 1632 1317 πολε-

223 1340 452 1394 μήσαντας,
492 1342 563 1381 καί
589 1340 640 1381 τὰ
663 1340 765 1396 ὑπὲρ
796 1340 945 1394 ζΡῆνον
974 1339 1129 1385 ἅπαντα
1156 1340 1453 1394 κατασχόντας·
1500 1339 1629 1397 ταύτῃ

224 1419 268 1451 τε
296 1399 342 1444 οῦ
369 1403 589 1457 βιάζεσθαι
617 1402 828 1457 δόξουσιν,
856 1404 946 1445 ἀλλ’
968 1403 1092 1454 ὅσι’ως
1117 1404 1445 1459 ἐπιστρατεύειν,
1475 1401 1530 1453 ὥς
1556 1400 1681 1444 ozi-20

314 1481 350 1515 6.
372 1490 410 1513 τε
433 1482 566 1514 omittit
581 1483 662 1514 Bav.
771 1485 803 1518 8.
829 1480 1042 1527 πρόσοικόν
1056 1491 1094 1515 τε
1115 1483 1179 1515 καὶ
1204 1482 1334 1527 φίλιον
1351 1481 1413 1514 καὶ
1431 1482 1468 1513 Β.
1489 1485 1524 1514 et
1537 1481 1631 1520 nav„

313 1525 525 1570 πρόσοικον
545 1528 607 1559 καὶ
627 1523 765 1571 φιλικὰ
781 1527 871 1572 vulg.
970 1539 1023 1565 ιο,
1040 1526 1166 1564 αὐτοῖς
1183 1546 1228 1554 --
1249 1529 1416 1560 συνοίσει
1439 1527 1475 1561 fl.
1497 1531 1533 1559 et
1552 1527 1632 1558 Bav-

317 1576 354 1604 et
377 1573 428 1604 sic
445 1572 694 1605 emendaverat
712 1573 825 1616 Toup.
847 1571 892 1605 ad
915 1573 1013 1606 Suid.
1038 1574 1063 1606 1.
1083 1585 1116 1617 p.
1133 1573 1200 1612 58„
1220 1565 1360 1608 αὐτοὺς
1381 1589 1421 1600 -
1443 1573 1633 1604 συνοίσειν

316 1617 408 1661 vulg.
505 1629 554 1651 ιι.
577 1617 723 1664 μεγάλα
743 1619 824 1650 Bav.
916 1617 1072 1652 κωλύειν
1095 1617 1191 1651 Snid.
1213 1628 1240 1649 s.
1258 1628 1287 1650 v.
1313 1615 1415 1657 αὔξη,
1438 1616 1535 1662 quod
1555 1617 1633 1660 pla-

314 1667 371 1694 cet
388 1663 540 1706 Toupi0.
636 1666 685 1698 13.
701 1663 876 1708 ἔφθασαν
891 1664 969 1696 Bav.
1066 1663 1116 1706 ¹4·
1137 1661 1309 1703 ἐπιλήψει
1323 1663 1403 1694 Bav.
1497 1662 1550 1698 15.
1569 1660 1634 1693 ⁶11-

314 1707 462 1750 τρόπως
478 1709 558 1744 Bav.
666 1708 703 1744 ἐς
720 1707 973 1753 προκάλυμμα
992 1709 1027 1740 R.
1050 1713 1086 1741 et
1102 1709 1201 1747 Bav.‚
1226 1705 1519 1752 ειῗπροκιέλυμμα
1539 1707 1631 1750 vulg.

317 1754 368 1788 16.
387 1762 431 1798 γε
447 1764 515 1785 om.
526 1753 606 1788 Bav.
695 1765 749 1788 20.
761 1751 808 1786 οὐ
827 1753 1021 1797 βιάζεσθαι
1033 1755 1069 1787 R.
1081 1764 1146 1797 mg.
1156 1752 1265 1798 Lugd.
1277 1755 1370 1793 Bav„
1381 1747 1423 1786 εὖ
1436 1752 1526 1795 βιάζ.
1538 1752 1632 1796 vulg.

225 1836 342 1865 tamen
366 1835 482 1872 erant,
521 1830 564 1866 de
591 1834 717 1863 eventu
743 1829 946 1863 dubitantes
981 1835 1018 1864 et
1040 1830 1202 1864 fortunae
1225 1829 1495 1864 instabilitatem
1517 1829 1631 1873 perti-

223 1882 437 1916 mescentes,
486 1881 523 1910 et
556 1876 734 1920 suspensis
767 1875 957 1920 dubiisque
979 1875 1108 1909 animis
1143 1875 1378 1908 observabant
1401 1874 1632 1910 sciscitaban-

225 1927 353 1967 turque
387 1921 475 1966 quid
508 1927 686 1965 ageretur,
735 1926 930 1955 statuentes
967 1921 1032 1961 iis,
1079 1922 1140 1965 qui
1172 1921 1328 1965 potiores
1363 1919 1631 1965 superioresque

227 1973 362 2006 essent,
396 1978 471 1999 sese
494 1967 694 2011 adiungere.
741 1965 899 1999 Aliorum
921 1977 1001 1999 vero
1023 1972 1177 2000 oratores
1202 1977 1280 1998 cum
1306 1966 1344 1999 in
1365 1966 1454 2009 regis
1481 1975 1632 2008 conspe-

226 2019 321 2045 ctum
342 2014 523 2045 venissent
546 2016 582 2045 et
609 2012 764 2044 omnium
787 2013 980 2055 primorum
1009 2013 1126 2056 regni,
1153 2011 1319 2050 orabant,
1347 2022 1403 2044 ne.
1418 2021 1493 2043 sese
1517 2021 1538 2042 a
1563 2012 1633 2043 Ro-

224 2059 337 2091 manis
361 2069 544 2102 oppressos
573 2057 812 2101 despicerent3
861 2057 923 2090 sed
947 2058 1075 2090 sociale
1107 2067 1184 2090 cum
1209 2057 1295 2100 ipsis
1319 2055 1450 2088 bellum
1475 2055 1634 2099 suscipe-

226 2108 316 2142 rent,
341 2109 376 2135 et
402 2104 499 2146 genti
523 2104 694 2136 finitimae
719 2107 824 2147 atque
849 2103 982 2135 amicae
1006 2102 1184 2145 suppetias
1209 2102 1353 2140 ferrent,
1378 2111 1469 2145 quae
1497 2099 1634 2144 alioqui

226 2149 266 2180 in
301 2149 503 2182 discrimine
529 2154 603 2181 erat
639 2159 686 2181 ne
717 2147 878 2180 funditus
909 2153 1134 2181 everteretur.
1184 2146 1430 2179 Ostendebant
1451 2151 1634 2190 praeterea

226 2193 295 2226 hoc
323 2194 430 2226 etiam
453 2205 496 2226 ex
519 2195 659 2226 illorum
684 2203 722 2226 re
746 2194 897 2225 maxime
921 2193 1093 2232 futurum,
1131 2194 1160 2225 si
1181 2204 1254 2225 non
1280 2197 1486 2236 paterentur
1506 2193 1633 2223 Roma—

226 2250 291 2271 nos
319 2239 364 2272 ad
390 2244 521 2271 tantam
547 2241 743 2282 potentiam
768 2239 889 2278 evehi,
929 2237 991 2271 sed
1019 2239 1138 2282 potius
1169 2237 1331 2270 omnibus
1354 2237 1486 2269 viribus
1513 2246 1634 2269 eorum

226 2284 444 2317 incremento
476 2284 661 2316 officerent.
720 2283 757 2316 Si
793 2284 886 2316 enim
923 2284 1116 2316 universam
1153 2289 1292 2328 gentem
1323 2281 1508 2315 Gothicam
1535 2280 1634 2314 delo·-

226 2331 361 2370 verint,
404 2330 521 2361 statim
546 2331 651 2362 etiam
676 2329 714 2361 in
739 2339 819 2369 vos,
867 2328 1034 2361 dicebant
1067 2334 1243 2368 oratores,
1288 2329 1479 2360 exercitum
1505 2326 1635 2359 ducent

227 2379 266 2407 et
288 2375 436 2418 pristina
459 2375 554 2407 bella
578 2375 835 2407 instaurabunt.
876 2373 999 2419 Neque
1023 2375 1116 2406 enim
1138 2375 1211 2406 illis
1233 2378 1286 2406 est
1307 2373 1473 2406 defutura
1496 2372 1635 2415 specior

227 2431 265 2452 sa
290 2421 408 2464 aliqua
436 2431 553 2458 causa,
579 2431 682 2465 quam
708 2420 873 2452 avaritiae
899 2431 982 2452 suae
1005 2425 1230 2462 praetexant:
1252 2419 1339 2463 quin
1362 2419 1480 2461 potius
1503 2418 1633 2450 iustam

228 2476 304 2498 sese
327 2465 425 2498 vobis
449 2465 580 2498 insen-e
605 2465 737 2497 bellum
760 2465 961 2508 putabunt,
995 2465 1125 2497 Marios
1151 2464 1319 2509 quosdam
1348 2469 1384 2496 et
1408 2462 1634 2500 Camillos-aet

228 2510 415 2544 Caesarum
449 2512 636 2554 plerosque
675 2516 915 2548 recensenteS,
965 2510 1026 2554 qui
1063 2511 1148 2543 olim
1183 2510 1278 2542 bella
1309 2508 1471 2542 adversus
1501 2507 1634 2550 priseos

230 2555 423 2589 Germanos
443 2561 643 2599 gesserunt,
669 2561 704 2588 et
724 2561 816 2588 trans
838 2555 996 2587 Rhenum
1020 2557 1182 2589 universa
1205 2559 1436 2598 occuparunt:
1470 2552 1634 2596 quocirca

229 2611 302 2632 non
326 2603 395 2633 vim
420 2601 553 2634 illaturi
578 2601 815 2639 videbuntur,
853 2600 913 2632 sed
937 2601 1067 2632 iustum
1101 2599 1234 2632 bellum
1271 2609 1432 2638 movere,
1469 2603 1635 2642 tanquam

229 2645 324 2679 nihil
346 2647 500 2680 alienum
526 2646 735 2691 quaesituri,
782 2646 843 2679 sed
866 2647 1036 2680 maiorum
1061 2657 1201 2679 suorum
1225 2645 1464 2691 possessiones
1486 2651 1633 2687 recupe—
