1794 3112
263 158 340 209 60
841 174 1110 216 AGATHLAE

70 288 108 322 Α,
125 289 162 320 0,
187 286 251 320 552
262 271 331 312 καί
355 269 615 325 ἀναστροφὰς
637 272 687 325 τῇ
714 271 831 327 πείρᾳ
865 275 1203 326 πεπαιδευμένου·
1240 276 1344 318 ἀλλὰ
1380 277 1454 332 γὰρ
1491 277 1562 318 καί
1585 279 1667 318 τῶν

121 351 145 385 Ι,
165 350 188 380 1,
205 349 248 384 26
261 333 367 389 ἄμφ’
389 333 514 374 αὕτὸν
539 333 635 383 τοὺς
661 331 804 375 ὄπόσοι
825 336 873 376 οὗ
898 337 1069 388 πάμπαν
1096 336 1267 392 ἀγνῶτες
1287 340 1338 382 τοὶ
1361 341 1536 393 πολέμια
1560 336 1667 396 ἦσαν

262 400 442 440 ἕπεσθαί
457 398 494 439 οἱ
519 399 692 440 ἐκέλευε.
720 398 791 440 καί
820 397 859 439 οἱ
894 402 971 452 μὲν
1004 403 1047 450 ἐς
1079 401 1175 452 τούς
1213 406 1363 453 ἵππους
1396 405 1667 460 ἀναθορόντες

265 458 387 518 (ἦσαν
408 463 454 503 δὲ
478 456 624 517 ἄνδρες
650 463 693 510 ἐς
711 464 988 520 τριακοσίους)
1024 466 1294 521 ἐφωμάρτουν
1319 483 1363 509 τε
1389 470 1459 510 καὶ
1488 467 1669 522 ἐπήλαυ-

262 541 330 568 νον
355 523 427 566 ἰθύ
453 527 532 567 τῶν
556 525 768 577 πολεμίων.
799 525 836 567 οἱ
863 528 909 568 δὲ
935 527 1133 578 ἐσιδόντες
1163 530 1318 580 αὐτούς
1344 532 1543 583 ἐπιόντας,
1570 535 1694 576 uno—5

263 589 394 645 ράδην
429 591 506 641 μὲν
545 590 679 631 οὐκέτι
703 590 855 643 ἠλῶντο
866 623 878 642 ,
920 587 1018 632 οῦδὲ
1052 589 1168 644 οἶμαι
1195 595 1268 647 τῆς
1299 596 1412 643 λείας
1435 596 1669 649 ἐμέμνηντο·

262 656 504 709 ἠθροίζοντο
530 655 575 695 δὲ
599 653 668 695 ἐπὶ
694 657 804 709 σφᾶς
829 652 1017 708 ἅπαντες,
1045 654 1090 696 τό
1112 671 1156 696 τε
1187 657 1348 699 ἱππικὸν
1383 657 1454 699 καὶ
1483 657 1521 699 οἱ
1546 659 1673 710 πεζοί,

223 720 335 761 1)καί
369 720 412 766 ἐς
437 718 628 773 φάλαγγα
659 719 968 772 ξυνετάττοντο,
1007 723 1182 773 βαθεῖαν
1208 723 1285 773 μὲν
1309 716 1400 762 οὔτι
1424 720 1539 774 μάλα
1571 723 1676 776 (πῶς

263 782 341 837 γὰρ
371 779 457 825 οἷόν
480 798 523 823 τε
549 777 598 836 ἦν
620 779 668 822 ού
692 781 857 838 σφόδρα
884 786 1042 825 πολλῶν
1070 781 1199 826 αὐτοῦ
1222 786 1457 840 ἀφιγμένων
1470 791 1499 838 ,·)
1535 800 1677 840 καρτε-

265 847 344 902 ρὰν
363 848 407 888 δὲ
440 843 554 898 ὅμως
581 848 636 902 τῷ
660 849 931 903 συνασπισμῷ
951 848 1022 889 καὶ
1043 850 1100 906 τῷ
1133 848 1183 891 τὰ
1210 851 1309 904 κέρα
1337 850 1381 891 έν
1406 850 1543 909 κόσμῳ
1575 864 1726 894 συν-ιο

263 913 502 952 νενευκέναι.
529 910 566 952 οἱ
595 913 640 951 δὲ
660 911 866 963 εΡωμαῖοι
891 911 1031 967 ἐπειδὴ
1059 916 1101 962 ἐς
1131 911 1251 964 τόξου
1273 930 1318 968 γε
1339 909 1419 968 ἤδη
1444 912 1569 968 βολὴν
1589 913 1677 966 ἔγε-

263 977 450 1029 γένηντο,
490 976 659 1027 ἕμμίξαι
689 977 766 1027 μὲν
795 977 866 1016 καί
892 977 1100 1032 συῤῥάξαι
1121 985 1204 1026 τοῖς
1234 977 1442 1029 πολεμίοις
1469 971 1518 1018 εὖ
1543 991 1677 1030 παρα-

264 1041 522 1091 τεταγμένοις
537 1036 681 1093 ἥκιστα
703 1034 824 1095 ᾤοντο
843 1041 1006 1094 χρῆναι,
1034 1041 1253 1093 τοξεύμασι
1270 1043 1315 1082 δὲ
1337 1040 1410 1083 καί
1430 1039 1678 1092 duom-tima-

266 1118 332 1143 σιν
363 1101 719 1156 ἀκροβολιζόμενοι
729 1136 741 1155 ,
794 1105 1013 1158 ἐπειρῶντο
1046 1108 1204 1160 σφῆλαι
1237 1103 1335 1154 τούς
1375 1104 1676 1160 πρωτοστάτας,
1782 1159 1784 1163 .

265 1166 338 1207 καί
360 1165 583 1222 διαρρῆξαι
614 1164 686 1220 την
717 1165 922 1209 πύκνωσιν
953 1170 1029 1208 τοῦ
1055 1169 1254 1221 μετώπου.
1294 1165 1384 1210 ἀλλ’
1419 1169 1563 1209 ἐκεῖνοι
1589 1172 1730 1214 ταῖςιᾶ

266 1227 435 1272 ἀσπίσιν
455 1226 604 1284 ἄριστα
629 1233 1014 1287 περιπεφραγμένοι,
1043 1234 1208 1274 ἵσταντο
1233 1229 1459 1287 ἆστεμφεῖς
1489 1231 1561 1274 καί
1583 1229 1682 1272 cidd-

264 1310 396 1348 νητοι,
436 1291 623 1346 οὗδαμοῦ
655 1294 702 1335 τὸ
738 1297 906 1348 συνεχὲς
934 1298 1004 1350 τῆς
1035 1297 1189 1347 τάξεως
1220 1298 1480 1348 διασπῶντες,
1507 1295 1598 1336 ἐπεὶ
1614 1294 1685 1335 καὶ

267 1355 371 1413 ὕλης
393 1357 501 1406 τινὸς
529 1361 675 1406 λασίας
707 1358 980 1414 κυρήσαντες,
1021 1357 1155 1414 ὥσπερ
1185 1359 1364 1416 ἐρύματι
1394 1365 1478 1408 τοῖς
1501 1360 1683 1413 δένδροις

155 1434 188 1475 Ρ,
214 1428 256 1468 34
270 1423 454 1477 ἐχρῶντο.
483 1418 561 1477 ἤδη
590 1424 635 1464 δὲ
666 1425 737 1464 καί
759 1429 845 1471 τοῖς
877 1419 1056 1476 ἄγγωσιν
1082 1424 1286 1478 ἠμύνοντο
1319 1422 1548 1479 βάλλοντες·
1575 1418 1683 1464 οὕτω

269 1485 346 1540 γὰρ
373 1483 515 1534 αὖτοῖς
545 1487 598 1527 τοὶ
620 1485 826 1541 ἐπιχώρια
849 1485 1004 1542 δόρατα
1023 1487 1325 1540 ἐπωνόμασται.
1685 1507 1736 1533 20

379 1549 451 1603 κβ’.
501 1548 578 1599 Ἷ-Ξς
603 1552 649 1592 δὲ
672 1552 794 1592 ου’δὲν
819 1553 1088 1606 ἐπημαίνοντο
1102 1585 1114 1604 ,
1160 1553 1491 1606 διαλογισάμενος
1526 1547 1683 1593 ἅπαντα

272 1613 297 1654 o‘
326 1615 515 1669 Ναρσῆς,
544 1615 799 1670 βαρβαρικήν
821 1632 912 1658 τινα
941 1617 1187 1672 στρατηγίαν
1209 1615 1280 1657 καί
1295 1619 1449 1668 μᾶλλον
1470 1623 1554 1664 τοῖς
1577 1610 1684 1656 Οῧν-
1709 1623 1715 1631 ’

271 1693 356 1727 νοις
382 1679 704 1735 μεμελετημένην
733 1681 977 1734 ἐμηχανᾶτο.
1006 1682 1164 1721 ἐκέλευε
1192 1679 1269 1735 γὰρ
1302 1680 1402 1727 τούς
1433 1680 1537 1735 ἀμφ’
1558 1676 1685 1720 αὖτὸν

367 1778 394 1798 1.
421 1765 720 1812 πεπαιδευμένου
745 1768 781 1800 R.
807 1766 891 1814 (cl.)
919 1767 1026 1812 Lugd.
1053 1780 1084 1804 2,
1106 1779 1165 1809 m.‚
1189 1767 1484 1814 πεπαιδευμένος
1511 1767 1589 1802 edd.
1652 1769 1685 1811 4.

363 1811 400 1846 ἐς
422 1815 663 1855 τριακοσίους
684 1815 734 1853 R„
759 1814 794 1849 ἐς
821 1811 905 1849 τοὺς
927 1824 982 1858 τρ.
1002 1814 1092 1857 vulg.
1162 1815 1194 1846 6.
1222 1814 1430 1859 ἐμέμνηντο.
1456 1815 1515 1847 sic
1537 1814 1684 1847 correxi.

362 1855 554 1900 ἐγίγνοντο
568 1859 606 1892 Β.
619 1859 754 1902 etvulg.
806 1861 857 1893 ιδ.
873 1868 1073 1903 περιπεφρ.
1085 1861 1260 1904 Kampe.
1272 1861 1362 1904 vulg.
1414 1872 1462 1905 ¹9·
1473 1859 1685 1903 ἄγκωσινΡι.

273 1934 395 1967 iussit:
422 1935 484 1979 qui
510 1935 652 1980 quidem
680 1937 717 1981 in
745 1947 854 1980 equos
879 1937 1077 1969 insilientes
1103 1936 1219 1981 (erant
1236 1947 1318 1970 vero
1335 1937 1401 1969 viri
1418 1937 1582 1982 trecenti)
1607 1947 1687 1968 eum

274 1980 398 2019 secuti,
434 1985 527 2012 recta
558 1981 595 2013 in
629 1981 766 2014 hostem
801 1982 1069 2014 contenderunt.
1127 1983 1218 2014 Tum
1248 1981 1286 2015 hi
1319 1993 1378 2014 eos
1402 1983 1575 2015 irruentes
1601 1993 1687 2014 con-

272 2026 419 2068 spicati,
443 2036 515 2059 non
542 2027 612 2058 iam
635 2028 794 2069 palantes
815 2028 962 2071 sparsim
974 2027 1207 2071 vagabantur,
1230 2039 1348 2072 neque
1371 2027 1521 2060 arbitror
1538 2027 1688 2071 praedae

272 2081 444 2103 memores
461 2075 570 2111 erant,
595 2071 657 2104 scd
681 2074 841 2116 protinus
864 2083 938 2106 sese
963 2073 1100 2118 equites
1125 2073 1278 2116 pedites(
1290 2083 1334 2106 ue
1362 2077 1630 2117 congregarunt,
1654 2077 1690 2104 et

274 2117 313 2148 in
338 2128 446 2148 unum
465 2128 587 2161 agmen
612 2123 902 2161 composuerunt3
941 2130 1012 2151 non
1041 2118 1184 2162 quidem
1207 2086 1297 2150 illuit
1326 2118 1472 2150 densum
1494 2118 1572 2163 (qui
1594 2119 1688 2151 enim

275 2162 352 2194 fieri
372 2167 523 2205 poterat,
548 2174 625 2195 cum
646 2175 719 2196 non
744 2163 932 2196 admodum
958 2164 1061 2197 multi
1077 2176 1118 2197 eo
1141 2163 1359 2209 venissent?)
1384 2164 1539 2197 validum
1560 2169 1689 2203 tamen,

277 2217 355 2238 cum
376 2213 528 2240 scutatos
555 2209 651 2241 inter
673 2220 710 2241 sc
730 2215 908 2242 consertos
932 2211 1093 2254 equitum
1114 2210 1190 2242 alae
1211 2211 1401 2254 cingerent.
1449 2209 1594 2242 Romani
1607 2220 1689 2243 vero

277 2263 354 2286 cum
376 2253 442 2284 iam
464 2254 555 2286 intra
578 2255 643 2286 teli
666 2255 799 2287 iactum
820 2257 1083 2299 pervenissent,
1119 2266 1241 2287 manus
1275 2255 1419 2299 quidem
1443 2265 1625 2289 conserere
1655 2260 1690 2286 et

279 2297 466 2341 confligere
492 2310 569 2331 cum
596 2299 759 2332 hostibus
780 2301 951 2334 instructa
975 2301 1050 2334 acie
1077 2301 1250 2333 stantibus
1274 2312 1499 2346 nequaquam
1524 2300 1690 2343 expedire

279 2343 492 2377 censebant:
529 2346 664 2388 sagittis
690 2357 772 2378 vero
809 2351 846 2378 ct
875 2346 1000 2379 iaculis
1026 2346 1212 2379 velitantes
1238 2348 1386 2390 primam
1412 2348 1523 2379 aciem
1554 2345 1690 2378 labefa-

279 2394 372 2420 ctare
396 2389 593 2433 srontisque
621 2390 830 2423 densitatem
852 2391 1051 2436 diffringere
1085 2392 1311 2424 conabantur.
1358 2391 1479 2430 Atini
1506 2402 1581 2424 cum
1600 2391 1692 2422 inter

279 2445 316 2466 se
339 2435 444 2466 scutis
465 2437 598 2479 optime
624 2442 741 2468 essent
767 2437 974 2480 constipati,
999 2437 1091 2469 firmi
1115 2439 1324 2483 immotique
1344 2438 1496 2478 stabant,
1522 2436 1692 2480 nuilaque

281 2490 325 2510 ex
341 2485 441 2522 parte
462 2481 551 2513 acici
572 2482 776 2514 continuum
801 2482 1069 2524 convellebant3
1102 2482 1278 2528 siquidem
1303 2489 1339 2516 ct
1356 2482 1498 2516 densam
1518 2481 1692 2526 quandam

281 2525 403 2557 silvam
426 2528 544 2566 nacti,
583 2526 768 2559 arboribus
791 2533 831 2560 ut
853 2528 944 2560 vallo
972 2528 1174 2563 utebantur.
1223 2529 1296 2560 Iam
1314 2539 1396 2562 vero
1418 2528 1521 2562 etiam
1541 2527 1693 2559 telorum

282 2572 376 2603 iactu
398 2582 435 2603 se
457 2571 660 2612 tuebantur,
686 2584 776 2616 quae
799 2574 913 2615 patria
937 2574 1091 2617 ipsorum
1114 2575 1236 2618 lingua
1260 2585 1412 2618 augones
1434 2578 1615 2607 vocantur.

376 2628 429 2648 22.
478 2617 565 2650 Cum
598 2617 719 2662 itaque
750 2618 843 2651 nihil
873 2619 990 2651 damni
1026 2621 1245 2664 acciperent,
1277 2619 1400 2652 Narses
1425 2618 1542 2652 omnia
1576 2627 1691 2650 secum

284 2666 473 2704 reputans,
513 2661 700 2695 barbarum
736 2663 914 2707 quoddam
940 2669 1147 2709 stratagema
1171 2669 1206 2697 et
1231 2665 1368 2697 Hunnis
1395 2664 1504 2709 magis
1526 2663 1694 2697 usitatum

286 2708 505 2751 excogitavit.
553 2708 660 2744 Iussit
694 2710 789 2742 enim
819 2721 898 2747 suos
927 2716 1022 2756 terga
1054 2715 1231 2749 vertentes
1266 2715 1453 2744 retrorsum
1485 2709 1692 2750 concitatius
