1794 3112
293 159 311 192 1
331 159 347 192 1
358 139 394 192 6
865 156 1136 199 AGATfflAE

104 257 190 292 A.c.
207 258 272 302 554
283 256 478 308 σώματα,
522 252 604 295 εἴτε
633 255 743 302 κόνις
762 247 812 307 ἦν
833 253 878 295 τὸ
902 257 1198 310 κρυπτόμενον,
1234 255 1302 304 ὥς·
1321 255 1370 304 δὴ
1393 255 1556 297 ἐκεήιων
1582 256 1685 303 κατὰ

137 305 165 338 1⁶
188 305 216 341 Ι·
233 306 351 358 28τὸν
373 318 471 372 παρ’
501 314 666 371 Ἕλλησι
694 315 816 368 νόμον
845 322 1210 373 πυρποληθέντων,
1272 319 1461 372 οὕδαμῶς
1494 314 1615 372 ὅμοιά
1641 333 1688 374 γε

277 382 404 422 ταῦτα
425 385 507 429 τοῖς
534 382 608 422 νῦν
634 382 880 434 γιγνομένοις
899 382 1124 434 ἐτύγχανον
1145 377 1255 424 ὄντα.

384 441 459 485 κδ’.
518 438 680 485 Οὔκουν
712 443 864 484 ἐκεῖνοί
882 460 926 497 γε
960 439 1043 485 ὦδε
1074 446 1335 499 ἐγίγνωσκον,
1378 441 1472 487 οὗτε
1497 448 1594 500 περὶ
1611 445 1686 495 τὰς

275 507 437 563 ταφὰς,
481 508 677 559 οὐμενοῦν
715 504 804 548 ἄλλ’
838 507 935 549 οὐδὲ
973 510 1015 557 ἐς
1046 508 1120 563 τὴν
1162 513 1234 563 τῆς
1269 510 1387 563 εύνῆς
1428 510 1710 565 παρανομιάνό

276 569 397 612 ὃποῖα
420 571 457 613 οἱ
485 573 558 613 νῦν
582 568 965 624 ἆκολασταίνουσιν,
994 569 1040 613 οὖ
1054 570 1178 625 μόνον
1201 570 1398 628 ἀδελφαῖς
1414 589 1457 614 τε
1479 576 1549 616 καί
1567 575 1684 624 ἀδελ-

276 636 419 690 φιδαῖς
444 631 592 689 ἆνέδην
616 636 880 688 μιγνύμενοι,
921 635 1023 676 ἀλλά
1056 638 1228 691 πατέρες
1257 653 1301 677 τε
1324 637 1577 692 θυγατράσι,
1615 639 1686 678 καί

274 697 321 739 τὸ
353 697 403 752 δὴ
430 698 591 740 πάντων
618 695 909 754 ἆνοσιώτερον,
941 695 978 741 αἶ
999 699 1114 752 νόμοι
1140 715 1184 754 γε
1211 702 1282 741 καί
1304 699 1452 755 φύσιςῖ
1484 700 1568 742 υἱοὶ
1596 706 1684 749 ταῖς

279 763 503 811 τεκούσαις.
544 759 608 803 ὅτι
630 761 708 817 γάρ
732 763 874 811 αὐτοῖς
905 762 977 804 καί
1006 765 1125 804 τοῦτο
1149 763 1500 818 κεκαινοτόμηται,
1529 765 1684 805 ἐκεῖθεν

177 837 210 870 Ρ.
224 820 329 874 ὀαῖἰν
351 842 414 874 τις
437 829 679 881 σαφέστατα
708 826 903 880 διαγνοίη.
946 829 1102 880 λέγεται
1125 829 1202 883 γάρ
1229 844 1324 869 ποτε
1356 829 1585 883 Σεμίραμιν
1610 825 1736 880 ‘nimo

507 887 520 901 5

275 890 383 932 πάνυ
404 888 477 943 τήν
512 890 732 945 Ασσυρίαν
749 892 807 938 εἰς
827 892 946 932 τοῦτο
964 888 1164 946 ἀκρασίας
1178 892 1351 946 ἤγμένην
1362 925 1375 944 ,
1403 891 1460 940 ὥς
1478 889 1614 948 Νινύα
1630 891 1687 945 τῷ

274 955 396 995 παιδί
417 955 610 1008 ἐθελῆσαι
631 958 836 1004 ξυνελθεῖν
862 956 904 1003 ἐς
929 955 1077 1008 ταύτὸ,
1122 957 1195 997 καί
1222 952 1298 1011 ἤδη
1323 957 1465 1012 πειρᾷν
1490 954 1561 996 τὸν
1593 970 1686 996 νεα-

273 1016 378 1058 νίαν.
415 1015 487 1058 τὸν
517 1018 562 1058 δὲ
589 1014 879 1073 ἀπανήνασθαι
921 1018 992 1060 καί
1022 1021 1275 1073 χαλεπῆναι,
1326 1021 1396 1060 καί
1424 1020 1684 1069 τελευτῶντα,

274 1079 414 1134 ἐπειδὴ
451 1077 578 1135 αὐτὴν
609 1078 717 1137 ἑώρα
744 1081 1040 1137 σφαδάζουσαν
1069 1082 1142 1124 καί
1164 1085 1415 1138 ἐγκειμένην,
1456 1079 1692 1124 ἀποκτεῖναί
1748 1082 1750 1084 ’
1779 1137 1781 1140 .

272 1159 317 1184 τε
344 1142 418 1198 τὴν
442 1146 626 1200 μητέρα,
665 1145 735 1186 καί
758 1146 848 1187 τόδε
876 1144 922 1186 τὸ
954 1142 1050 1200 ἄγος
1084 1147 1172 1188 ἀντ’
1197 1148 1348 1188 ἐκείνου
1382 1145 1564 1189 ἑλέσθαι.
1589 1145 1732 1189 καί-15

271 1222 333 1248 τοι
351 1208 389 1248 εἰ
410 1206 519 1264 νόμῳ
537 1211 668 1250 ταῦτα
689 1211 838 1264 ἐφεῖτο,
866 1207 942 1250 ούκ
959 1207 1022 1262 ἂν,
1035 1207 1163 1262 οἶμαι,
1184 1209 1206 1250 ὅ
1222 1209 1381 1259 Νινύας
1401 1213 1443 1258 ἐς
1461 1209 1554 1251 τόδε
1572 1208 1682 1262 ὠμό-

272 1286 391 1324 τητος
413 1266 487 1327 ᾔει.
515 1271 587 1312 καί
601 1273 649 1313 τί
662 1274 730 1313 δεῖ
743 1271 796 1314 τά
818 1272 912 1314 λίαν
931 1275 1162 1315 παλαίτατα
1186 1274 1336 1326 λέγειν;
1365 1271 1481 1329 ὄλίγῳ
1505 1271 1582 1327 γὰρ
1611 1271 1684 1325 ἔμ-

278 1337 459 1388 προσθεν
479 1337 558 1376 τῶν
580 1338 873 1376 Μακεδονικῶν
909 1336 981 1377 καί
1002 1339 1075 1390 τῆς
1100 1338 1180 1377 τῶν
1204 1337 1385 1390 Περσῶν
1412 1335 1683 1388 καταλύσεως,

269 1392 549 1451 ’Λρταξέρξην
574 1398 679 1453 φασί
697 1397 769 1440 τὸν
781 1401 963 1454 Δαρείου
977 1432 989 1451 ,
1018 1399 1314 1454 Παρυσάτιδος
1336 1402 1406 1454 τῆς
1425 1397 1579 1454 μητρὸς
1603 1415 1683 1440 πα-

237 1460 483 1515 Βραπλήσια
507 1464 557 1517 τῇ
583 1461 831 1516 Σεμιράμιδι
861 1462 1095 1517 παθούσης,
1134 1463 1206 1504 καί
1231 1465 1495 1516 ξυγγενέσθαι
1513 1461 1550 1503 οἱ
1571 1461 1734 1515 isus-20

273 1541 343 1580 νης
354 1559 366 1578 ,
396 1522 631 1567 ἀποκτεῖναι
648 1527 724 1578 μὲν
745 1524 874 1580 αὐτὴν
897 1524 1042 1580 ἥκιστα
1052 1560 1065 1579 ,
1094 1529 1272 1569 ἐκκλῖναι
1296 1529 1341 1568 δὲ
1359 1524 1469 1579 ὅμως
1488 1525 1562 1576 ξύν
1583 1525 1683 1582 ὄργῇ

363 1631 392 1672 4.
422 1628 523 1672 Vulg.
548 1628 696 1661 οὐκοῦν.
714 1645 761 1652 —-
783 1629 976 1668 Utrumque
998 1639 1206 1673 emagorum
1226 1628 1381 1661 moribus
1406 1628 1575 1666 invaluit,
1599 1628 1681 1661 Par-

363 1674 456 1713 this,
479 1679 590 1716 puto,
613 1673 898 1706 dominantibus:
924 1674 1052 1706 Herod.
1077 1676 1102 1707 Ι.
1133 1675 1204 1717 140.
1229 1674 1357 1710 Catull.
1405 1675 1436 1708 5.
1461 1673 1502 1707 ἐν
1524 1665 1681 1720 τῆν(3ἰο)
1727 1696 1733 1711 e

362 1721 400 1751 R.
544 1721 595 1755 15.
621 1719 764 1752 ἐκείνου
797 1720 834 1750 R.
850 1743 859 1758 ,
890 1719 997 1763 idque
1022 1721 1112 1752 coni.
1138 1721 1173 1751 B.
1201 1719 1403 1759 Vulcanius,
1426 1719 1566 1760 ἐκείνης
1586 1720 1677 1763 vulg.

361 1765 471 1807 Intpr.
502 1773 651 1808 patrare
687 1763 728 1796 id
753 1764 946 1802 maluisse,
972 1776 1078 1810 quam
1102 1765 1219 1798 scelus
1242 1766 1470 1799 committere.
1616 1777 1667 1809 ¹9·

361 1810 517 1855 μητέρος
542 1808 621 1843 edd.
695 1820 748 1842 πο.
769 1808 942 1850 παθούσῃ
970 1811 1008 1842 Β.
1124 1810 1315 1854 ἰεσομένης
1338 1811 1374 1843 R.

275 1906 399 1946 utpote
432 1902 504 1934 illis
533 1901 746 1934 Graecanico
767 1901 836 1933 ritu
866 1901 1045 1942 crematis,
1078 1902 1288 1947 neutiquam
1318 1907 1412 1937 certe
1433 1903 1566 1938 similia
1594 1903 1680 1938 hacc

275 1949 345 1988 eis,
368 1958 459 1992 quae
482 1959 576 1979 nunc
595 1948 702 1986 fiunt,
730 1947 882 1979 fuerunt.

367 1992 420 2035 24.
469 1993 704 2038 Nequaquam
734 1993 854 2036 itaque
875 1991 930 2024 illi
953 1990 1020 2024 hoe
1043 1997 1146 2035 pacto
1170 1998 1372 2034 senserunt,
1407 2004 1524 2038 neque
1546 1994 1617 2035 ita,
1640 1999 1682 2028 ut

277 2039 338 2082 qui
362 2050 462 2071 nunc
484 2040 632 2077 vivunt,
655 2043 690 2070 et
715 2038 916 2080 sepulturae
943 2042 979 2069 et
1000 2036 1094 2069 thori
1119 2041 1194 2070 iura
1217 2049 1280 2082 pro
1306 2050 1368 2071 sua
1391 2039 1544 2073 libidine
1565 2041 1680 2073 viola-

276 2089 378 2123 runt,
404 2095 476 2116 non
504 2083 616 2116 solum
641 2094 719 2114 cum
743 2082 921 2115 sororibus
949 2086 984 2114 et
1014 2082 1181 2126 neptibus
1206 2094 1278 2116 rem
1302 2083 1511 2126 habentes„
1530 2084 1592 2118 sed
1614 2096 1680 2129 pa-

275 2133 345 2160 tres
371 2140 449 2161 cum
476 2128 634 2167 filiabus,
673 2133 708 2160 et
731 2127 826 2172 quod
852 2127 1008 2160 omnium
1032 2133 1085 2160 est
1121 2128 1446 2170 sceleratissimum,
1471 2141 1491 2163 o
1517 2131 1634 2174 leges,
1658 2141 1680 2163 o

275 2174 419 2206 natura!
456 2174 522 2205 filii
556 2185 634 2205 cum
662 2174 733 2205 suis
760 2173 942 2205 matribus.
1001 2172 1113 2205 Huius
1139 2175 1232 2205 enim
1261 2175 1385 2218 flagitii
1408 2186 1536 2209 novum
1559 2176 1604 2208 ab
1628 2175 1680 2208 eis

276 2221 476 2264 exemplum
503 2223 675 2251 statutum
700 2218 820 2258 fuisse,
846 2217 1132 2250 manifestissime
1156 2218 1240 2251 hinc
1262 2220 1370 2253 cuivis
1394 2221 1532 2266 liquere
1549 2225 1678 2265 potest.

276 2264 402 2296 Fertur
429 2275 580 2309 namque
604 2275 763 2307 magnam
797 2263 895 2296 illam
929 2262 1146 2295 Semiramim
1173 2262 1348 2307 Assyriam
1383 2276 1426 2299 eo
1449 2266 1677 2300 incontinen-

276 2309 348 2341 tiae
373 2311 533 2348 venisse,
568 2313 609 2341 ut
633 2320 710 2340 cum
744 2309 818 2341 filio
843 2319 905 2340 suo
931 2307 1045 2349 Ninya
1069 2309 1233 2352 congredi
1256 2311 1426 2351 voluerit,
1459 2317 1566 2357 atquc
1587 2311 1677 2344 adeo

279 2354 440 2387 iuvenem
469 2354 696 2396 sollicitasse3
731 2354 832 2386 illum
859 2363 941 2386 vero
967 2363 1142 2386 recusasse
1165 2355 1383 2401 molesteque
1417 2357 1562 2399 tulisse;
1597 2361 1678 2388 tan·—

279 2399 359 2432 dem
385 2411 469 2433 vero
495 2409 573 2432 cum
608 2405 754 2431 matrem
799 2398 961 2431 libidinis
1001 2398 1243 2442 impatientem
1274 2406 1527 2447 urgentemque
1553 2411 1679 2434 cerne-

279 2450 345 2484 ret,
373 2455 449 2477 eam
473 2444 701 2483 interfecisse,
728 2449 764 2476 et
799 2443 868 2476 hoc
888 2444 1007 2488 potius
1033 2455 1136 2489 quam
1160 2445 1310 2478 alterum
1335 2446 1426 2479 illud
1457 2447 1568 2480 scelus
1596 2456 1680 2490 per-

278 2495 420 2535 petrare
444 2491 620 2523 maluisse.
669 2489 777 2534 Atqui
801 2489 831 2521 si
852 2489 929 2532 lege
953 2487 1040 2521 haec
1068 2491 1236 2533 permissa
1259 2491 1420 2531 fuissent,
1443 2502 1679 2536 nequaquam,

279 2536 524 2576 utiarbitror,
560 2535 691 2577 Ninyas
716 2545 758 2566 eo
782 2533 1001 2567 crudelitatis
1025 2535 1189 2569 venisset.
1237 2535 1308 2569 Sed
1357 2535 1419 2570 uid
1442 2537 1570 2569 attinet
1590 2535 1680 2570 haec

279 2591 450 2625 perquam
473 2585 612 2614 vetusta
635 2578 929 2613 commemorare?
961 2579 1067 2612 Paulo
1099 2580 1193 2613 enim
1218 2586 1299 2625 post
1362 2580 1551 2615 acedonica
1586 2587 1678 2614 tem-

280 2637 368 2669 pora
400 2631 436 2659 et
459 2627 636 2659 Persarum
661 2625 878 2658 eversionem
926 2626 1027 2656 aiunt
1051 2623 1289 2667 Artaxerxem,
1312 2626 1413 2660 Darii
1436 2626 1568 2667 filium,
1603 2637 1681 2659 ma-

281 2677 372 2707 trem
405 2682 502 2706 suam
526 2669 774 2714 pamniam,
806 2681 886 2704 cum
909 2669 1036 2711 eidem,
1067 2680 1137 2715 quo
1164 2671 1378 2715 Semiramis,
1398 2671 1491 2710 malo
1514 2671 1677 2713 obnoxia,
