1794 3112
680 163 994 209 PRAEFATlo.
1520 164 1559 218 9

130 266 300 324 πατρὶς,
328 266 569 319 Μεμνόνιος
592 266 638 307 δὲ
665 264 824 320 πατὴρ,
850 267 976 319 τέχνη
1005 265 1051 306 δὲ
1077 266 1127 308 τοὶ
1160 266 1378 319 Ῥωμαίων
1405 263 1558 317 νόμιμα
1574 269 1604 301 D

126 333 202 375 καί
221 331 260 375 οἱ
277 334 359 374 τῶν
384 329 661 386 δικαστηρίων
684 330 854 383 ἀγῶνες.
881 329 1084 385 Μύριναν
1109 333 1156 373 δέ
1181 347 1289 386 φημι
1314 327 1361 372 οὗ
1383 329 1428 372 τὸ
1448 329 1561 387 Θρᾴ-

126 397 214 440 κιον
240 396 448 450 πόλισμα,
478 396 579 437 οὐδὲ
607 392 652 436 εἴ
672 411 736 444 τις
764 392 884 450 ἑτέρα
911 393 1016 436 κατὰ
1044 394 1119 449 τήν
1137 393 1344 451 Εὐρώπην
1372 393 1502 448 τυχὸν
1531 390 1561 450 ἢ

116 461 295 518 ”Λιβυήν
320 463 424 518 τῷδε
447 462 637 515 κέκληται
659 462 717 518 τῷ
739 457 915 512 ὄνόματι
926 493 938 512 ,
968 456 1075 500 ἆλλά
1097 458 1172 514 τὴν
1198 462 1242 501 έν
1264 463 1316 517 τῇ
1338 460 1462 518 Ἀσίᾳ
1482 458 1562 501 πά·-

97 531 198 575 5λαι
223 525 306 568 ὑπὸ
332 527 525 569 Αἰολέων
562 525 877 583 ἀπῳκισμένην,
917 523 1033 580 ἀμφὶ
1057 524 1133 574 τὰς
1159 525 1332 578 ἐκβολὰς
1360 528 1434 567 τοῦ
1462 529 1562 567 Πυ-

123 594 249 634 θικοῦ
270 593 470 644 ποταμοῦ,
501 587 543 639 ὃς
570 589 621 645 δὴ
645 589 751 646 ῥέων
772 591 817 632 ἐκ
838 592 1007 639 Λυδίας
1030 592 1104 644 τῆς
1124 588 1269 646 χώρας
1286 591 1328 639 ἐς
1345 589 1417 632 τὸν
1437 589 1563 644 ἔσχα-

123 656 192 700 τον
222 653 392 700 atil-aiva
426 658 504 698 τοῦ
534 654 688 697 κόλπου
715 658 792 697 τοῦ
826 652 1015 698 Ἐλαΐτου
1054 654 1264 708 ἐμβάλλει.
1293 657 1450 709 γένοιτο
1481 657 1641 708 μὲνΡ-6

123 717 201 765 οὖν
225 723 327 776 ἐμοί
342 738 388 777 γε
407 719 640 764 τελεώτατα
666 723 766 778 τῇδε
792 726 966 777 τροφεῖα
993 720 1050 770 ὥς
1071 717 1158 762 οἷόν
1188 737 1234 762 τε
1256 720 1459 772 ἀποτίσαι,
1487 721 1561 762 καί

122 785 285 831 ἅπαντα
310 786 364 830 τὰ
394 786 534 829 κλεινοὶ
570 786 644 829 καὶ
663 785 815 842 πάτρια
841 786 941 843 ἔργα
971 788 1015 836 ές
1041 785 1089 828 τὸ
1114 782 1283 842 ἀκριβὲς
1303 785 1561 839 ἀναγράψαι.

73 855 197 898 ιονῦν
220 854 266 895 δὲ
286 851 312 909 ἧ
333 854 413 907 μὲν
434 851 609 908 εὐμενὴς
635 852 709 894 καί
731 855 845 902 ἵλαος
868 852 942 894 καί
963 855 1036 907 τῆς
1061 853 1306 908 προθυμίας
1326 849 1435 907 ἡμᾶς
1457 847 1562 892 (ἶπο-

121 920 325 973 δεχέσθω.
353 917 450 970 ἐμοὶ
480 919 527 959 δὲ
555 918 627 960 έπί
661 916 713 960 τὰ
741 916 855 959 κοινὰ
888 917 962 959 καί
987 919 1164 972 μέγιστα
1192 918 1273 959 τῶν
1305 915 1560 970 πραγμάτων

119 985 243 1027 ι’τέον.
270 983 515 1038 Ποιήσομαι
545 985 591 1025 δὲ
612 982 687 1038 τήν
712 981 976 1039 ξυγγραφὴν,
1007 984 1088 1036 οὔχ
1115 977 1218 1039 ᾗπερ
1243 982 1315 1024 καί
1337 980 1494 1037 ἑτέροις
1513 985 1560 1024 ἐν

119 1049 175 1105 τῷ
196 1046 371 1105 παρόντι
392 1047 624 1103 πεποίηται.
653 1043 734 1103 ἤδη
754 1048 834 1103 γάρ
859 1064 937 1089 που
973 1047 1046 1089 καί
1065 1043 1182 1089 ἄλλοι
1213 1046 1266 1089 τοὶ
1289 1050 1364 1089 νῦν
1393 1048 1436 1096 ές
1463 1045 1596 1088 τόδεΒ

119 1114 246 1156 πόνου
282 1110 510 1170 ἆφίκοντο,
540 1113 740 1168 ἀληθείας
779 1114 878 1166 μὲν,
907 1112 966 1162 ὥς
997 1112 1048 1155 τὰ
1080 1112 1233 1165 πολλὰ,
1261 1109 1410 1168 ἥκιστα
1429 1114 1556 1165 μέλον

70 1179 261 1229 ιὸαὖτοῖς
283 1180 357 1220 καί
372 1180 451 1219 τοῦ
475 1177 527 1220 τοὶ
549 1181 795 1234 γεγενημένα
815 1177 873 1227 ὥς
890 1177 1035 1232 ἔχουσι
1054 1177 1183 1233 τύχης
1204 1179 1397 1228 διεξιέναι
1410 1211 1422 1230 ,
1444 1174 1556 1219 οὕτω

114 1244 167 1286 δὲ
193 1245 410 1300 διαφανῶς
434 1244 668 1285 κολακεύειν
687 1242 865 1292 πολλοὺς
889 1245 971 1285 τῶν
994 1245 1184 1285 δυνατῶν
1209 1244 1280 1285 καί
1308 1241 1557 1284 ὑποθωπεύ-

116 1311 179 1351 ειν
200 1306 388 1362 ἑλόμενοι
402 1342 414 1361 ,
443 1307 500 1357 ὥς
523 1307 657 1351 εἴποτε
680 1304 765 1365 ἄρα
787 1308 860 1350 καί
879 1306 1019 1364 ἀληθῆ
1045 1307 1245 1365 φήσαιεν,
1274 1304 1558 1350 ἀπιστεῖσθαι.

116 1368 253 1415 καίτοι
286 1372 473 1431 ἐγκωμίῳ
510 1371 622 1431 μόνῳ
659 1373 877 1430 προσήκειν
913 1374 951 1416 οἷ
997 1376 1136 1415 ταῦτα
1179 1375 1313 1415 δεινοί
1340 1388 1471 1429 φασι,
1500 1372 1554 1414 τὰ

116 1436 322 1494 προσόντα
360 1437 517 1496 ὁτῳοῦν
539 1438 679 1493 ἀγαθὰ
703 1438 807 1481 κατὰ
832 1437 879 1481 τὸ
900 1442 1059 1492 μᾶλλον
1091 1438 1293 1495 ἐξαίρειν·
1321 1438 1482 1494 ἱστορία
1508 1440 1555 1480 δὲ

63 1505 300 1550 αοέπαινεῐν
324 1506 402 1556 μὲν
429 1506 502 1546 καί
523 1502 597 1559 ἥδε
619 1504 716 1554 τούς
743 1501 792 1546 εὖ
817 1522 858 1546 τι
883 1505 1115 1561 δράσαντας
1139 1505 1188 1545 οὐ
1223 1504 1400 1557 πάμπαν
1430 1504 1587 1545 ‹hal-c

112 1585 226 1613 νεται
242 1603 255 1622 ,
283 1565 333 1610 οὗ
353 1567 435 1624 μὴν
455 1569 576 1612 τοῦτό
604 1586 650 1624 γε
671 1569 823 1612 σκοπὸν
847 1568 963 1623 οἶμαι
985 1569 1056 1611 καί
1076 1570 1291 1625 γνώρισμα
1315 1568 1427 1622 ἔχειν
1450 1571 1546 1611 ἐθέ-

111 1638 200 1676 λει·
227 1633 319 1679 ἄλλ’
335 1633 379 1675 εἴ
406 1650 488 1676 που
520 1635 546 1689 ἦ
575 1637 657 1676 τῶν
690 1637 879 1690 πράξεων
908 1632 1141 1690 ἆπεργασία
1172 1634 1343 1676 ἔπαινον
1376 1630 1547 1689 ἢψόγον

110 1698 268 1756 ἐπάγοι,
297 1698 346 1741 οὗ
365 1698 591 1753 βιάζεσθαι
613 1699 745 1755 αὐτὴν
770 1702 907 1754 θέμις,
937 1698 1035 1743 οὐδὲ
1052 1699 1383 1754 μεταποικίλλειν
1405 1698 1455 1741 τὰ
1479 1715 1548 1753 γε-

207 1790 236 1812 ι.
261 1775 303 1813 δὲ
326 1782 408 1822 post
430 1780 552 1824 Μεμν.
578 1777 704 1815 addidi
732 1790 775 1811 cx
800 1780 837 1811 R.
905 1792 936 1813 2.
967 1778 1175 1824 Μύρῥιναν
1199 1777 1351 1823 (ubique
1375 1790 1454 1811 cum
1479 1777 1543 1823 ῤῥ)

202 1825 263 1865 R.,
290 1822 443 1870 Μύρινα
469 1825 561 1870 vulg.
638 1826 690 1860 15.
713 1825 827 1868 τύχης
855 1827 1074 1870 expungitur
1101 1838 1121 1858 a
1146 1837 1235 1858 corr.
1260 1826 1298 1856 R.
1370 1827 1426 1860 23.
1453 1825 1543 1858 ἐπα-

200 1881 268 1917 γοι
289 1871 349 1912 R„
373 1869 507 1916 ἐπάγει
529 1871 622 1917 vulg.
716 1869 833 1914 αὕτὴν
854 1872 917 1914 N„
942 1871 1033 1919 αὐτῇ
1058 1872 1172 1917 vulg.‚
1196 1869 1310 1913 αὐτῆς
1333 1872 1370 1904 Β.

109 1950 140 1984 si
184 1961 254 1996 qua
287 1950 359 1984 alia
396 1961 460 1994 per
492 1950 669 1995 Europam
701 1955 764 1984 aut
794 1950 950 1984 Africam
984 1949 1054 1983 hoc
1087 1950 1234 1984 nomine
1268 1953 1440 1989 vocatum
1477 1948 1541 1982 sed

82 2009 86 2012 ’
109 2007 203 2042 quae
225 2001 280 2030 est
304 1997 343 2029 in
366 1996 471 2038 Asia,
492 2003 656 2031 veterum
680 1996 912 2030 Aeolensium
936 1998 1099 2037 colonia,
1123 1997 1167 2029 ad
1193 1996 1283 2029 ostia
1309 1994 1448 2038 Pythici
1471 1995 1540 2030 flu-

107 2042 216 2076 minis
240 2043 328 2085 sita3
353 2043 417 2089 qui
442 2043 588 2088 quidem
605 2044 733 2078 fluvius
755 2055 799 2077 ex
815 2044 927 2087 Lydia
951 2044 1096 2088 regione
1117 2044 1250 2083 fluens,
1278 2042 1316 2074 in
1342 2048 1539 2075 extremum
1580 2046 1584 2050 ”

106 2088 271 2123 Elaitidis
289 2089 387 2122 sinus
403 2089 543 2123 alveum
563 2091 689 2127 fertur.
737 2090 792 2123 Sit
809 2091 933 2136 itaque
952 2090 1054 2130 mihi,
1078 2089 1286 2133 plenissima
1301 2087 1398 2128 huic,
1419 2087 1539 2134 quoad

107 2135 186 2168 eius
209 2135 287 2169 fieri
309 2140 441 2180 potest,
468 2136 720 2170 nutricationis
746 2138 904 2181 praemia
924 2137 1138 2180 persolvere,
1166 2137 1356 2179 omniaque
1381 2135 1535 2170 illustria

107 2185 147 2214 et
166 2182 282 2226 patria
313 2182 408 2215 facta
431 2188 592 2217 accurate
615 2183 861 2225 conscribere3
894 2195 990 2215 nunc
1014 2194 1098 2216 vero
1122 2182 1211 2215 haec
1235 2182 1391 2225 benigne
1417 2187 1454 2214 et
1475 2180 1531 2212 fa-

106 2233 232 2261 venter
259 2239 476 2274 propensum
499 2230 659 2263 animum
688 2229 918 2274 studiumque
942 2241 1060 2262 meum
1084 2230 1246 2271 accipiat.
1293 2227 1387 2262 Mihi
1412 2231 1533 2260 autem

104 2273 330 2318 publicarum
345 2275 650 2322 maximarumque
671 2287 789 2309 rerum
811 2276 957 2319 scriptio
976 2281 1030 2309 est
1047 2274 1293 2320 aggredienda.
1340 2275 1530 2306 Instituam

104 2329 190 2353 vero
212 2320 420 2362 historiam,
454 2333 528 2355 non
562 2328 603 2355 ut
625 2323 669 2355 ab
709 2323 789 2355 aliis
813 2321 922 2357 hodie
949 2323 1151 2362 factm-atur,
1177 2321 1276 2367 (sunt
1299 2321 1396 2353 enim
1420 2320 1529 2354 etiam

105 2366 172 2398 alii
192 2365 260 2399 hac
282 2370 494 2412 tempestate
519 2369 583 2414 qui
606 2369 646 2401 in
672 2369 798 2402 eadem
826 2380 932 2402 arena
955 2368 1169 2413 versantur‚)
1194 2379 1279 2407 non,
1304 2368 1463 2412 inquam,
1488 2372 1529 2400 ut

105 2412 156 2453 ii,
183 2412 313 2458 quibus
337 2415 486 2446 minima
510 2419 564 2448 est
585 2416 744 2448 veritatis
771 2426 875 2456 cura,
899 2421 1011 2460 utque
1037 2426 1091 2448 res
1116 2420 1229 2459 gestas
1252 2415 1302 2448 ita
1322 2419 1363 2446 ut
1385 2412 1527 2445 accide-

105 2463 191 2492 runt
216 2465 511 2495 commemorent:
539 2461 628 2494 adeo
652 2473 735 2495 vero
761 2467 882 2505 aperte
908 2461 1090 2506 plerisque
1101 2461 1308 2505 proceribus
1334 2458 1526 2495 adulantur

105 2508 144 2538 et
165 2505 311 2549 palpum
335 2505 554 2548 obtrudunt,
581 2512 643 2548 ut,
671 2509 700 2540 si
729 2507 872 2553 quando
899 2509 1004 2540 etiam
1027 2518 1110 2540 vera
1134 2507 1272 2547 dicant,
1296 2505 1383 2538 fides
1404 2511 1524 2537 tamen

106 2551 158 2583 eis
181 2551 382 2595 abrogetur.
429 2551 539 2598 Atqui
562 2554 673 2598 periti
695 2553 823 2587 harum
846 2565 963 2587 rerum
984 2560 1145 2587 auctores
1170 2555 1238 2586 soli
1264 2553 1426 2585 encomio
1453 2551 1528 2586 sive

102 2596 304 2630 laudationi
327 2598 515 2632 convenire
539 2601 663 2640 aiunt,
685 2599 794 2641 bona,
818 2600 950 2646 quibus
976 2601 1128 2646 quisquc
1146 2598 1328 2644 praeditus
1348 2602 1420 2636 est,
1448 2607 1530 2634 ver—

103 2643 162 2676 bis
197 2654 406 2688 exaggerare
441 2649 549 2690 atque
589 2647 772 2680 extollere.
829 2647 1025 2680 Historiam
1056 2657 1164 2685 vero,
1199 2644 1342 2678 tametsi
1374 2653 1419 2675 ne
1451 2642 1530 2686 ipsa

104 2689 252 2734 quidem
288 2701 308 2722 a
340 2688 550 2724 laudatione
577 2702 718 2732 eorum,
754 2693 817 2737 qui
842 2693 1015 2737 praeclari
1039 2691 1176 2736 aliquid
1203 2695 1403 2736 gesserunt,
1426 2700 1529 2732 pror-

105 2738 164 2773 s'us
194 2735 380 2778 amnon-et,
423 2736 520 2780 huus
551 2742 672 2776 tamen
706 2750 852 2787 scopum
889 2743 1209 2788 argumentumque
1241 2736 1311 2775 sibi
1333 2735 1531 2782 praefixum
