1794 3112
173 279 665 341 ΑΓΛΘῙΟΥ
745 231 1577 336 EXOAAZTIKOY

619 375 1022 420 ιΣΤοΡΙΩΝ
1071 375 1121 416 Γ.
1582 393 1584 397 f

171 477 744 539 AGATHIAE
837 474 1569 538 SCHOLASTICI

162 599 163 602 η
512 574 908 616 HlsTORlARUM
951 575 1119 615 LmER
1147 574 1225 614 111.
1375 638 1381 643 .
1616 592 1621 596 -

695 749 1040 784 ARGUMENTUM.

236 835 419 882 agathiae
450 835 626 883 querelae
661 836 777 869 otium
824 848 848 870 a
881 837 988 871 rebus
1008 835 1226 882 forensibus
1262 833 1511 869 desiderantis
1533 833 1596 880 (ι).

141 882 396 928 Nachoragan
427 883 623 917 Persarum
652 881 729 915 dux
761 891 920 918 creatur.
975 884 1140 917 Martini
1172 890 1208 915 et
1242 881 1385 916 Rustici
1409 882 1449 914 in
1477 881 1601 914 Guba-

141 940 239 970 zem,
266 929 447 963 Lazarum
475 940 618 974 regem,
646 927 770 962 odium
789 929 852 975 (2).
899 927 1056 963 Insidiis
1080 928 1230 963 structis
1265 940 1344 962 cum
1380 940 1422 962 eo
1459 939 1598 962 conve-

141 975 254 1010 niunt
270 975 332 1022 (3).
386 975 551 1009 Gubazes
575 975 620 1008 ab
657 976 825 1017 Ioanne,
861 976 1008 1009 Rustici
1021 976 1175 1022 fratre,
1200 973 1468 1021 occiditur-(4).
1526 975 1599 1007 La-

139 1033 267 1056 zorum
291 1021 517 1065 indignatio.
565 1021 723 1055 Romani
750 1022 934 1067 Onoguris
959 1022 1184 1056 obsidionem
1209 1029 1349 1068 parant
1362 1021 1425 1067 (5).
1461 1021 1596 1055 Persae

127 1067 290 1115 jb‘rtiter
313 1069 490 1102 resistunt
511 1066 574 1114 (6).
626 1068 762 1114 Turpis
794 1069 1042 1103 Romanorum
1062 1068 1163 1114 fuga
1187 1067 1248 1113 (7).
1304 1068 1486 1101 Lazorum
1518 1075 1603 1112 post

140 1113 287 1148 caedem
307 1116 406 1160 regis
420 1113 642 1149 deliberatio
666 1113 728 1161 (8).
778 1116 909 1149 Oratio
931 1115 1076 1154 Aeetis,
1105 1124 1146 1149 ut
1173 1113 1226 1148 ad
1246 1115 1377 1149 Persas
1402 1113 1599 1161 deficiant,

138 1158 331 1195 suadentis
349 1161 409 1206 (9,
432 1160 497 1207 ιο).
556 1161 696 1195 Contra
726 1161 927 1195 Phartazes
963 1160 1017 1194 ad
1045 1159 1155 1207 fidem
1179 1161 1351 1195 Romanis
1375 1158 1601 1195 servandam

138 1205 398 1254 hortatur-(11,
417 1218 472 1247 12,
493 1207 559 1254 13).
606 1208 841 1242 lastinianus
861 1208 1106 1242 Athanasium
1131 1206 1183 1241 ad
1206 1219 1354 1242 causam
1378 1218 1602 1252 cognoscen-

140 1251 226 1288 dam
257 1253 300 1288 in
333 1254 516 1288 Lazarum
551 1261 690 1288 terram
723 1255 847 1288 mittit.
902 1255 1071 1289 Rusticus
1107 1263 1142 1289 et
1177 1254 1340 1288 Ioannes
1374 1255 1415 1287 in
1441 1253 1602 1287 vincula

141 1299 400 1335 coniiciuntur
414 1299 500 1347 (14).
558 1301 734 1342 Tzathes,
767 1301 928 1335 Gubazis
946 1301 1103 1348 frater,
1143 1302 1326 1335 Lazorum
1359 1311 1512 1345 regnum
1538 1311 1602 1333 ac-

140 1346 243 1392 cipit.
290 1345 502 1390 ·Soterichus
526 1345 578 1381 ad
598 1346 697 1381 dona
729 1348 835 1392 regia
860 1345 1118 1382 dastrihuenda
1146 1349 1188 1381 in
1213 1349 1337 1382 Asiam
1360 1347 1490 1382 missus
1508 1346 1600 1392 (15),

141 1404 168 1426 a
214 1393 442 1428 Misimianis
475 1405 664 1439 oppressus
697 1405 776 1428 cum
819 1394 950 1427 liberis
984 1396 1061 1428 suis
1105 1394 1337 1439 interficitur
1359 1392 1463 1440 (16).
1521 1395 1600 1436 Quo

135 1438 243 1486 facto
271 1439 483 1474 Misimiani
507 1438 561 1474 ad
580 1440 709 1475 Persas
735 1439 952 1475 desciscunt.
1001 1441 1284 1474 Dilimnitarum
1310 1452 1441 1473 manus
1463 1452 1487 1473 a
1520 1440 1602 1473 Na-

141 1485 353 1530 choragane
381 1484 563 1520 adversus
594 1487 749 1520 Hunnos
784 1486 934 1520 Sabiros
965 1489 1075 1521 missa
1107 1486 1206 1532 (17),
1256 1488 1302 1521 ab
1339 1485 1396 1519 his
1420 1495 1602 1521 nocturno

139 1532 288 1578 proelio
320 1533 425 1566 victa
460 1531 710 1567 conciduntur
735 1532 823 1579 (18).
877 1533 1149 1579 Nachoragan,
1178 1534 1285 1578 pacis
1322 1531 1603 1567 conditionibus

139 1577 284 1623 frustra
320 1578 476 1618 oblatis,
508 1578 561 1612 ad
589 1578 782 1613 Phasidem
818 1579 942 1614 urbem
968 1579 1254 1626 expugnandam
1277 1591 1314 1613 se
1343 1580 1488 1626 confert
1514 1579 1601 1625 (19).

142 1625 302 1659 Romani
323 1636 369 1658 ex
391 1625 488 1658 Neso
513 1624 567 1659 ad
588 1638 668 1659 eam
696 1625 1009 1660 communiendam
1036 1636 1071 1661 et
1094 1625 1366 1673 defendendam
1399 1634 1604 1660 accurrunt

142 1670 235 1718 (20).
279 1671 517 1705 munimenta
542 1673 704 1706 navalia
730 1674 976 1707 instruuntur.
1026 1674 1122 1708 Pars
1154 1674 1400 1707 Romanorum
1411 1697 1423 1713 ,
1458 1673 1602 1718 proelio

142 1725 274 1752 temere
307 1718 518 1757 commisso,
550 1730 662 1764 aegre
701 1718 743 1752 in
777 1718 948 1764 oppidum
989 1731 1026 1754 se
1061 1719 1247 1765 recipiunt
1268 1719 1352 1764 (22).
1411 1721 1604 1754 Martinus

138 1763 232 1810 ficto
258 1765 391 1798 nuntio
415 1765 573 1798 militum
597 1765 740 1800 animos
765 1765 962 1812 confirmat
974 1766 1059 1811 (23).
1109 1767 1218 1800 Parte
1241 1768 1430 1812 copiarum
1451 1765 1503 1799 ad
1518 1778 1603 1811 spe-

141 1809 340 1845 culandum
375 1811 533 1850 emissa,
565 1811 819 1855 Nachoragan
850 1814 1049 1847 exercitum
1086 1812 1266 1848 adversus
1291 1812 1461 1858 oppidum
1485 1810 1599 1846 ducit.

139 1857 319 1897 Iustinus,
349 1857 464 1891 Deum
496 1857 538 1890 in
563 1859 773 1906 propinquo
795 1860 928 1905 templo
957 1859 1208 1900 adoraturus,
1233 1858 1320 1894 inde
1359 1858 1601 1906 progreditur

140 1902 231 1950 (24).
275 1904 477 1939 Revertens
500 1903 633 1939 Persas
651 1903 824 1951 oppidum
839 1918 978 1941 summa
1000 1907 1044 1941 vi
1062 1914 1316 1953 oppugnantes
1331 1919 1355 1940 a
1379 1915 1484 1951 tergo
1504 1904 1600 1939 ado-

139 1951 242 1985 ritm-
267 1949 355 1996 (25).
403 1950 564 1985 Primum
594 1951 785 1986 sinistrum
816 1963 934 1988 cornu
959 1965 1085 1989 eorum
1114 1956 1155 1988 in
1168 1953 1306 1999 fugam
1330 1955 1495 1988 vertitur
1513 1951 1599 1998 (26).
1642 1976 1646 1981 ·

137 1997 232 2032 uox
273 1997 467 2038 universi,
507 1997 667 2032 turbatis
701 1997 919 2040 ordinibus,
963 2000 1109 2045 ingenti
1151 1998 1257 2035 clade
1287 1999 1480 2045 sugantur
1512 1999 1598 2044 (27).

139 2043 257 2079 Multi
286 2043 482 2079 Persarum
509 2044 639 2085 lixae,
663 2046 731 2092 qui
753 2046 795 2079 in
819 2058 949 2081 manus
983 2047 1229 2082 Romanorum
1265 2045 1501 2086 inciderunt,
1527 2046 1599 2079 mi-

139 2100 221 2126 sere
249 2098 416 2135 pereunt.
471 2090 727 2136 Nachoragan
770 2103 849 2126 cum
882 2092 1046 2139 pedestri
1091 2094 1256 2130 exercitu
1292 2093 1524 2130 hibernatum
1559 2094 1602 2128 in

146 2135 305 2172 Iber-iam
326 2136 578 2186 proficiscitur
595 2137 686 2185 (28).

250 2328 304 2370 α’.
421 2327 448 2370 ὰ
477 2330 556 2380 μὲν
587 2324 662 2371 οὖν
691 2329 806 2386 παρὰ
836 2331 1030 2387 Πέρσαις
1056 2330 1240 2386 νόμιμα,
1278 2330 1350 2372 καί
1377 2328 1644 2386 ἧ“ποικι’ληΑ.
1667 2337 1704 2371 C.
1728 2338 1794 2382 554

142 2397 218 2452 τῆς
251 2396 374 2450 σφῶν
393 2399 600 2448 πολιτείας
627 2399 834 2456 μεταβολὴ
861 2402 955 2455 καί,
981 2399 1115 2445 ὁπόσα
1139 2405 1294 2460 χρῆναι
1317 2399 1463 2460 ᾠήθην
1495 2399 1592 2479 negt*
1606 2384 1740 2468 11517228

142 2460 438 2517 Χοσρόουκαί
461 2466 534 2507 τοῦ
560 2467 651 2508 κατ’
677 2461 807 2519 αὐτὸν
833 2468 976 2521 γένους
1001 2469 1224 2524 εἰρῆσθαι,
1266 2469 1400 2511 ταῦτα
1432 2465 1483 2520 δὴ
1519 2482 1593 2509 ουν
1603 2477 1644 2511 V.
1663 2478 1706 2513 52

184 2669 193 2676 ,
238 2635 268 2659 1.
318 2580 548 2662 Persarum
567 2628 743 2669 instituta,
771 2630 940 2676 variaque
953 2631 1111 2676 ipsorum
1131 2631 1353 2676 reipublicae
1380 2631 1594 2670 immutatio,

147 2674 442 2724 etguaecunque
465 2672 510 2707 de
527 2673 685 2709 Chosroe
708 2676 859 2723 eiusque
883 2690 1012 2723 genere
1035 2679 1126 2712 mihi
1156 2679 1310 2711 dicenda
1328 2679 1403 2712 visa
1425 2681 1522 2722 sunt,
1549 2688 1591 2710 ca

144 2727 311 2753 universa
332 2726 370 2754 et
390 2719 542 2766 quidem
567 2721 730 2766 longiore
762 2725 923 2759 oratione
950 2737 1027 2759 sum
1058 2730 1265 2772 persecutus
1280 2751 1289 2767 ‚
1323 2731 1360 2759 ct
1384 2724 1430 2761 ad
1447 2735 1596 2770 praece-
