1832 3152
301 159 406 196 200
862 153 1135 198 AGATHIAE

104 268 142 301 Α,
171 268 207 300 c.
229 268 292 301 555
306 270 386 295 νων
412 250 570 308 τραχύν
597 267 687 293 τινα
711 244 933 306 καὶἶῖγριον
953 248 1057 305 ἦχον
1075 253 1201 308 ἀφίει.
1230 252 1375 294 αύτίκα
1398 253 1444 293 δὲ
1459 250 1556 300 τοὺς
1577 246 1705 307 ὕπερ-

167 315 372 359 Ῑ·Ῑ·29θεν
405 315 584 363 ἑστῶτας
610 315 929 367 ἀποσεισάμενος
960 318 1180 368 κατέβαλε,
1235 315 1307 357 καὶ
1341 314 1579 370 ἐμπατήσας
1621 316 1706 357 διέ-

297 386 477 437 φθειρεν.
502 378 643 420 ἔπειτα
667 381 713 420 δὲ
743 378 814 419 καί
834 375 994 420 ἅπαντα
1018 377 1088 420 τὸν
1110 379 1320 434 Περσικὸν
1343 377 1483 432 ὅμιλον
1504 378 1704 431 ἄνεσόβει,

291 443 386 492 τούς
414 459 458 484 τε
503 445 650 491 ἵππους
689 441 966 495 α’ναχαιτίζων
1003 439 1063 491 οἷς
1105 439 1157 484 ἂν
1194 444 1455 495 ἐμπελάσειε,
1499 441 1572 484 καί
1619 448 1704 490 τοῖς

257 506 438 552 Βόὃοῦσι
467 505 513 548 τὸ
536 507 744 559 ἐπιψαῦον
777 504 1091 559 διατεμνόμενος
1112 504 1183 548 καὶ
1205 505 1515 562 ἅναχαράσσων.
1558 505 1629 547 καί
1649 502 1730 560 ἧνὸ

297 569 460 612 ἅπαντα
495 567 736 625 ὀλοφυρμοῦ
761 569 944 611 ἀνάπλεα
973 569 1046 611 καί
1064 568 1269 624 θορύβων.
1297 569 1336 611 οἱ
1365 572 1442 622 μὲν
1470 569 1548 626 γὰρ
1587 571 1704 611 ἵπποι

295 635 347 689 τῇ
371 634 618 688 χαλεπότητι
642 636 716 675 τοῦ
737 635 885 688 θηρίου
904 635 1165 688 ἐπτοημένοι,
1195 629 1242 673 ού
1265 634 1376 685 μάλα
1399 641 1486 682 τοῖς
1509 634 1706 690 ῥυτῆρσιν

297 699 530 751 ἐπειθοντο,
565 696 668 739 ἀλλὰ
696 697 769 746 τὰς
795 697 1071 752 ἐμπροσθίους
1103 699 1415 752 μετεωρίζοντες
1435 697 1585 751 ὁπλὰς,
1621 700 1706 748 ἐξε-

296 762 434 804 κύλιον
455 762 554 810 τούς
577 764 792 816 ἐλατῆρας,
814 759 930 811 οὕτω
955 777 997 803 τε
1016 757 1170 802 ἄτακτα
1194 759 1261 802 διὰ
1282 763 1355 802 τοῦ
1384 761 1568 815 πλήθους
1590 761 1706 816 ἐξήλ-

293 831 419 878 λοντο,
446 827 739 874 πνευστιῶντες
762 823 879 878 θαμὰ
906 825 978 867 καί
1001 822 1342 880 φριμασσόμενοι.
1371 827 1451 866 τῶν
1474 827 1520 867 δὲ
1545 825 1757 880 ἅνδρῶνιο

293 891 337 938 ἐς
370 888 543 938 ἑαυτούς
576 886 900 945 ἀναχωρούντων
910 923 922 942 ,
968 888 1158 931 ἁπάντων
1179 905 1223 930 τε
1255 890 1474 932 ὠθούντων
1508 885 1708 944 ἀλλήλους

297 953 369 995 καί
397 955 839 1009 παραγκωνιζομένων,
879 953 951 995 καὶ
980 951 1152 995 ἑκάστου
1192 955 1440 1009 προτερῆσαι
1470 952 1542 995 τὸν
1581 955 1708 1004 πέλας

298 1020 573 1072 ἐπειγομένου,
604 1023 784 1060 πλεῖστοι
806 1015 894 1060 ὅσοι
918 1020 1136 1060 ἐκτείνοντο
1156 1017 1235 1059 ὑπὸ
1258 1019 1388 1073 σφῶν,
1410 1023 1495 1067 τοῖς
1512 1021 1593 1060 τῶν
1611 1022 1708 1073 φιλ-

295 1084 432 1124 τάτων
450 1099 494 1124 τε
522 1081 594 1123 καὶ
616 1081 836 1137 ὁμοφύλων
859 1081 994 1137 ’ξίφεσι
1017 1081 1332 1137 περιπταίοντες.
1349 1079 1456 1122 οὕτω
1477 1083 1523 1124 δὲ
1543 1083 1615 1138 τῆς
1632 1099 1708 1124 τα-

258 1149 422 1203 εραχῆς
443 1147 617 1200 ἐπιμέγα
648 1146 809 1200 ἰούσης,
845 1145 882 1187 οἱ
902 1146 1120 1198 ζΡωμαῖοι,
1148 1145 1288 1188 ὁπόσοι
1309 1161 1353 1187 τε
1378 1141 1458 1200 ἤδη
1483 1146 1756 1199 ἐτύγχανονι5

291 1211 542 1263 ὑπεκβάντες
567 1211 639 1252 τοῦ
671 1208 888 1264 περιβόλου
917 1209 988 1252 καί
1019 1208 1061 1251 εἴ
1086 1225 1165 1251 που
1193 1225 1236 1250 τι
1264 1207 1398 1251 αὐτῶν
1421 1208 1534 1250 ἔνδον
1558 1211 1706 1255 ἐλέλει-Ἰ

292 1292 390 1327 πτο,
434 1273 526 1316 τότε
548 1273 598 1329 δὴ
625 1271 803 1323 ἅπαντες
830 1276 873 1322 ἐς
895 1274 996 1326 μίαν
1021 1273 1112 1315 τινὰ
1138 1273 1329 1329 φάλαγγα
1351 1274 1707 1327 συσπειραθέντες,

293 1339 365 1381 καὶ
388 1337 435 1380 τὸ
457 1340 643 1390 μέτωπον
665 1338 722 1386 αἷς
747 1337 1036 1392 καρτερώτατα
1055 1343 1146 1385 ταῖς
1167 1337 1314 1378 οἶσπίσι
1339 1337 1606 1392 φραξάμενοι,
1633 1336 1707 1389 ἒμ-

293 1404 489 1443 πίπτουσι
518 1401 830 1454 ξυγκεχυμένοις
855 1400 918 1442 ἔτι
939 1406 1022 1449 τοῖς
1044 1403 1261 1452 πολεμίοις.
1292 1399 1330 1442 οἱ
1358 1402 1403 1442 δὲ
1427 1401 1485 1455 τῷ
1503 1394 1582 1454 ἤδη
1606 1415 1706 1455 προ-

293 1467 559 1520 πεπονηκέναι
589 1463 662 1519 τὴν
687 1463 918 1520 προσβολὴν
940 1461 1013 1505 οὖκ
1045 1462 1290 1518 ἐνεγκόντες,
1331 1461 1518 1505 ὠκύτατα
1542 1462 1759 1517 ἔφυγονηο

294 1527 390 1573 οὐδὲ
418 1533 536 1571 τοῦτο
560 1530 731 1583 δρῶντες
753 1530 797 1570 ἐν
826 1527 956 1581 τάξει,
997 1529 1094 1569 οὐδὲ
1124 1524 1225 1570 ὥστε
1258 1527 1330 1570 καί
1350 1525 1584 1580 οἶμύνεσθαι
1610 1526 1706 1577 τούς

385 1606 655 1652 spezano-dost&
681 1605 835 1652 (punctis
861 1605 927 1638 sub
952 1616 1006 1650 αμ
1039 1606 1210 1654 subditis)
1233 1607 1269 1641 R.
1409 1605 1442 1637 6.
1466 1604 1640 1650 θορύβων
1665 1605 1704 1638 R.

381 1652 547 1698 θορύβου
571 1653 661 1697 vulg.
777 1653 807 1686 8.
833 1651 914 1685 ὁπλ.
937 1661 1014 1697 μετ.
1042 1653 1078 1684 R.
1198 1664 1247 1686 11.
1268 1649 1445 1685 ἁπάντων
1467 1651 1540 1685 τῶν
1564 1652 1616 1691 R„
1639 1648 1705 1682 scd

385 1710 474 1735 corr.
493 1707 540 1732 τε.
635 1710 687 1743 7¹·
707 1697 744 1736 ἐς
763 1709 829 1732 om.
857 1699 893 1731 R.

238 1795 241 1798 ,
294 1767 438 1812 quidem
465 1767 576 1799 instar
613 1765 743 1810 flagelli
773 1764 843 1797 huc
867 1765 954 1798 illuc
980 1770 1170 1810 torquens,
1194 1765 1324 1797 multos
1349 1765 1527 1797 Persarum
1558 1774 1703 1808 percus-

294 1815 342 1847 sit
367 1819 403 1845 et
426 1813 464 1844 in
488 1812 596 1843 altum
620 1812 726 1850 iecit;
753 1821 847 1842 nunc
872 1822 954 1843 vero
981 1812 1126 1843 eandem
1151 1812 1189 1842 in
1220 1811 1362 1854 longum
1401 1809 1598 1843 extendens.
1619 1809 1703 1841 hor-

294 1858 443 1891 rendum
482 1856 658 1901 quendam
699 1861 805 1899 atquc
839 1857 1026 1888 immanem
1076 1856 1247 1887 barritum
1289 1855 1453 1897 edebat3
1490 1865 1571 1887 mox
1618 1864 1701 1886 vcro

295 1904 402 1936 etiam
432 1913 536 1946 super
560 1912 596 1934 se
620 1907 751 1934 stantes
781 1911 942 1933 excussos
972 1902 1161 1945 prostravit
1199 1905 1234 1932 et
1264 1902 1490 1944 proculcatos
1523 1900 1700 1940 extinxit3

294 1955 406 1982 totum
433 1947 563 1980 deinde
589 1948 780 1979 exercitum
806 1947 979 1978 Persicum
1003 1945 1236 1984 conturbavit,
1263 1956 1370 1990 equos
1398 1946 1514 1986 etiam,
1545 1944 1591 1979 ad
1613 1954 1703 1990 quos

294 1994 440 2039 propius
464 1993 664 2032 accedebat,
689 1994 835 2024 effrenes
863 1991 1059 2036 erectisque
1085 1991 1179 2023 iubis
1204 1993 1405 2024 restitantes
1435 1990 1635 2030 reddebat3
1665 1993 1702 2022 et

296 2051 384 2084 quos
407 2043 605 2083 prensasset
627 2037 794 2070 dentibus
816 2036 1066 2081 proscindebat
1098 2047 1138 2069 ac
1161 2035 1392 2079 discerpebat,
1438 2037 1548 2068 Erant
1579 2036 1703 2078 itaque

297 2085 414 2117 omnia
440 2085 572 2116 eiulatu
597 2089 633 2116 et
654 2083 808 2115 tumultu
834 2082 949 2126 plena.
997 2083 1088 2126 Equi
1112 2081 1206 2114 enim
1230 2082 1361 2114 ferocia
1384 2081 1525 2113 belluae
1552 2090 1703 2124 expave-

296 2131 403 2170 facti,
427 2129 578 2162 habenis
600 2140 673 2161 non
697 2127 885 2160 admodum
913 2126 1095 2160 audientes
1119 2131 1237 2166 erant,
1268 2126 1330 2158 sed
1363 2124 1600 2158 anterior-ibus
1632 2136 1702 2157 un-

300 2175 390 2219 gulis
415 2176 453 2207 in
479 2175 587 2207 altum
612 2174 713 2206 elatis
743 2183 892 2206 sessores
919 2173 1149 2214 evolvebant3
1190 2177 1297 2217 atque
1323 2172 1373 2204 ita
1399 2172 1605 2204 turbulente
1638 2180 1703 2214 per

297 2219 453 2252 medium
482 2230 603 2263 agmen
632 2218 833 2251 saltabundi
859 2218 1081 2258 ferebantur,
1105 2217 1313 2250 anhelantes
1337 2216 1567 2262 crebrumque
1596 2215 1704 2260 spiri-

297 2272 374 2298 tum
399 2264 542 2297 naribus
567 2263 733 2297 efflantes.
782 2264 876 2298 Viris
903 2269 1019 2296 autem
1040 2264 1078 2295 in
1101 2273 1137 2295 se
1154 2265 1248 2306 ipsos
1268 2262 1406 2295 reflexis
1425 2286 1434 2301 ‚
1465 2261 1702 2305 omnibusque

299 2321 374 2344 sese
398 2316 522 2343 mutuo
552 2308 819 2353 impellentibus
847 2308 967 2341 cubito
995 2319 1038 2341 ue
1061 2307 1354 2352 protrudentibus
1374 2333 1382 2347 ‚
1417 2313 1453 2340 et
1482 2317 1700 2351 unoquoque

297 2357 453 2389 vicinum
477 2360 576 2388 suum
602 2359 821 2387 antevertere
844 2359 972 2386 conten
999 2359 1081 2387 ente
1100 2377 1111 2393 ,
1149 2354 1399 2397 quamplurimi
1433 2363 1454 2385 a
1483 2354 1554 2386 suis
1588 2352 1701 2384 inter-

298 2401 510 2434 ficiebantur
527 2425 537 2440 ,
561 2401 599 2432 in
634 2401 922 2432 amicissimorum
959 2404 995 2432 et
1014 2399 1240 2443 popularium
1267 2410 1409 2431 suorum
1436 2409 1536 2433 enses
1563 2396 1698 2440 impin—

300 2452 434 2491 gentes.
474 2446 563 2478 Cum
585 2445 705 2489 itaque
726 2445 897 2476 tumultus
922 2449 958 2477 et
987 2444 1208 2488 perturbatio
1241 2443 1469 2478 vehementer
1500 2444 1572 2476 iam
1599 2442 1698 2474 inva-

299 2493 446 2532 luisset,
471 2490 615 2524 Romani
639 2495 815 2535 quotquot
843 2495 945 2523 antea
968 2501 1067 2522 muro
1092 2490 1220 2531 egressi
1244 2494 1366 2528 erant,
1397 2494 1433 2521 et
1455 2489 1486 2522 εἰ·
1514 2487 1576 2533 qui
1606 2486 1699 2519 forte

300 2539 396 2570 intus
423 2541 640 2575 manserant,
675 2536 829 2567 universi
861 2537 899 2567 in
925 2545 1033 2566 unum
1061 2546 1183 2579 agmen
1215 2535 1487 2578 conglomerati,
1516 2537 1552 2565 et
1581 2531 1702 2564 fronte*

301 2583 390 2615 aciei
418 2593 521 2626 quam
546 2581 760 2615 validissime
789 2581 895 2613 scutis
924 2582 1157 2619 communita,
1193 2580 1230 2612 in
1261 2579 1377 2612 hostes
1400 2581 1448 2611 ita
1471 2577 1584 2611 adhue
1608 2587 1697 2608 eon-

301 2629 397 2661 fusos
422 2629 580 2670 irruunt3
605 2628 689 2671 qui,
722 2631 762 2658 ut
786 2626 986 2669 praeteritis
1016 2626 1196 2658 laboribus
1230 2625 1414 2668 defatigati
1435 2648 1445 2664 ‚
1479 2634 1558 2656 cum
1582 2623 1698 2663 impe-

301 2678 376 2708 tum
410 2672 585 2708 sustinere
612 2683 682 2707 uon
715 2676 884 2716 possent,
918 2671 1083 2705 citissime
1117 2672 1308 2715 fugerunt3
1339 2675 1376 2703 at
1410 2679 1455 2703 ne
1481 2667 1520 2703 id
1552 2666 1698 2712 quidm
