1794 3112
268 82 369 148 146
824 91 1096 136 AGAT111AE

65 210 102 245 Λ.
119 211 246 255 (3.554
258 198 389 240 τόπων
426 211 469 238 τε
495 193 682 248 εὐκαιρία
709 192 779 233 καί
805 191 987 251 ἀφθονία
1011 194 1092 234 τῶν
1117 190 1378 247 ἕπιτηὸειὶῡν,
1404 192 1477 232 καί
1506 191 1556 247 τῇ
1587 191 1666 235 τῶν

110 257 235 293 1·1·2⁸
255 263 370 317 ἠθῶν
395 257 588 313 εὐκοσμίᾳ
610 271 652 297 τε
682 258 752 297 καί
773 255 983 311 δεξιότητι.
1012 258 1083 298 καί
1106 255 1246 298 τοίνυν
1279 254 1318 296 οἱ
1343 257 1418 308 μὲν
1450 254 1577 296 πάλαι
1607 254 1668 301 οἶτ-

252 325 417 379 κητορες
456 323 538 363 τῶν
569 321 613 361 ἐκ
655 321 725 373 τῆς
761 320 967 374 θαλάττης
998 321 1164 374 ἆγαθῶν
1195 316 1371 374 οἶγνῶτες
1408 317 1668 360 παντάπασιν

155 399 188 433 P.
202 397 247 436 77
260 389 480 441 ἐτύγχανον
503 379 642 436 ὄντες,
683 380 743 433 οἷς
761 400 805 437 γε
829 381 924 425 οὗὸὲ
950 378 1079 436 ὄνομα
1097 382 1196 432 νεώς
1221 381 1405 438 ἠκούετο,
1432 380 1529 437 πρίν
1549 396 1594 435 γε
1617 380 1666 436 δὴ

252 449 393 500 αὐτοῖς
425 449 498 505 την
528 446 664 503 ’Λργώ
695 446 850 501 ἐκείνην
877 449 1152 503 ἑπιφοιτῆσαι.
1192 446 1229 489 οἱ
1252 449 1296 489 δὲ
1317 449 1389 489 νῦν
1413 445 1484 487 καί
1504 442 1692 488 wavra-5

250 514 397 557 λονταί
412 530 484 568 γε,
522 510 629 554 οὕτω
663 510 898 567 παρασχὸν,
939 510 1010 552 καὶ
1032 510 1083 552 τὰ
1107 512 1178 565 τῆς
1212 510 1410 566 ἐμπορίας
1432 509 1667 563 κομίζονται

250 580 387 634 κέρδη.
441 579 526 619 εἶσί
546 592 590 617 τε
614 572 660 617 οὗ
687 575 891 631 βάρβαροι
924 574 969 616 τὸ
999 573 1164 627 λοιπὸν,
1205 571 1299 617 οὐδὲ
1322 571 1428 616 οὕτω
1455 571 1668 628 βιοτεύου-

253 659 342 694 σιν,
387 642 474 683 dm
501 642 543 688 ἐς
573 638 619 681 τὸ
661 639 866 680 πολιτικόν
896 654 941 680 τε
974 642 1044 681 καί
1071 638 1236 692 ἔννομον
1263 640 1583 694 μεταβέβληνται
1615 633 1667 692 τῇ

250 706 353 762 πρὸς
377 703 615 758 “Ρωμαίους
643 703 838 760 ἐπιμιξίᾳ·
883 701 988 744 ὥστε
1017 701 1059 744 εἴ
1079 719 1141 752 τις
1167 701 1263 752 τοὺς
1287 702 1542 761 χαλκόποδας
1566 699 1669 742 ’razi-

253 786 352 824 ρους
368 770 568 823 περιέλοι,
598 767 671 809 καί
686 766 759 816 τοὶς
781 768 861 809 τῶν
877 769 1050 822 γηγενῶν
1072 764 1416 822 ἆναβλαστῆσεις,
1441 769 1514 808 καί
1534 762 1719 817 ὁπόσαις)

251 829 356 875 ἄλλα
379 831 590 889 τερατώδη
620 834 691 873 καί
709 827 862 873 ἄπιστα
886 834 934 888 τῇ
961 829 1119 886 ποιήσει
1152 829 1266 887 ἀμφὶ
1286 832 1341 888 τῷ
1363 830 1501 887 Αἰήτῃ
1523 827 1669 882 κεκόμ-

251 908 429 951 ψευται,
470 894 584 952 εὕροι
611 911 655 949 γε
690 891 742 936 ἂν
770 893 821 936 τὰ
848 894 1028 950 παρόντα
1057 898 1191 952 πολλῷ
1213 896 1293 938 τῶν
1314 896 1524 951 προτέρων
1549 889 1669 946 ἆμεί-

249 979 362 1004 νονα.
411 963 591 1002 τοιοῦτοι
625 960 674 1015 δη
703 956 778 1002 οὖν
811 954 924 1009 ὄντες
957 958 995 1000 οἱ
1022 959 1184 1012 Λαζοί,
1231 958 1395 1010 εἰκότως
1421 955 1495 1000 οὐκ
1518 953 1666 999 ἀνεκτὰ

249 1026 422 1081 ἡγοῦντο
450 1026 726 1078 πεπονθέναι,
766 1024 821 1073 ὦς
846 1022 896 1079 δη
919 1023 990 1065 τὸν
1007 1026 1182 1077 βασιλέα
1212 1026 1331 1079 σφῶν
1351 1022 1592 1079 παραλόγως
1619 1016 1668 1062 ἇ-

223 1092 493 1147 Βφῃρημένοι.
531 1086 677 1131 αὐτίκα
720 1091 766 1130 δὲ
801 1087 839 1130 οἱ
877 1089 1096 1141 Ῥωμαῖοι,
1116 1089 1334 1144 Μαρτίνου
1375 1085 1719 1143 ἐξοτρύνοντος,15
1775 1142 1778 1145 ἱ

247 1152 460 1209 ἠπείγοντο
485 1155 671 1195 πανσυδί
683 1155 906 1194 ἐπιθέσθαι
925 1158 1007 1202 τοῖς
1024 1154 1066 1202 ἐς
1091 1149 1323 1208 Ὀνόγουριν
1344 1155 1545 1207 Πέρσαις.
1569 1150 1665 1205 τήν-

249 1220 296 1259 ὃε
323 1221 370 1260 δὲ
397 1217 470 1273 τὴν
503 1217 740 1270 ἐπωνυμίαν
769 1219 813 1258 ἐκ
837 1219 1016 1258 παλαιοῦ
1037 1217 1182 1269 ἔλαχεν
1211 1215 1258 1257 τὸ
1275 1216 1454 1272 χωρίον,
1498 1210 1668 1257 Οῧννων

251 1281 351 1331 ἴσως
373 1276 417 1324 ἓν
445 1288 528 1331 τοῖς
555 1277 638 1323 ἄνω
657 1282 847 1337 χρόνοις,
890 1283 972 1323 τῶν
1001 1280 1051 1335 δὴ
1086 1278 1333 1336 Ὀνογούρων
1363 1280 1667 1334 ἐπιλεγομένων,

250 1344 381 1388 αὐτοῦ
419 1362 498 1387 που
521 1344 812 1399 ξυμβαλόντων
833 1351 918 1393 τοῖς
955 1343 1153 1398 Κόλχοις,
1182 1345 1252 1386 καί
1279 1342 1367 1387 εἶτα
1389 1346 1668 1399 νενικημένων,

249 1410 322 1453 καὶ
337 1408 471 1466 ὥσπερ
501 1409 698 1464 μνημείου
726 1410 851 1464 χάριν
877 1411 948 1450 καί
967 1408 1162 1464 τροπαίου
1187 1407 1260 1464 την
1283 1406 1491 1464 ἐπίκλησιν
1514 1406 1717 1463 ταύτηναο

250 1477 335 1516 τῶν
354 1476 588 1529 ἐπιχωρίων
610 1474 914 1527 ἐπενεγκόντων.
937 1476 1010 1515 νῦν
1034 1475 1079 1515 δὲ
1105 1471 1183 1528 οὖχ
1207 1471 1313 1515 οὕτω
1336 1472 1448 1530 παρὰ
1470 1479 1556 1523 τοῖς
1571 1476 1668 1514 πολ-

249 1543 333 1587 λοῖς
365 1535 627 1590 ὅνομάζεται,
670 1534 760 1578 ἀλλ’
782 1535 921 1591 ἐπειδη
951 1537 1163 1593 Στεφάνου
1200 1539 1274 1579 τοῦ
1302 1537 1522 1580 θεσπεσίου
1555 1534 1666 1591 ἱερὸν

254 1603 439 1644 ἐνταῦθα
469 1603 661 1657 ἵδρυται,
701 1599 748 1642 ὃν
773 1600 822 1656 δὴ
847 1603 1005 1656 πρῶτον
1029 1603 1155 1643 πάλαι
1183 1601 1308 1658 φασίν
1343 1601 1537 1656 ὖπὲρτῶν
1557 1603 1666 1655 Χρι-

345 1686 375 1708 2.
401 1672 516 1705 πάλαι
541 1685 606 1705 om.
633 1674 668 1705 R.
753 1685 782 1716 7.
809 1671 924 1708 οὕτως
947 1674 983 1704 R.
1082 1685 1130 1706 12.
1156 1673 1342 1717 προτέραν
1366 1672 1446 1706 edd.
1521 1675 1572 1708 13.
1597 1667 1666 1707 οὖν

344 1720 424 1754 add.
449 1731 491 1752 ex
514 1719 550 1750 R.
660 1730 709 1762 ¹9·
734 1718 1010 1763 ξυμβαλλόντων
1036 1719 1071 1750 R.
1174 1730 1226 1752 21.
1251 1720 1338 1763 περὶ
1361 1723 1439 1755 τοῖς
1461 1719 1498 1751 R.

250 1807 539 1852 abundantiaque
551 1818 666 1841 rerum
685 1809 970 1847 necessariarum,
991 1812 1026 1839 et
1040 1818 1174 1840 morum
1191 1807 1364 1851 elegantia
1380 1818 1420 1840 ac
1439 1807 1660 1840 dexteritate.

249 1856 300 1888 Ac
323 1859 462 1892 >veteres
485 1854 629 1897 quidem
654 1853 874 1886 habitatores
908 1853 1092 1893 bonorum,
1117 1864 1208 1897 quae
1236 1853 1352 1886 adfert
1393 1864 1500 1893 mare,
1521 1865 1663 1898 prorsus

250 1903 351 1932 erant
382 1900 511 1943 ignari,
548 1900 681 1943 quippe
709 1900 839 1943 quibus
871 1909 915 1931 ne
943 1909 1072 1930 nomen
1093 1899 1236 1942 quidem
1266 1900 1362 1931 navis
1394 1903 1468 1931 erat
1490 1899 1663 1938 auditum,

251 1945 365 1978 donec
391 1956 432 1977 eo
459 1949 546 1989 Argo
569 1945 631 1976 illa
663 1945 866 1988 appulisset.
916 1944 1027 1976 Huius
1054 1954 1136 1976 vero
1160 1945 1327 1987 temporis
1347 1944 1470 1977 Colchi
1501 1949 1536 1976 et
1561 1945 1664 1976 navi-

250 1996 351 2035 gant,
371 2001 449 2022 cum
470 1992 520 2022 ita
541 2001 605 2022 usu
629 1991 746 2029 venit,
772 1996 807 2023 et
828 2002 870 2022 ex
896 1995 1090 2022 mercatura
1114 1996 1296 2034 quaestum
1319 1990 1477 2022 faciunt:
1510 1994 1663 2034 suntque

251 2036 295 2068 de
329 2036 468 2080 reliquo
494 2046 715 2080 nequaquam
745 2035 902 2074 barbari,
939 2046 1055 2079 neque
1081 2036 1129 2067 ita
1149 2035 1288 2074 vivunt,
1323 2035 1384 2067 sed
1415 2035 1459 2068 ad
1487 2036 1591 2068 civile
1621 2046 1662 2068 ac

250 2081 362 2124 legale
376 2081 518 2113 vivendi
537 2092 644 2125 genus
665 2093 708 2114 ex
729 2080 984 2113 consuetudine
1003 2091 1079 2112 cum
1101 2082 1262 2113 Romanis
1283 2086 1365 2112 sunt
1375 2081 1547 2115 traducti:
1572 2082 1661 2115 adeo

250 2132 292 2159 ut
316 2127 345 2158 si
370 2128 448 2170 quis
472 2125 656 2170 aeripedes
687 2132 804 2158 tauros
825 2127 1081 2170 hominumque
1110 2137 1128 2158 c
1152 2131 1244 2158 terra
1279 2126 1532 2170 pullulantium
1561 2138 1661 2173 sege—

251 2177 323 2204 tem
355 2173 496 2216 aliaque
527 2176 733 2216 portentosa
759 2178 795 2205 et
819 2171 1056 2210 incredibilia,
1086 2182 1174 2216 quae
1200 2172 1286 2204 scite
1321 2172 1365 2204 de
1388 2171 1498 2205 Aeeta
1521 2173 1661 2218 fingun-

249 2222 309 2250 tur
340 2228 360 2248 a
395 2219 530 2260 poetis,
564 2216 702 2257 demat,
732 2218 932 2261 praesentia
955 2217 1134 2250 veteribus
1158 2218 1263 2261 longe
1288 2218 1434 2250 meliora
1457 2220 1660 2263 comperiat.

251 2263 356 2296 Tales
381 2263 501 2307 itaque
527 2274 604 2295 cum
630 2268 747 2295 essent
781 2263 884 2302 Lazi,
921 2264 1046 2294 merito
1083 2273 1119 2294 se
1150 2263 1370 2295 intolerabili
1417 2265 1550 2297 iniuria
1580 2267 1666 2297 affe-

252 2313 326 2341 ctos
350 2309 554 2347 censebant,
578 2313 702 2351 utpote
720 2319 798 2352 rege
818 2319 880 2341 suo
907 2309 1073 2340 atrociter
1093 2309 1230 2351 privati.
1281 2309 1404 2342 Statim
1434 2321 1516 2342 vero
1537 2311 1662 2343 Roma-

250 2355 311 2393 ni,
335 2354 506 2386 incitante
532 2354 706 2392 Martino,
732 2354 894 2386 omnibus
918 2353 1051 2385 viribus
1077 2353 1206 2387 adoriri
1230 2355 1400 2397 parabant
1423 2357 1541 2388 Persas
1561 2355 1660 2388 Ono-

252 2399 363 2443 gurim
382 2399 588 2431 insidentes.
623 2399 768 2442 Accepit
785 2409 868 2431 vero
894 2400 961 2430 iam
981 2399 1065 2431 inde
1086 2399 1128 2431 ab
1149 2401 1294 2443 antiquo
1311 2400 1370 2432 hic
1391 2401 1488 2434 locus
1507 2411 1581 2432 eam
1595 2411 1659 2444 ap-

251 2445 502 2489 pellationem,
527 2445 622 2488 quod
646 2455 724 2476 cum
749 2444 869 2476 Hunni
892 2445 1060 2483 fortasse,
1088 2445 1244 2488 Onoguri
1268 2446 1394 2486 vocati,
1419 2445 1660 2490 superioribus

254 2491 474 2533 temporibus
507 2490 570 2522 illo
598 2490 674 2533 ipso
695 2490 732 2521 in
747 2490 824 2522 loco
847 2500 924 2521 cum
935 2489 1076 2522 Colchis
1096 2491 1234 2533 proelio
1256 2490 1494 2524 decertassent
1505 2492 1660 2535 victique

250 2535 420 2576 fuissent,
443 2535 554 2568 veluti
572 2535 793 2568 monumenti
814 2540 849 2567 et
865 2534 1028 2578 trophaei
1051 2546 1152 2568 causa
1171 2535 1207 2567 id
1223 2547 1352 2569 nomen
1374 2538 1408 2569 ei
1422 2537 1465 2570 ab
1480 2536 1659 2580 indigenIs

251 2580 408 2614 inditum
436 2582 563 2623 fuerit3
600 2591 696 2613 nunc
717 2589 800 2613 vero
819 2581 990 2624 temporis
1014 2592 1085 2613 non
1108 2582 1157 2614 ita
1187 2592 1206 2613 a
1232 2582 1411 2626 plerisque
1442 2582 1658 2626 appellatur-3

250 2626 312 2660 sed
330 2638 409 2663 cum
437 2626 490 2662 ibi
515 2626 687 2672 templum
713 2631 806 2660 esset
835 2637 969 2660 sacrum
993 2625 1114 2660 divino
1133 2626 1188 2661 illi
1213 2626 1412 2673 Stephano,
1445 2637 1551 2673 quem
1575 2629 1658 2673 qui-
