1794 3112
279 121 314 157 ·1
329 104 396 159 28
874 123 1144 170 AGATHIAE

99 229 202 307 &101
213 228 456 307 δόἑιβιβλιὶον
483 228 630 285 ἥμενος
656 234 945 288 πωλητηρίοις,
975 235 1265 290 διεπληκτίζετο
1299 236 1370 278 καί
1400 227 1686 296 ἐμεγαληγόρει

161 298 169 306 “
206 299 214 308 ’
230 286 249 308 ²
283 292 383 347 πρὸς
398 292 497 340 τους
517 294 670 335 αὐτόθι
688 296 987 350 ἐγειρομένους,
1007 301 1078 340 καὶ
1095 302 1226 341 ταῦτα
1249 300 1299 353 δὴ
1323 300 1373 341 τὰ
1385 304 1598 355 εἰθισμένα
1609 304 1686 359 ῥη-

279 357 407 408 μάτια
431 359 507 397 τοῦ
528 361 749 412 κρείττονος
774 362 865 414 πέρι
889 361 1225 416 ἆνακυκλοῦντας,
1260 363 1398 406 ὁποῖον
1422 365 1472 419 δή
1490 382 1529 407 τι
1545 367 1686 416 αὐτοῖς

280 417 307 472 ἥ
323 435 365 460 τε
387 420 510 475 φύσις
531 422 621 463 ἐστί
638 423 710 463 καί
732 423 757 477 ἢ
777 420 920 477 ozimi»,
940 425 1011 465 καί
1032 425 1076 467 τὸ
1101 427 1286 481 παθητὸν
1312 431 1382 469 καί
1402 428 1446 470 τὸ
1462 427 1686 484 ἆξὺγχυτον

279 484 350 522 καί
370 478 474 524 ἄλλα
492 488 637 526 τοιάδε.
669 488 822 529 τούτων
846 491 923 539 μὲν
948 485 1022 530 οὖν
1046 487 1083 529 οἱ
1102 494 1278 531 πλεῖστοι
1301 493 1397 532 οὐδὲ
1420 494 1461 541 ἐς
1488 498 1705 548 mamm-5

280 549 431 599 τιστοῦ,
450 545 574 601 οἶμαι,
589 550 864 604 φοιτήσαντες,
879 548 974 592 οὐδὲ
993 551 1077 605 μὴν
1090 554 1165 609 βίῳ
1186 550 1337 611 ἀρίστῳ
1350 557 1684 612 ἕκδεὸιῃτημένοι,

282 608 422 651 ἔπειτα
450 612 595 668 ῥᾴδιόν
627 631 665 655 τι
697 612 888 667 ἡγοῦνται
911 615 982 656 καί
1007 615 1345 671 προχειρότατον,
1382 618 1682 674 ὑπερβάθμιον,

238 673 326 714 Βτὸ
346 672 587 728 λεγόμενον,
628 675 734 718 πόδα
754 681 919 731 τείνειν,
949 679 1022 720 καί
1039 682 1247 733 θεολογίας
1272 679 1530 736 ἐφάπτεσθαι
1538 714 1551 734 ,
1579 683 1684 737 πρά-

277 754 426 790 γματος
454 736 559 780 οὕτω
582 744 787 796 μακαρίου
812 758 855 783 τε
879 742 950 784 καί
969 740 1211 799 ἆνεφίκτου,
1250 747 1320 786 καί
1333 736 1520 797 μείζονος
1541 741 1568 800 ἢ
1593 748 1683 786 κατ’

276 803 542 857 ἀνθρώπους,
570 804 641 845 καί
659 804 769 862 μόνῳ
819 808 876 863 τῷ
900 808 1134 860 ἀγνοεῖσθαι
1163 810 1495 861 θαυμαζομένου.
1521 809 1734 863 τοιγάρ-ιο

275 882 338 907 τοι
357 867 408 907 τὰ
434 866 562 908 πολλὰ
586 869 683 923 περὶ
703 870 840 924 δείλην
867 868 991 924 ὀψίαν
1015 871 1095 912 ἀπὸ
1128 872 1378 927 κραιπάλης,
1407 873 1463 922 ὥς
1492 870 1537 914 τὸ
1563 871 1682 925 εἰκός,

277 929 349 970 καί
380 927 596 981 ἀκολασίας
632 933 957 988 ξυναλιζόμενοι,
1005 933 1112 978 οὕτω
1148 936 1197 990 δὴ
1230 939 1291 978 ἐκ
1312 938 1388 978 τοῦ
1425 937 1683 992 παρείκοντος

276 995 442 1035 ἐκείνων
471 989 552 1037 τῶν
585 996 818 1053 ὑπερτέρων
841 996 1095 1055 ἀπάρχονται
1121 999 1248 1054 λόγων
1274 1003 1346 1042 καί
1379 1000 1580 1055 ζητήσεως
1608 1004 1683 1041 θε-

276 1059 469 1109 σπεσίας,
498 1055 572 1100 ἀεί
594 1075 636 1101 τε
657 1061 751 1116 περὶ
769 1061 900 1103 ταῦτὰ
931 1067 1311 1117 στενολεσχοῢντες,
1335 1060 1445 1106 -οἷίτε
1471 1065 1681 1105 πείθονται

271 1119 355 1161 ὑπὸ
367 1123 497 1176 σφῶν,
527 1117 616 1164 οὔτε
637 1118 768 1173 ἄλλως
777 1120 1137 1178 μεταμανθάνουσι
1154 1126 1205 1169 τὰ
1218 1129 1542 1183 προεγνωσμένα,
1560 1125 1732 1172 ὅποῖαιό
1773 1131 1775 1134 ’

275 1178 379 1225 ἅττα
406 1186 478 1226 καί
497 1186 660 1239 τύχοιεν
685 1182 792 1230 ὄντα.
838 1188 998 1242 ἔχονται
1032 1193 1078 1232 δὲ
1111 1190 1327 1240 διαπαντὸς
1362 1193 1445 1232 τῶν
1477 1191 1612 1231 αὐτῶν
1642 1189 1682 1230 οἱ

275 1247 411 1300 αὐτοὶ,
453 1248 525 1289 καὶ
560 1254 820 1301 τελευτῶντες
867 1255 940 1307 τῆς
978 1257 1226 1309 φιλονεικίας
1257 1255 1552 1306 χαλεπαίνουσι
1591 1257 1680 1295 κατ’

178 1308 494 1365 Ρ.68ἆλλήλων,
520 1313 592 1354 καί
620 1315 860 1370 ἀναφανδὸν
883 1319 1252 1372 διαλοιδοροῦνται,
1281 1315 1422 1373 φωνὰς
1447 1314 1683 1371 ἀσχήμονας

278 1371 494 1431 ἀφιέντες,
541 1374 676 1434 ὥσπερ
715 1381 759 1420 ἐν
791 1379 930 1432 κύβοις
973 1380 1279 1433 διαμαχόμενοι.
1330 1378 1434 1421 οὕτω
1469 1396 1513 1421 τε
1543 1380 1683 1423 λύεται

369 1454 404 1490 3.
431 1453 646 1489 ἀνακυκλῶν
676 1456 787 1497 Suid„
811 1457 920 1500 Intpr.
953 1455 1226 1494 ἀνακαλοῦντας
1257 1457 1384 1502 legisse
1415 1456 1574 1499 videtur,
1602 1469 1685 1491 nam
1715 1467 1727 1470 ·’

368 1500 495 1532 vertit:
535 1500 614 1540 his,
655 1501 720 1547 qui
750 1514 786 1536 se
820 1503 1141 1543 circumsisterent,
1177 1503 1450 1549 postulantibus.
1587 1502 1686 1546 αὐτῷ

369 1545 468 1585 Par„
500 1545 609 1589 Intpr.
636 1547 755 1592 qualis
784 1560 866 1581 nam
902 1549 961 1582 illi
994 1558 1141 1582 natur-a.
1243 1548 1276 1591 4.
1309 1542 1348 1581 τὸ
1375 1554 1456 1581 ante
1478 1546 1685 1593 οἷξύγχυτον

371 1590 476 1623 inser.
503 1601 547 1624 ex
571 1593 608 1624 R.
635 1599 670 1625 et
699 1593 798 1625 Suid.
922 1596 953 1628 5.
977 1596 1038 1626 καὶ
1062 1593 1150 1626 ἄλλα
1173 1592 1300 1626 τοιάδε
1325 1605 1390 1626 om.
1419 1593 1516 1626 Suid.
1617 1594 1682 1626 Pro

369 1635 510 1669 τούτων
531 1637 603 1682 μὲν
628 1634 696 1673 οὖν
717 1638 811 1671 idem
824 1629 887 1673 ὧν.
932 1650 958 1683 y
984 1641 1218 1684 αμματιστοῦ
1241 1640 1277 1670 R.
1301 1638 1410 1683 Lugd.
1427 1638 1542 1680 Suid„
1563 1649 1685 1686 γραμ-

368 1685 532 1725 ματικοῦ
554 1683 632 1717 edd.
738 1683 767 1716 6.
795 1686 840 1716 οι]
862 1681 939 1729 μὴν
989 1685 1061 1718 uid.
1173 1682 1474 1730 ἐκδεδιῃτημένη
1495 1685 1534 1718 R.
1647 1695 1680 1728 9-

369 1723 392 1767 ἤ
416 1738 482 1759 om.
505 1727 541 1759 R.
640 1728 688 1771 14.
712 1730 825 1762 ταῦτα
847 1730 886 1763 R.
1547 1740 1551 1743 '

279 1814 374 1846 enim
403 1813 448 1847 ad
476 1814 601 1858 palatii
634 1816 790 1860 porticus
821 1817 997 1849 ventitans
1013 1841 1022 1857 ,
1047 1820 1083 1849 et
1108 1815 1146 1848 in
1172 1816 1329 1850 librariis
1354 1815 1512 1850 tabernis
1543 1815 1684 1856 sedens,

280 1860 518 1893 contendebat
540 1860 727 1906 verbisque
758 1862 1011 1905 ampullat-ibus
1038 1862 1164 1906 agebat
1188 1874 1264 1895 cum
1287 1863 1343 1901 iis,
1372 1863 1434 1908 qui
1458 1872 1499 1894 eo
1524 1873 1679 1895 comme-

279 1916 338 1937 are
354 1907 480 1946 solent,
507 1911 542 1938 et
559 1913 724 1940 consueta
747 1906 874 1940 haecce
892 1907 935 1940 de
959 1908 1036 1940 Deo
1060 1908 1231 1940 vocabula
1255 1908 1382 1940 iactare
1396 1932 1405 1948 ‚
1432 1907 1548 1952 qualia
1571 1908 1680 1941 nimi-

279 1962 357 1983 rum
381 1956 462 1983 sunt
483 1956 608 1984 natura
638 1957 743 1997 atque
771 1953 939 1992 essentia,
964 1952 1009 1985 'et
1032 1953 1260 1996 passibilitas,
1284 1959 1324 1985 ut
1348 1953 1398 1986 ita
1423 1952 1550 1992 dicam,
1573 1957 1608 1984 at
1634 1963 1679 1985 ue

280 1996 618 2040 inpermixtibilitas:
647 2009 794 2042 quorum
808 1998 968 2044 plerique
986 2008 1030 2030 ne
1040 1997 1364 2034 Grammatistarum
1406 1997 1526 2030 uidem
1545 1997 1627 2030 scho
1643 2009 1680 2030 as

279 2042 566 2086 frequentat-ant,
604 2043 666 2076 sed
689 2055 754 2076 nec
778 2045 860 2076 satis
884 2043 975 2087 frugi
999 2043 1158 2076 homines
1184 2049 1299 2077 erant:
1326 2044 1395 2076 faci
1413 2053 1431 2075 e
1455 2044 1591 2076 interea
1613 2042 1681 2076 ali-

282 2087 371 2131 quitl
405 2092 510 2132 atque
545 2088 748 2131 expeditum
783 2099 856 2121 esse
891 2089 1092 2121 existimant
1123 2090 1390 2128 transsultorio,
1425 2087 1522 2133 quod
1554 2093 1609 2121 est
1639 2089 1680 2122 in

280 2133 487 2176 proverbio,
514 2133 605 2176 pede
630 2133 734 2174 ferri,
775 2139 811 2167 et
835 2134 879 2167 de
904 2134 982 2166 Deo
1009 2133 1200 2175 disserere,
1234 2135 1322 2167 adeo
1346 2135 1452 2167 beata
1476 2139 1512 2166 et
1539 2133 1679 2167 incom-

279 2176 515 2221 prehensibili
540 2190 576 2211 re
592 2203 602 2218 ,
634 2178 894 2225 humanumque
919 2179 1139 2211 intellectum
1172 2185 1423 2224 exsuperante,
1455 2189 1566 2223 eoque
1589 2179 1678 2219 solo,

284 2223 380 2267 quod
404 2223 594 2267 ignoretur,
620 2224 835 2257 admiranda.
883 2224 1056 2268 Quocirca
1082 2224 1285 2270 frequenter
1307 2225 1515 2270 vespertinis
1539 2230 1678 2268 tempo-

283 2267 394 2308 ribus,
423 2279 500 2300 cum
528 2280 570 2302 ex
594 2271 743 2314 crapula,
768 2275 808 2302 ut
830 2270 1020 2303 verisimile
1047 2275 1109 2310 est,
1137 2276 1173 2303 et
1197 2271 1282 2302 luxu
1307 2271 1436 2303 reversi
1461 2281 1522 2302 sua
1544 2269 1679 2302 habent

283 2311 539 2354 conciliabula,
564 2321 668 2358 prout
698 2316 824 2360 cuique
858 2315 1002 2347 libitum
1025 2315 1155 2355 fuerit,
1188 2316 1419 2349 irreverenter
1445 2315 1488 2348 de
1516 2314 1679 2348 sublimi-

283 2358 349 2391 bus
374 2359 470 2392 hisce
498 2360 602 2392 rebus
632 2360 831 2406 divinisque
855 2360 1120 2405 quaestionibus
1146 2371 1321 2394 sermones
1345 2362 1514 2402 miscent3
1539 2365 1575 2392 et
1587 2369 1680 2392 sem-

282 2415 348 2448 per
370 2404 413 2436 ‹le
438 2404 564 2437 iisdem
587 2411 807 2449 argutantes‚
829 2416 895 2438 nec
917 2406 986 2449 ipsi
1009 2405 1087 2437 aliis
1106 2406 1292 2452 quicquam
1314 2405 1538 2451 persuadent,
1561 2415 1678 2448 neque

284 2449 330 2482 de
357 2455 524 2493 concepta
553 2451 662 2483 semel
701 2451 881 2494 opinione,
940 2450 1167 2495 ualiscunque
1205 2452 1349 2484 tandem
1388 2462 1429 2484 ea
1467 2452 1534 2490 sit,
1561 2448 1680 2481 disce-

285 2495 399 2535 dunt,
433 2495 494 2528 sed
528 2495 649 2528 eadem
681 2507 817 2540 semper
840 2497 1016 2529 monicus
1051 2497 1207 2529 retinent
1239 2503 1275 2530 et
1309 2502 1471 2538 tuentur3
1508 2494 1691 2538 finitaque,

285 2540 512 2574 altercatione
549 2541 695 2574 infensis
723 2542 815 2575 inter
840 2552 877 2574 se
905 2541 1029 2574 animis
1054 2541 1261 2583 discedunt,
1297 2548 1333 2576 et
1356 2541 1485 2586 apertis
1511 2540 1679 2573 conviciis

286 2596 361 2618 sese
394 2592 515 2620 mutuo
548 2586 741 2628 lacessunt,
781 2592 902 2632 turpes
940 2597 1042 2620 voees
1076 2588 1297 2629 emittentes,
1346 2589 1455 2621 instar
1488 2585 1680 2618 aleatorum

288 2631 489 2665 rixantium.
537 2632 651 2679 Atque
686 2633 736 2667 ita
769 2633 914 2671 solvitur
938 2632 1024 2677 ipsis
1049 2638 1248 2675 certamen,
1275 2643 1447 2680 aegreque
1478 2629 1676 2670 discedunt,
