1722 3146
267 170 337 208 XII
815 163 1121 207 PRAEFATIO.

268 265 444 305 Vulcanii‚
471 265 532 310 qui
552 263 732 308 Agathiarn
755 274 797 296 ex
818 275 859 297 eo
875 265 1008 299 edidit:
1033 267 1070 298 in
1095 264 1251 309 catalogo
1273 275 1306 309 p.
1325 265 1422 308 345:
1450 283 1489 290 --
1514 254 1664 310 bomby-

264 335 384 379 cinus,
408 343 493 366 saec.
531 331 612 364 XIV
625 345 633 364 :
657 332 942 376 interpunctione
967 333 1051 366 satis
1071 338 1229 366 accurate
1246 332 1458 378 distinctum.
1475 334 1513 365 in
1534 334 1666 377 priori-

269 401 336 434 bus
357 399 455 432 libris
475 398 576 431 valde
596 397 800 438 mendosm,
832 400 870 431 in
892 399 1145 443 posterioribus
1171 400 1283 432 multo
1307 401 1549 444 praestantior.
1570 399 1665 432 Sub-

272 467 440 500 iiciuntnr
475 465 513 498 in
549 465 618 497 fine
651 464 721 498 duo
752 464 1012 509 epigrammata:
1048 465 1196 498 alterum
1223 464 1392 510 Agathiae
1419 465 1464 498 de
1492 465 1576 498 ludo
1609 469 1664 498 ta-

271 534 378 568 bulae
400 532 546 566 Zenonis
567 533 673 575 Aug.,
707 532 853 565 alterum
869 557 879 572 ,
912 531 1008 576 quod
1037 531 1096 565 hic
1118 531 1263 577 quidem
1284 532 1400 566 eidem
1417 531 1605 578 Agathiae,
1627 533 1667 566 in

271 600 484 644 Anthologia
508 610 590 633 vero
622 599 801 632 Leonidae
821 598 1058 633 Alexandrino
1081 599 1261 632 tribuitur.
1314 598 1356 632 Id
1375 598 1449 632 h.1.
1477 598 1668 644 ἰσόψηφον

272 667 501 704 inscribitur,
533 664 654 698 addito
686 666 725 698 in
750 667 933 711 utriusque
964 663 1107 699 distichi
1134 665 1203 698 fine
1226 670 1371 699 numero
1395 677 1454 712 52
1475 666 1499 699 i.
1513 676 1542 699 e.
1562 667 1668 706 6600,

273 734 336 779 qui
360 744 403 766 ex
418 733 614 765 litterarum
633 731 751 764 valore
775 743 839 775 pro
861 732 1015 764 numeris
1038 731 1231 776 positarum
1258 731 1452 773 conficitur,
1478 732 1666 766 dummodo

271 800 463 834 secundum
489 798 668 832 distichon
693 809 771 831 cum
796 798 1021 842 Lugdunensi
1045 797 1234 832 scribatur:

396 863 500 901 Ἀλλὰ
523 867 639 900 τανῦν
659 875 745 910 μερ
759 865 966 899 όπεσσιν
989 863 1188 911 ἐράσμιος·
1221 862 1291 908 ὀψὲ
1311 863 1386 911 γὰρ
1408 864 1526 911 ἔγνων

457 925 647 961 Ὁππόσον
677 922 878 969 Ου’ρανίας
899 923 1100 960 Καλλιόπα
1123 927 1316 971 προφέρει.

359 994 460 1039 Vulg.
482 994 651 1038 Vulgata,
684 993 708 1025 i.
734 1002 767 1025 e.
791 991 1035 1037 Lugdunensis
1063 1003 1142 1026 cum
1168 991 1388 1027 editionibus
1421 1003 1513 1039 quae
1540 1003 1584 1028 ex
1606 993 1671 1028 ina

273 1061 443 1107 originem
460 1060 600 1095 ducunt.

357 1129 422 1163 Ed.
446 1140 496 1172 pr.
516 1129 636 1162 Editio
661 1130 825 1173 princeps
844 1128 1029 1168 Vulcanii‚
1055 1137 1147 1173 quae
1172 1126 1307 1172 prodiit
1329 1125 1491 1172 Lugduni
1509 1125 1604 1171 1594.

358 1197 435 1230 Par.
455 1196 617 1236 Par-isim,
633 1207 663 1229 a.
693 1198 790 1237 1660,
813 1196 851 1229 in
865 1206 1009 1240 corpore
1029 1194 1238 1239 scriptorum
1262 1194 1435 1233 historiae¹
1449 1193 1671 1237 Byzantinae.
1691 1178 1693 1182 Ι

359 1262 447 1297 Edd.
478 1262 679 1303 Editiones,
702 1264 864 1307 princeps
895 1267 932 1295 et
962 1262 1130 1302 parisina,
1153 1261 1217 1294 ubi
1243 1272 1263 1294 a
1287 1265 1494 1306 prototypo,
1527 1259 1674 1304 Lugdu-

271 1328 372 1363 nensi
391 1329 524 1370 codice,
547 1328 752 1368 desciscunt.
785 1329 977 1373 (Venetam
1005 1327 1304 1371 negligentissime
1328 1338 1371 1360 ex
1391 1327 1549 1367 Parisina
1574 1331 1671 1364 tran·-

271 1395 437 1439 scriptam
459 1406 546 1436 esse,
580 1395 743 1440 nihilque
770 1395 913 1431 omnino
941 1390 1104 1438 propriae
1126 1392 1218 1427 dotis
1239 1392 1390 1434 habere,
1413 1396 1590 1431 nemoest
1608 1393 1671 1438 qni

271 1463 432 1507 nesciat.)

362 1530 470 1572 Iutpr.
494 1529 618 1566 Versio
638 1527 886 1573 Christophori
904 1527 1075 1562 Personae
1090 1551 1101 1568 ,
1131 1531 1174 1561 ut
1198 1530 1312 1563 exstat
1327 1527 1368 1566 in
1393 1525 1670 1565 editioneffssasiq

272 1595 385 1628 leensi
404 1596 543 1628 Pernae.

362 1661 414 1695 Cl.
438 1662 647 1695 Coniectura
669 1662 835 1694 Classeni.

320 1727 525 1762 scribebam
536 1730 676 1762 Bonnae
699 1731 807 1771 postr.
830 1726 905 1759 Kal.
931 1726 1003 1759 Ian.
1027 1723 1339 1763 MDCCCXXVIII.
