1832 3152
318 154 337 187 ι
351 135 425 204 96
756 211 760 213 ‚
890 150 1163 193 AGATIHAE

132 258 218 292 A.C.
234 258 299 299 555
310 250 495 299 πελάζειν
519 264 562 289 τε
583 248 721 298 αὐτοῖς
743 249 789 289 ἐν
826 251 916 304 χρῷ
939 251 994 306 τῷ
1022 249 1148 303 τείχει
1166 250 1217 292 οὗ
1234 252 1348 305 μάλα
1371 253 1564 307 ἐφίεσαν,
1590 251 1724 304 βιαιό-

171 305 195 336 ¹*
213 305 236 336 Ῑ·
252 317 296 349 29
314 329 430 368 τερον
450 314 719 372 ἐνοχλοῦντες.
747 313 830 353 τῶν
859 314 905 353 δὲ
925 319 1015 363 ταῖς
1040 315 1211 368 ἀκάτοις,
1239 311 1339 372 ᾖπέρ
1360 331 1435 368 μοι
1450 310 1528 370 ἤδη
1554 315 1724 372 ἐῤῥὴθη,

192 387 232 419 V.
250 389 291 431 73
312 374 615 431 ἐφεστηκότων,
645 375 682 416 οἱ
702 377 782 428 μὲν
802 375 930 426 τόξοις
951 377 1159 432 χρώμενοι
1183 378 1392 429 πλειστους
1420 380 1596 421 ἐσίνοντο
1611 412 1624 432 ,
1651 376 1726 420 ἅτε

321 434 479 480 ἄνωθεν
500 438 736 491 βάλλοντες,
767 438 804 480 οἱ
824 441 870 480 δὲ
893 443 976 482 τῶν
997 442 1198 495 μηχανῶν
1220 444 1526 496 δαημονέστατοι
1541 440 1724 497 ἥπτοντο,

312 501 364 543 τά
386 518 428 543 τε
453 500 663 557 ὑπόπτερα
690 505 824 545 ἐκεῖνα
846 501 896 544 τὰ
927 503 999 544 καί
1021 505 1062 554 ἐς
1091 507 1208 546 τοῦτο
1238 506 1515 559 ἐσκευασμένα
1542 505 1751 561 ὃοράτιαῤ

311 567 442 620 πολλῇ
463 564 535 616 ξὺν
565 567 718 623 ἀνάγκῃ
757 566 1099 620 ἐκτινασσὸμενα,
1148 569 1404 610 ἐπιπλεῖστον
1436 569 1626 624 ἐφέρετο,
1668 567 1727 618 ὥς

311 632 382 670 καί
401 629 575 679 πολλοὺς
595 633 678 672 ταῖν
698 631 932 686 βαρβάρων,
953 627 1170 687 πόρρωθεν
1191 631 1250 674 ἔτι
1267 635 1576 688 ἐπερχομένους,
1596 634 1640 674 ἐκ
1655 634 1727 674 τοῦ

311 695 499 749 ἀφανοῦς
524 695 661 744 αὐτοῖς
694 697 832 744 ἵπποις
868 697 1209 751 διαπερονᾶσθαι,
1252 695 1323 738 καὶ
1347 697 1606 739 καταπίπτειν
1632 699 1725 747 ἐξα-

309 759 491 807 πιναίως.
526 759 602 813 βοή
634 775 676 799 τε
711 761 884 813 ἐπιμέγα
918 762 1087 816 ἐπῆρτο,
1124 759 1195 802 καί
1221 760 1438 815 σάλπιγγες
1471 758 1724 816 ἑκατέρωθεν

309 821 618 878 πολεμιστήριὸν
645 841 686 864 τι
707 827 831 875 μέλος
855 826 1020 880 ἐπῇδον.
1059 825 1098 866 οἱ
1132 827 1178 866 δὲ
1210 827 1378 880 Πέρσαι
1408 825 1480 866 καί
1506 830 1590 874 τοῖς
1615 841 1774 878 τυμ-ιο

310 883 453 934 πάνοις
472 887 690 940 ἐβόμβουν,
711 890 782 928 καί
794 887 1071 943 σφοδρότερον
1085 889 1336 944 ἐπηλάλαζον
1356 887 1580 944 ἐκπλήξεως
1595 891 1725 942 ἕνεκα,

310 945 334 988 ὅ
356 964 398 990 τε
419 952 501 990 τῶν
526 952 659 992 ἵππων
681 951 950 1006 χρεμετισμὸς
985 955 1058 994 καί
1077 955 1159 995 τῶν
1192 950 1377 995 ἀσπίδων
1393 953 1414 995 ὃ
1442 954 1618 1008 πάταγος
1654 954 1727 996 καί

313 1011 357 1053 αἱ
389 1015 469 1054 τῶν
511 1014 714 1069 θωράκων
750 1015 987 1071 συντρίψεις
1024 1018 1213 1071 παμμιγῆ
1238 1034 1330 1059 τινα
1366 1017 1437 1058 καί
1461 1012 1603 1072 ἄγριον
1629 1018 1724 1059 ἀνέ-

309 1081 452 1118 πλεκον
478 1074 591 1132 ἦχον.
636 1081 680 1119 ἐν
705 1079 831 1137 τούτῳ
859 1081 905 1120 δὲ
939 1081 1143 1138 Ἰουστίνῳ
1166 1083 1222 1138 τῷ
1240 1084 1280 1122 Γ
1278 1083 1458 1135 ερμανοῦ
1479 1083 1524 1122 ἐκ
1551 1082 1626 1123 τοῦ
1645 1081 1726 1122 νεῶ

270 1140 510 1185 Οέπανιόντι
546 1144 814 1196 ’ξυναιοθησις
844 1142 1019 1196 γίγνεται
1051 1146 1134 1185 τῶν
1166 1145 1390 1203 ὁρωμένων
1409 1145 1459 1201 τῇ
1479 1161 1522 1186 τε
1558 1145 1722 1200 ταραχῇ
1729 1149 1773 1189 15

308 1203 380 1245 καί
399 1206 454 1260 τῷ
477 1205 626 1262 κτύπῳ.
666 1208 738 1247 καί
764 1205 915 1247 αὕτίκα
935 1207 1032 1256 τοὺς
1061 1207 1169 1263 ἄμφ’
1200 1205 1325 1250 αὗτὸν
1355 1207 1529 1257 ἱππότας
1547 1210 1722 1263 συστρέ-

307 1279 414 1322 ψας,
443 1271 513 1310 καί
536 1271 579 1318 ἐς
602 1267 712 1318 τάξιν
747 1269 839 1311 τινά
869 1273 914 1311 ἐν
937 1271 1071 1328 κόσμῳ
1101 1271 1464 1326 καταστησάμενος,
1500 1272 1550 1313 τά
1577 1287 1621 1312 τε
1648 1287 1722 1326 ση-

307 1338 404 1386 μεῖα
436 1334 478 1382 ἐς
506 1330 614 1385 ὕψος
647 1334 829 1388 ἀρθῆναι
852 1335 1035 1386 ἐκέλευε,
1076 1337 1146 1376 καί
1171 1333 1355 1384 ἅπαντας
1384 1335 1555 1388 ἔχεσθαι
1587 1333 1722 1389 ἔργου,

308 1393 598 1448 γιγνώσκοντας
638 1394 693 1445 ὦς
725 1397 797 1437 οὐκ
829 1394 948 1438 desse
980 1397 1125 1450 ἔτυχον
1154 1401 1225 1439 τοῦ
1257 1394 1399 1448 ἄστεος
1423 1399 1722 1454 ἐξεληλυθότες,

312 1459 400 1499 ἀλλ’
432 1461 498 1514 ἐφ’
532 1454 566 1516 ᾧ
589 1461 831 1509 ὃεὸιξασθαι
859 1460 953 1510 τούς
976 1464 1194 1514 πολεμίους
1218 1463 1274 1519 τῷ
1302 1461 1615 1519 ἀπροσδοκήτῳ,
1652 1461 1772 1508 καίαο

311 1522 517 1564 ἀπελάσαι
539 1525 611 1576 τῆς
635 1526 878 1579 πολιορκίας.
907 1526 963 1574 ὥς
987 1527 1031 1566 δὲ
1049 1524 1186 1581 βραχύ
1204 1543 1246 1567 τι
1281 1527 1547 1580 προελθόντες
1584 1532 1719 1567 κατεῖ-

314 1587 385 1627 δον
408 1585 504 1634 τούς
533 1588 704 1642 Πέρσας
735 1589 987 1641 ἐγκειμένους
1014 1592 1069 1645 τῷ
1093 1590 1314 1646 περιβόλῳ,
1360 1589 1447 1632 τότε
1483 1588 1532 1645 δὴ
1563 1590 1719 1646 ἀθρόον

409 1686 437 1706 ι.
462 1671 598 1710 αὖτοὺς
619 1675 655 1707 R.
683 1675 720 1707 in
744 1686 809 1719 mg.
912 1677 946 1720 4.
972 1677 1010 1710 οἱ
1035 1676 1075 1711 δὲ
1098 1680 1160 1719 R,
1184 1678 1224 1711 οἵ
1243 1687 1282 1711 τε
1305 1679 1395 1723 vulg.
1486 1690 1517 1722 9.
1542 1674 1633 1720 βοὴν
1652 1673 1720 1717 τὴν

403 1719 442 1751 R.
466 1724 501 1751 et
525 1720 562 1751 in
587 1731 654 1764 mg.
679 1720 718 1753 δὲ
744 1718 822 1763 βοὴ.
939 1724 988 1756 ι3.
1015 1727 1228 1766 συντρίψεις
1251 1725 1290 1756 Β.
1318 1728 1354 1756 et
1377 1723 1719 1769 Intpnfiacturae,

402 1763 588 1809 ἐκτρίψεις
609 1765 700 1809 vulg.
753 1766 800 1800 15.
827 1768 999 1810 γίγνεται
1022 1769 1071 1808 Β.,
1095 1771 1266 1812 γίγνηται
1291 1769 1400 1814 Lugd.
1425 1774 1462 1802 et
1485 1768 1539 1802 ed.
1562 1779 1631 1812 pn,
1655 1769 1721 1812 γέ-

402 1818 506 1843 verm
527 1810 603 1843 Par.
703 1822 751 1854 19.
777 1810 870 1844 α’θεῖ·
886 1815 922 1846 R.
983 1825 1035 1847 20.
1061 1814 1120 1858 ἐφ’
1145 1812 1166 1847 δ
1188 1816 1224 1847 Β.

310 1890 457 1931 nebant,
482 1891 632 1923 multum
662 1892 848 1926 molestiae
868 1905 907 1926 ac
929 1893 1047 1927 damni
1076 1894 1280 1932 inferentes,
1326 1895 1453 1928 Eorum
1473 1905 1568 1935 vero,
1592 1895 1654 1940 qui
1678 1895 1716 1928 in

311 1937 477 1970 corbibus
505 1935 667 1976 stabant,
693 1943 798 1980 prout
812 1939 917 1971 modo
947 1939 1041 1979 dixi,
1067 1941 1129 1972 alii
1158 1940 1303 1985 quidem
1329 1941 1464 1984 sagittis
1483 1966 1491 1981 ,
1521 1946 1645 1983 utpote
1672 1952 1716 1973 ex

311 1982 458 2015 sublimi
481 1981 613 2021 missis,
638 1993 742 2026 quam
762 1983 931 2026 plurimos
951 1984 1163 2025 laedebant,
1204 1986 1265 2018 alii
1292 1985 1472 2018 machinas
1499 1986 1715 2029 peritissime

308 2027 534 2066 tractabant,
570 2032 606 2059 et
634 2028 794 2071 pernicia
821 2029 994 2073 quaedam
1023 2030 1095 2062 tela
1119 2041 1243 2073 magna
1268 2042 1347 2062 cum
1372 2031 1542 2063 violentia
1573 2042 1716 2064 excussa

307 2073 513 2116 longissime
540 2072 764 2113 serebantur,
788 2074 874 2106 adeo
897 2080 936 2107 ut
957 2075 1063 2107 etiam
1092 2076 1221 2108 multos
1248 2075 1415 2107 barbaros
1444 2075 1567 2119 procul
1599 2075 1716 2108 adhuc

309 2117 395 2150 inde
411 2117 637 2150 advenientes
660 2129 703 2150 ex
719 2119 908 2162 improviso
933 2131 1002 2152 una
1022 2131 1100 2152 curn
1120 2121 1204 2163 ipsis
1230 2122 1329 2164 equis
1350 2121 1554 2153 traiicerent
1574 2121 1714 2154 subito-

310 2173 380 2207 que
397 2168 671 2206 prosternerent.
719 2164 808 2196 Tum
825 2165 947 2208 ingens
971 2167 1139 2198 excitatus
1164 2171 1217 2198 est
1239 2167 1386 2205 clamor,
1409 2171 1444 2199 et
1462 2165 1568 2199 tubae
1586 2167 1716 2198 utri'rn-

311 2218 381 2253 que
409 2207 572 2239 bellicam
594 2208 770 2252 quandam
792 2210 991 2243 cantionem
1018 2211 1091 2243 sivc
1116 2211 1300 2243 classicum
1324 2211 1544 2247 accinebant.
1590 2212 1714 2244 Persae

309 2263 391 2286 vero
411 2253 584 2296 tympanis
612 2254 900 2297 perstrepebant,
927 2261 963 2287 et
993 2256 1152 2299 ingentes
1185 2257 1341 2288 ululatus
1367 2257 1511 2290 terroris
1537 2256 1715 2290 excitandi

310 2308 414 2331 causa
437 2297 611 2339 edebant3
642 2309 813 2342 equorum
840 2300 947 2332 etiam
971 2299 1151 2340 hinnitus,
1196 2307 1373 2334 scutorum
1397 2303 1486 2335 ictus
1520 2307 1556 2334 ct
1582 2302 1713 2335 lorica-

307 2353 386 2376 rum
408 2343 579 2375 fracturae
595 2344 847 2376 confusaneum
866 2345 1040 2388 quendam
1066 2351 1172 2390 atque
1194 2347 1380 2379 immanem
1407 2348 1561 2380 sonitum
1583 2347 1714 2380 misce-

306 2387 406 2423 bant.
443 2388 580 2420 Interea
604 2389 759 2420 Iustinus
786 2401 805 2421 e
828 2391 960 2434 templo
984 2397 1173 2431 revertens,
1198 2392 1284 2436 quid
1303 2393 1354 2424 rei
1375 2397 1552 2436 ageretur,
1573 2403 1615 2424 ex
1634 2397 1711 2424 tur-

307 2433 456 2466 bulento
487 2433 604 2465 sonitu
639 2434 860 2478 strepituque
890 2447 1121 2479 cognoscens,
1156 2447 1321 2469 converso
1343 2439 1459 2470 statim
1493 2437 1652 2482 equitatu
1676 2443 1713 2470 et

306 2478 346 2511 in
370 2477 530 2511 ordinem
553 2477 716 2517 reducto,
757 2480 854 2522 signa
883 2481 920 2511 in
945 2482 1053 2513 altum
1084 2483 1211 2514 tollere
1238 2483 1359 2522 iubet,
1391 2492 1582 2535 omnesque
1608 2483 1710 2525 operi

308 2527 350 2555 ut
368 2534 404 2556 se
433 2523 615 2567 accingant
637 2523 756 2562 iubet,
786 2524 834 2556 ita
858 2536 974 2557 secum
1009 2532 1222 2567 statuentes,
1252 2539 1324 2560 non
1347 2528 1481 2573 absque
1501 2526 1612 2559 divini
1638 2538 1708 2559 nu-

309 2568 414 2600 minis
440 2574 529 2601 nutu
554 2568 685 2599 sactum
714 2568 810 2613 quod
829 2569 960 2613 oppido
990 2572 1206 2611 exivissent3
1247 2572 1309 2605 sed
1338 2578 1379 2605 ut
1403 2573 1464 2605 ino
1491 2573 1588 2604 inata
1617 2571 1711 2604 irru-

310 2614 434 2656 ptione
466 2612 627 2646 hostibus
657 2618 787 2646 metum
813 2614 1022 2657 inficerent,
1047 2623 1082 2650 et
1105 2617 1149 2649 ab
1174 2617 1362 2651 obsidione
1390 2582 1623 2662 profiigarent,
1652 2617 1710 2649 Si-

310 2659 489 2702 mulatque
508 2669 589 2693 vcro
614 2659 794 2701 paululum
818 2664 989 2705 progressi
1011 2663 1128 2696 Persas
1152 2665 1189 2696 in
1218 2675 1355 2697 murum
1382 2664 1550 2707 impetum
1575 2662 1710 2696 facien-
