1832 3152
10 596 15 606 ⁴
0 280 26 565 mfflss’ffizms
10 241 16 250 ι
8 206 12 214 -
7 58 21 165 ·ι««»»«

619 81 1028 124 EPIGRAMMATA.

105 183 188 231 Qua
207 183 324 218 caleo:
349 183 412 218 sed
437 194 493 217 me
522 185 611 219 iuris
637 185 751 218 tutela
779 186 932 231 piusque

149 230 343 265 Dorcalide
366 242 387 264 a
408 236 533 264 tenera
562 236 635 264 tam
653 231 779 276 procul
804 238 902 267 arcet
922 233 1045 267 honos.

811 287 871 326 26,

105 343 188 379 Non
214 347 332 378 tantos
354 344 492 388 patitur
515 346 686 379 iuvenum
713 350 840 380 natura
869 346 1011 381 labores
1024 371 1035 388 ,

149 390 315 436 Quantos
340 390 504 424 imbelles
525 403 590 424 nos
614 392 791 425 muliebre
809 403 920 426 secus.

103 437 284 483 Aequales
308 436 382 469 illis
410 436 557 479 adsunt,
582 449 759 484 curaeque
789 439 930 473 dolores

149 482 334 527 Intrepida
361 484 466 516 sociis
493 483 651 528 pandere
679 494 767 518 voce
793 485 889 518 licet.

104 527 180 563 Nec
203 527 353 568 desunt,
378 535 535 563 mentem
565 541 656 576 quae
678 537 846 575 pascant,
868 532 1024 566 ludicra:
1049 534 1143 567 vicos

150 576 376 620 Perreptant;
400 577 558 611 animum
579 578 678 622 picta
706 577 843 611 tabella
862 579 970 625 capit.

104 621 220 655 Nobis
239 631 307 655 nec
330 621 382 654 fas
411 627 465 655 est
493 623 584 657 caeli
607 633 764 657 convexa
787 625 900 666 tueri,

150 667 307 702 Inclusas
332 669 426 702 curis
449 668 511 702 sed
541 669 669 703 domus
691 675 765 704 atra
792 671 925 717 coquit.

800 739 859 777 27.

105 791 294 827 Prudentis
322 794 450 828 scitum
477 799 549 836 est,
574 794 627 828 Ne
649 794 739 842 quid
767 795 885 835 nimis.
931 794 997 830 Ast
1023 806 1087 841 ego
1113 794 1227 829 fastus

153 839 366 882 Indueram,
394 841 496 886 quasi
521 841 595 882 sal,
619 846 682 875 aut
699 841 791 876 mihi
812 843 927 876 forma
948 843 1051 875 foret.

107 884 338 919 Credideram
360 888 484 929 unius,
509 899 627 934 neque
655 898 696 921 ea
722 893 777 922 est
799 890 878 922 sine
898 888 1043 929 fraude,
1068 889 1213 934 puellae

153 931 283 966 Totam
303 933 460 966 animam
487 934 526 967 in
555 933 722 968 manibus
753 946 892 980 semper
921 934 1054 968 habere
1075 935 1173 969 meis.

105 977 222 1020 Haec,
247 979 350 1026 quasi
385 981 573 1024 poeniteat
602 991 757 1021 morum,
781 982 951 1028 vitaeque
969 983 1118 1026 prioris,

152 1025 311 1060 Intumet
331 1026 426 1059 elato
451 1038 543 1060 vana
563 1027 771 1071 supercilio.

105 1070 164 1104 Sic
181 1073 283 1112 prius
307 1071 372 1105 ille
396 1073 520 1113 ferox,
546 1073 610 1106 ille
628 1083 770 1113 aereus,
795 1073 859 1106 ille
880 1083 944 1118 ego
974 1072 1076 1107 tarde

150 1117 326 1151 credulus
342 1143 352 1158 ,
377 1129 417 1151 ac
438 1123 588 1164 tangens
611 1124 726 1159 astra,
750 1124 899 1163 repente
923 1130 1000 1155 ruo.

103 1163 196 1198 Nam
216 1169 355 1198 vertere
381 1165 476 1198 vices
491 1190 500 1205 ,
526 1170 563 1198 et
580 1165 731 1210 supplex
751 1165 888 1199 clamo:
913 1164 1091 1199 Nocentes

148 1210 286 1245 Aetatis
312 1211 420 1252 vitio,
446 1222 554 1256 parce
574 1212 718 1256 puella,
751 1223 883 1245 sumus.

780 1269 839 1308 28.

105 1322 296 1368 Quodnam
320 1327 389 1360 iter
417 1327 559 1361 insistas
579 1326 618 1360 in
646 1323 856 1359 amoribus?
879 1336 960 1360 ecce
978 1330 1120 1371 petaces

150 1371 192 1404 In
215 1372 332 1405 triviis
361 1373 465 1406 luxus
489 1385 563 1407 non
585 1374 724 1419 patiere
743 1373 859 1419 lupae.

105 1415 170 1450 Sin
202 1422 240 1451 te
264 1419 363 1464 virgo
387 1420 499 1463 capit:
525 1419 583 1453 vel
604 1430 682 1452 eam
704 1419 775 1453 tibi
795 1418 932 1452 nubere
957 1420 1012 1453 ius
1039 1424 1111 1459 est,

149 1463 218 1497 Vel
239 1470 486 1509 corruptorum
510 1472 564 1500 est
585 1476 703 1510 poena
722 1465 870 1499 ferenda
889 1466 969 1499 tibi.

103 1508 240 1555 Nuptas
266 1511 460 1546 sollicitare
479 1512 525 1546 ad
550 1518 691 1557 stupra,
716 1513 818 1558 quis,
844 1512 940 1545 unde
965 1513 1128 1556 voluptas

150 1557 260 1590 Nulla
286 1564 361 1599 est,
387 1560 616 1604 quantumvis
639 1560 778 1603 cogitur
800 1559 900 1602 ipse,
925 1557 1072 1603 potest?

105 1603 148 1636 In
163 1609 297 1648 nuptae
316 1604 422 1638 furtis
445 1606 559 1638 multa
583 1606 680 1645 alea,
704 1605 840 1646 fructus
872 1606 999 1638 amoris

150 1649 299 1684 Nullus:
326 1652 366 1684 in
382 1651 439 1684 his
456 1654 560 1697 pueri
598 1658 653 1685 est
673 1652 788 1695 turpis
814 1650 1001 1684 habendus
1033 1662 1138 1685 amor.

106 1695 322 1742 Volgivagae
344 1698 475 1731 viduae
495 1699 626 1744 passim
653 1709 736 1731 suus
759 1702 857 1730 extat
881 1702 1036 1738 amator,

152 1742 300 1788 Quippe
324 1746 502 1785 animum,
527 1756 643 1779 mores
666 1750 701 1777 et
721 1743 917 1777 meretricis
939 1743 1062 1780 habet,

104 1787 242 1823 Castior
258 1788 338 1823 est?
359 1791 430 1824 tibi
451 1792 512 1823 vix
534 1791 765 1824 succumbere
789 1791 919 1836 vixque
944 1795 1065 1823 coacta

150 1835 236 1868 Mox
261 1837 422 1871 stimulos
450 1837 526 1870 odii
557 1837 715 1880 concipit
739 1847 844 1880 aegra
871 1837 964 1869 novi.

106 1881 252 1915 Factum
276 1881 370 1916 odit:
395 1884 482 1928 quia
506 1894 574 1916 nec
596 1883 707 1927 periit
728 1882 846 1926 pudor
873 1883 1006 1923 omnis,
1038 1884 1150 1917 amori

150 1928 262 1972 Aptas
285 1929 456 1963 solvendo
478 1930 658 1976 quaeritat
678 1939 792 1973 usque
813 1939 940 1963 moras.

106 1974 171 2007 Sin
190 1975 297 2020 magis
319 1976 470 2008 ancillae
493 1975 633 2018 cupidis
654 1974 878 2019 amplexibus
903 1974 1050 2009 haeres:

151 2020 233 2056 Sive
259 2026 323 2055 tua
346 2027 424 2063 est,
455 2022 610 2055 famulae
633 2032 753 2054 servus
780 2032 816 2054 es
849 2022 927 2065 ipse
958 2027 1050 2055 tuae.

107 2067 188 2100 Sive
217 2067 356 2109 aliena,
382 2073 504 2101 notam
526 2067 596 2101 tibi
617 2069 676 2101 lex
698 2072 820 2100 tamen
853 2068 1006 2112 irrogat,
1040 2071 1077 2101 iu
1103 2076 1137 2103 te

150 2114 326 2158 Mancipii
356 2113 454 2147 haud
473 2115 613 2159 proprii
639 2115 785 2147 nomine
816 2113 946 2158 probra
967 2114 1074 2148 ciens.

104 2159 168 2194 His
194 2171 232 2194 se
269 2161 449 2206 Diogenes
474 2160 622 2205 pulchre
648 2161 854 2194 extricavit:
881 2166 917 2193 et
933 2161 989 2194 illi

150 2206 291 2250 Pellex,
315 2207 452 2254 absque
479 2207 554 2240 uua
579 2206 709 2248 Laide,
732 2207 852 2252 palma
875 2207 955 2241 fuit.

767 2265 851 2300 102.

105 2322 274 2356 Dicturus
304 2322 396 2361 tibi,
419 2321 514 2361 vita,
553 2322 650 2361 vale,
676 2332 872 2367 vocemque
897 2324 1041 2356 citatam

153 2369 306 2402 Refreno
320 2393 329 2408 ‚
357 2379 476 2402 rursus
498 2368 733 2413 sustineoque
753 2368 908 2412 gradum.

109 2415 227 2459 thue
249 2415 337 2448 olim
360 2415 461 2457 niger
486 2414 549 2447 ille
571 2413 648 2447 dies
674 2413 885 2448 Acherontis
904 2416 1013 2448 amari

154 2460 214 2494 Sic
235 2459 326 2494 mihi
345 2459 490 2493 discidii
507 2471 610 2493 causa
632 2459 792 2493 timenda
820 2462 876 2494 tui
901 2466 963 2494 est.

107 2506 236 2540 Vultus
263 2507 359 2540 enim
375 2511 458 2539 tuus
484 2511 538 2540 est
554 2507 616 2539 lux
651 2506 775 2541 altera⁴
822 2507 900 2540 Lux
915 2512 1034 2540 tamen
1059 2506 1156 2540 omni

153 2553 250 2587 Voce
275 2558 380 2587 caret.
406 2558 541 2593 contra,
565 2557 604 2586 tu
627 2551 714 2586 mihi
733 2552 840 2586 verba
865 2554 975 2587 refers

107 2598 236 2639 Dulcia
258 2600 425 2633 Sirenum
445 2599 563 2632 verbis
589 2600 721 2644 magis,
748 2610 768 2633 e
793 2599 926 2645 quibus
952 2599 1069 2633 omnis

151 2645 311 2686 Pendula
335 2656 415 2691 spes
438 2647 578 2680 animae
604 2650 746 2690 statque
771 2645 939 2692 caditque
961 2655 1074 2687 meae„

1422 58 1533 136 395
