1794 3112
592 135 964 180 1115T0R1Anm1
1015 138 1068 176 11.
1098 139 1136 180 3.
1520 107 1595 182 69

159 260 288 300 μαχοι
309 238 415 286 εἶναι
424 274 436 294 ,
462 235 608 295 ἣκιστα
627 241 818 294 ἒπεξῆγον
847 237 892 281 τὸ
916 236 1164 294 στράτευμα,
1186 232 1278 277 τότε
1306 230 1356 288 δὴ
1385 230 1422 274 οἶ
1449 230 1591 285 Φράγ-
1601 233 1693 315 iA.IC.
1719 234 1783 268 553

99 302 102 303 ⁷
146 300 224 366 ’γοι
251 307 429 351 διελύετο
458 308 536 359 μὲν
557 305 742 360 αὖτοῖςῆ
770 304 1007 360 παράταξις,
1036 299 1137 344 κατὰ
1168 301 1281 357 σφᾶς
1310 300 1356 341 δὲ
1388 295 1594 351 γινόμενοι
1620 307 1627 314 ·
1662 306 1668 314 ·
1696 291 1737 327 ²7

160 376 232 416 καί
250 372 588 428 γνωματεύοντες,
618 371 876 424 διεγίνωσκον
895 367 1057 411 ὁπόσων
1073 367 1295 420 ἐτύγχανον
1317 362 1596 423 ἀφῃρημένοι.

158 441 256 495 πρίν
279 454 326 493 γε
357 436 406 493 δὴ
430 431 504 479 οὖν
541 437 612 478 καί
644 436 779 491 ἕτερόν
809 452 851 477 τι
871 437 1046 487 παθεῖν,
1073 431 1205 474 ἐδόκει
1234 426 1373 478 αὐτοῖς
1408 429 1453 469 ἐν
1479 427 1594 483 καλῷ

133 503 354 557 wewam,
382 502 464 557 εἴγε
499 501 558 551 ώς
578 501 752 556 τάχιστα
786 502 831 542 ἐκ
860 500 1005 542 Φάνου
1038 499 1111 554 τῆς
1138 496 1295 545 πόλεως
1332 491 1594 544 ἀναστάντες,

159 569 262 613 ἴοιεν
288 567 371 611 α’νὰ
395 566 446 611 τὰ
474 568 632 624 πρόσω.
661 566 733 608 καί
757 566 894 608 τοίνυν
927 562 1078 607 αὐτίκα
1109 563 1320 618 ἐχώρουν,
1348 560 1522 615 ἀφέντες
1548 558 1596 598 δὲ

161 637 209 678 ἓν
233 636 348 692 δεξιᾷ
367 632 437 676 τὸν
470 631 613 676 Ἰόνιον
641 631 789 675 κόλπον
812 631 884 673 καί
901 628 1068 672 ἅπασαν
1095 627 1172 683 τὴν
1192 625 1415 683 παράκτιόν
1445 639 1494 697 τεΙ
1525 621 1599 664 καί

158 698 404 755 ψαμαθώδη
424 700 616 755 πορείαν,
645 694 726 740 <ivd
747 695 844 746 τοὺς
874 694 1087 752 πρόποδας
1106 693 1181 735 τοῦ
1213 688 1458 734 Ἀπινναίου
1474 683 1594 742 ὄρους

161 764 460 822 ἐπορεύθησαν.
491 761 595 806 οὕτω
619 778 663 805 τε
687 760 763 805 ἰθὺ
792 761 1017 814 Αἰμιλείας
1030 757 1102 800 καί
1129 755 1430 803 Ἀλπισκοτίας
1452 751 1595 794 ἐλθόν-

111 844 250 883 ιοτες,
276 829 395 883 μόλις
415 826 484 871 τὸν
505 830 657 872 Πάδον
690 828 962 883 ἐπεραιοῦντο.
991 822 1287 878 καταλαβόντες
1317 822 1364 862 δὲ
1390 818 1591 861 Βενετίαν

157 894 231 950 τὴν
251 894 410 950 χώραν,
439 895 482 946 ἐς
503 896 662 936 Κένετα
683 892 757 948 τὴν
778 891 896 934 πόλιν
929 890 1125 946 κατήκοον
1154 884 1282 930 οὖσαν
1310 887 1430 943 σφῶν
1464 885 1509 925 ἐν
1538 883 1596 939 τῷ

157 958 242 1002 τότε
264 960 501 1014 ηὕλιζοντο,
547 959 677 1000 αὐτοῦ
711 973 756 1000 τε
777 954 964 999 τολοιπὸν
987 958 1033 998 ἐν
1071 957 1127 1012 τῷ
1151 950 1339 1009 ἀσφαλεῖ
1366 950 1623 1001 διαιτώμε-Β

159 1041 236 1079 νοι,
263 1020 474 1080 ἤσχαλλον
507 1040 552 1079 γε
575 1020 685 1077 ὅμως
716 1022 789 1065 καί
818 1022 1106 1078 ἐδυσφόρουν,
1142 1018 1216 1062 καὶ
1245 1017 1350 1062 πολύ
1371 1033 1413 1059 τι
1434 1014 1597 1070 ὖπῆρχε

160 1091 363 1146 διαφανὲς
372 1091 443 1146 τῆς
463 1091 626 1145 γνώμης
647 1088 696 1132 τὸ
717 1085 960 1142 ἀνιώμενον.
990 1087 1121 1130 αἴτιον
1150 1087 1198 1128 ’δὲ
1218 1080 1285 1141 ἦν,
1314 1080 1373 1126 ὅτι
1385 1080 1435 1138 δὴ
1457 1076 1595 1131 αὗτοῖς

113 1155 362 1210 ιόἐλάχιστα
380 1156 426 1196 ἐκ
436 1157 507 1209 τῆς
528 1156 640 1204 λείας
661 1153 855 1207 ἐλείπετο,
883 1152 956 1195 καί
978 1150 1111 1195 ἐδόκει
1134 1146 1303 1206 ἄκαρπα
1325 1147 1397 1190 καί
1419 1147 1596 1202 ἀνόνητα

160 1221 510 1276 διαπεπονηκέναι.
534 1216 685 1261 ἆλλόὗ
707 1220 836 1276 μέχρι
857 1221 979 1262 τοῦδε
1000 1217 1125 1272 μόνον
1147 1217 1288 1266 αὐτοῖς
1310 1213 1363 1258 τοὶ
1387 1215 1469 1257 τῶν
1492 1216 1596 1255 δυσ-·

161 1284 412 1341 τυχημάτων
442 1286 606 1341 ἐχώρει.
637 1286 756 1343 ὀλίγῳ
792 1283 871 1341 γὰρ
896 1282 1067 1341 ὕστερον
1078 1282 1151 1325 καὶ
1168 1280 1286 1331 νόσος
1307 1297 1370 1331 τις
1390 1279 1595 1334 λοιμώδης

160 1349 332 1407 ἔφθειρε
351 1349 403 1392 τὰ
427 1351 566 1405 πλήθη
580 1351 826 1400 ἐξαπιναίως
851 1351 1162 1392 ἐπεισπεσοῦσα.
1189 1346 1265 1390 καί
1294 1346 1331 1388 οἱ
1354 1348 1434 1399 μ’ὲν
1457 1344 1594 1387 αὐτῶν

159 1413 375 1472 μοχθηρὸν
405 1415 702 1465 ἀποκαλοῦντες
725 1414 797 1457 τὸν
832 1414 1113 1471 περικεᾴιενον
1150 1412 1296 1469 σφίσιν
1329 1407 1432 1467 ἆέρα
1465 1409 1595 1452 αἴτιον

109 1481 320 1528 ῃοέκείνου
348 1483 422 1523 τοῦ
450 1479 613 1530 πάθους
637 1482 879 1536 γεγενῆσθαι
900 1480 1081 1535 ἡγοῦντο.
1107 1479 1143 1521 οἱ
1173 1481 1219 1520 δὲ
1239 1475 1305 1519 ὅτι
1327 1480 1529 1529 πολέμους
1549 1491 1593 1518 τε

160 1544 342 1601 συχνοὺς
381 1544 454 1587 καί
484 1545 719 1601 ὁδοιπορίας
749 1544 912 1602 μακρὰς
944 1545 1241 1598 διανύσαντες,
1281 1539 1438 1598 άθρόον
1473 1543 1516 1592 ἐς
1551 1538 1597 1583 τὸ

251 1615 284 1648 3.
310 1612 465 1647 ὁπόσων
487 1615 542 1655 R„
566 1613 692 1646 ὁπόσα
714 1614 806 1658 vulg.
901 1614 932 1647 8.
957 1611 1179 1647 Ἀπινναίου
1204 1613 1257 1654 Β.,
1279 1610 1477 1645 ῗΛπιναίου
1501 1610 1594 1655 vulg.

248 1658 444 1705 9.”Λλπεις
464 1662 625 1696 Κοττίας
637 1660 747 1704 Lugd.
761 1671 827 1705 mg.
860 1659 992 1692 Verum
1010 1659 1213 1704 Alpiscott'a
1226 1657 1395 1702 Agathiae
1406 1657 1596 1702 singularis

248 1717 420 1739 numerus
445 1711 509 1740 est.
562 1718 573 1739 1
586 1718 612 1740 ι.
626 1708 768 1739 Κένετα
781 1708 831 1747 R„
853 1702 1020 1739 Κενεστὰ
1041 1706 1146 1750 vulg.‚
1162 1706 1272 1748 Intpr.
1290 1703 1476 1738 Cenedam.
1527 1713 1594 1735 κα-

249 1751 389 1793 τήκοον
415 1748 535 1786 οὖσαν
560 1753 611 1793 R„
629 1754 722 1798 vulg.
748 1749 868 1786 οὖσαν
895 1758 977 1796 post
1000 1751 1082 1785 τότε
1099 1752 1239 1796 legitur.
1338 1753 1387 1784 13.
1410 1748 1596 1794 ἤσχαλλόν

250 1800 335 1832 τεΒ.
374 1799 545 1842 15.Intpr.
570 1807 677 1832 tanta
701 1811 746 1833 ex
767 1797 921 1844 ρωπίας
946 1799 969 1832 f.
982 1798 1141 1842 legebat:
1168 1798 1208 1830 ἐκ
1219 1795 1409 1838 τοσαύτης.
1471 1806 1599 1840 ι9.πε-

253 1846 470 1891 ρικείμενον
481 1847 532 1886 R„
551 1847 660 1891 Intpr.
681 1846 991 1880 circumiectorum
1007 1846 1183 1886 locorum,
1208 1845 1489 1890 παρακείμενον
1501 1844 1595 1889 vulg.

253 1903 308 1926 ρο.
335 1892 480 1926 ἐκείνου
495 1893 552 1932 R„
580 1892 727 1925 ἐκεῖνον
749 1892 841 1936 vulg.

142 1947 270 1980 ·tendo
300 1948 438 1992 proelio
469 1953 655 1981 censentes
690 1949 810 1992 copias
850 1960 1079 1994 nequaquam
1110 1948 1326 1988 educerent,
1360 1952 1436 1981 tum
1464 1948 1594 1982 Franci
1643 1965 1646 1969 ·

160 1994 276 2026 soluta
303 1995 380 2027 acie
402 1994 442 2026 in
461 1999 574 2026 eastra
601 1995 732 2027 reversi
749 2002 992 2039 cognoverunt
1021 2000 1191 2042 quantam
1216 1996 1389 2028 iacturam
1411 1995 1591 2028 fecissent.

159 2039 338 2084 Quocirca
365 2041 574 2085 priusquam
603 2041 742 2085 gravius
776 2042 926 2087 aliquod
951 2042 1122 2075 damnum
1143 2042 1369 2084 acciperent,
1400 2042 1517 2075 visum
1538 2045 1593 2074 est

160 2086 212 2118 eis
233 2086 446 2127 consultum,
467 2087 498 2119 si
525 2098 632 2131 quam
649 2087 821 2120 citissime
843 2089 950 2121 motis
972 2099 991 2120 a
1011 2089 1109 2122 Fano
1135 2087 1224 2120 urbe
1245 2089 1367 2121 castris
1394 2088 1489 2120 ultra
1507 2098 1592 2131 pro-

160 2132 400 2176 grederentur·
451 2133 579 2166 Statim
611 2134 735 2178 itaque
764 2140 1036 2178 processerunt,
1077 2134 1203 2167 relicto
1227 2135 1272 2167 ad
1302 2134 1463 2166 dextram
1485 2133 1591 2167 Ionio

161 2178 243 2210 sinu
266 2183 302 2211 et
322 2179 472 2211 littorali
491 2179 656 2212 universa
672 2191 894 2226 arenosaque
919 2182 990 2222 via,
1020 2181 1066 2214 ad
1087 2180 1224 2213 radices
1247 2181 1429 2224 Apennini
1458 2180 1591 2213 montis

161 2223 231 2256 iter
259 2223 437 2267 feceruut5
462 2231 571 2271 atqua
595 2226 646 2258 ita
687 2232 784 2260 recta
804 2227 994 2260 Aemiliam
1012 2233 1049 2260 et
1067 2228 1173 2270 Alpes
1194 2227 1331 2260 cottias
1355 2237 1476 2259 versus
1497 2237 1588 2259 eun-

161 2274 237 2309 tes,
262 2281 364 2315 aegre
403 2271 535 2304 Padum
558 2273 785 2307 traiecerunt.
836 2274 924 2307 Cum
947 2285 1031 2307 vero
1059 2274 1097 2306 in
1127 2273 1303 2306 ditionem
1326 2273 1503 2306 Venetam
1526 2283 1589 2305 ve-

161 2316 323 2357 nissent,
361 2317 407 2350 ad
426 2317 597 2351 Cenetam
618 2319 744 2352 urbem
769 2331 833 2364 per
848 2320 886 2352 id
907 2326 1046 2364 tempus
1078 2320 1163 2364 ipsis
1190 2319 1373 2352 subditam
1397 2320 1590 2352 stationem

159 2361 383 2404 habuerunt,
426 2364 479 2396 ibi
511 2365 680 2409 deinceps
723 2366 760 2398 in
796 2371 875 2400 tuto
916 2367 1177 2399 commoraturi.
1237 2365 1421 2398 Dolebant
1468 2370 1590 2398 tamen

158 2408 384 2453 molesteque
412 2409 592 2452 serebant,
623 2417 660 2444 et
680 2423 854 2445 summum
886 2413 1067 2457 quendam
1091 2423 1290 2446 moerorem
1314 2423 1399 2456 prae
1431 2423 1468 2444 se
1490 2412 1589 2444 fere-

158 2453 272 2495 bant,
297 2455 395 2500 quod
427 2456 512 2499 ipsis
532 2467 703 2503 perquam
736 2459 902 2504 exiguum
928 2470 947 2492 e
970 2459 1103 2503 praeda
1132 2464 1226 2492 esset
1258 2458 1454 2503 reliquum,
1486 2457 1588 2490 vide-

157 2500 364 2546 banturque
388 2501 458 2534 sibi
479 2503 597 2537 irritos
616 2504 837 2550 inutilesque
856 2506 997 2538 labores
1014 2507 1184 2550 perpessi.
1235 2504 1306 2537 Sed
1334 2517 1407 2537 non
1436 2502 1491 2535 his
1515 2508 1589 2536 ter-

158 2547 265 2579 minis
288 2548 445 2591 ipsorum
462 2549 641 2583 calamitas
663 2551 734 2584 fuit
758 2552 1032 2596 circumscripta.
1083 2553 1191 2585 Paulo
1224 2551 1321 2584 enim
1344 2554 1444 2593 post,
1471 2549 1587 2592 pesti-

157 2593 237 2626 lens
265 2593 414 2638 quidam
448 2595 592 2628 morbus
630 2602 778 2641 repente
816 2598 978 2631 incidens
1019 2597 1294 2631 multitudinem
1324 2596 1520 2636 absumsit3
1549 2600 1588 2629 et:

158 2640 325 2672 nonnulli
345 2640 492 2684 quidem
513 2641 658 2676 illorum
682 2643 874 2678 ambientis
896 2644 988 2677 aeris
1003 2646 1219 2688 pravitatem
1246 2642 1477 2682 incusabant,
1501 2652 1587 2674 eau-

161 2694 235 2719 sam
255 2685 371 2718 morbi
393 2686 424 2719 ei
445 2685 706 2722 adscribentes:
732 2690 794 2723 alii
813 2702 896 2724 vero
912 2716 920 2731 ‚
949 2691 1047 2735 quod
1068 2689 1247 2723 coutinuis
1270 2688 1375 2721 bellis
1405 2693 1442 2721 et
1469 2688 1587 2732 longis

159 2729 350 2767 itineribus
376 2733 527 2776 peractis
558 2740 706 2778 repente
727 2736 772 2769 ad
805 2738 955 2774 otiosam
975 2738 1192 2783 mollemque
1221 2735 1331 2769 vitam
1359 2739 1476 2768 essent
1512 2739 1587 2769 tra·-
