1722 3146
255 151 346 192 v111
602 119 605 121 ⁵
785 147 1092 189 PRAEFATm.

256 262 328 284 non
346 251 487 287 omnino
512 247 715 291 illepidum,
745 253 826 282 ante
851 251 980 283 multos
1017 261 1145 291 annos,
1178 260 1292 283 rerum
1327 250 1645 295 cognoscendarum

257 328 370 356 causa,
394 325 543 360 eumque
562 315 729 348 memoria
747 320 908 359 repetens
936 315 1024 350 mihi
1042 315 1295 359 persuadebam
1311 317 1374 350 illa
1397 307 1547 358 ratione,
1576 330 1649 351 non

258 383 369 416 excoli
395 382 536 426 quidem
569 386 676 426 atque
698 382 826 421 ornari,
853 388 1092 415 verumtamen
1117 385 1167 419 ita
1195 385 1321 428 corrigi
1339 395 1441 429 posse
1466 391 1516 425 ut,
1538 386 1649 430 spinis

258 455 364 495 atque
389 449 546 485 sentibus
566 448 704 489 evulsis,
727 449 811 481 satis
830 448 1013 492 expeditus
1032 450 1202 484 evaderet.
1249 452 1333 484 Erat
1346 458 1462 485 autem
1482 452 1551 486 iam
1575 457 1650 485 tum

256 515 343 548 mihi
373 517 529 560 cognitus
561 519 667 559 atque
693 514 793 547 valde
825 525 922 547 carus
947 515 1101 549 Ioannes
1127 517 1340 557 classenm,
1365 517 1651 562 Hamburgensis,

258 583 320 627 qui
348 580 604 621 HERMANNI,
635 581 702 614 viri
723 582 869 621 summi,
906 580 1092 624 disciplina
1112 583 1312 623 institutus,
1335 582 1405 615 huc
1432 590 1588 624 venerat,
1611 589 1652 616 ut

258 659 322 680 nos
340 658 494 693 quoque,
513 647 575 692 qui
599 646 637 685 in
660 645 726 680 hac
745 647 938 684 litterarum
958 648 1185 685 universitate
1203 648 1407 693 disciplinas
1422 649 1650 695 philologicas

258 714 492 758 explicamus,
517 713 666 748 audiret.
723 714 825 750 Hunc
848 725 910 758 ego
938 714 1100 746 iuvenem
1131 715 1330 759 egregium,
1363 727 1468 761 quem
1487 728 1582 750 nunc
1614 718 1653 751 in

257 781 487 816 contubernio
512 786 618 826 atque
635 780 824 815 domestica
848 791 926 814 mea
957 781 1196 817 familiaritate
1225 783 1343 816 vivere
1373 781 1527 828 gaudeo,
1549 793 1651 828 roga-

256 848 357 889 bam,
382 853 422 880 ut
438 847 622 892 Agathiam
640 853 774 884 attente
793 848 1010 893 perlegeret,
1043 859 1202 893 quaeque
1217 849 1284 892 ipsi
1307 849 1346 883 in
1370 854 1524 883 mentem
1549 850 1652 883 veni-

258 919 337 948 rent
356 919 558 948 annotaret:
582 914 670 947 mihi
691 917 785 949 enini
803 927 891 959 opus
909 915 1060 959 aggredi,
1086 921 1231 960 propter
1249 915 1469 960 negotiorum
1483 916 1651 962 frequen-

256 983 341 1014 tiam
354 986 459 1026 utque
471 981 648 1014 adversam
667 993 736 1027 qua
751 987 834 1015 tunc
854 981 1039 1025 premebar
1054 982 1306 1022 valetudinem,
1321 981 1479 1016 nondum
1495 981 1653 1020 vacabat.

257 1050 358 1082 Fecit
385 1050 414 1082 is
439 1049 534 1093 quod
557 1049 740 1093 cupiebam
763 1050 839 1082 sine
859 1059 954 1081 mora
976 1059 1016 1082 ac
1033 1049 1135 1082 valde
1158 1049 1301 1082 sedulo:
1341 1050 1487 1093 eiusque
1513 1048 1651 1082 schedis

257 1116 407 1160 acceptis
431 1116 506 1160 ipse
531 1115 711 1160 Agathiam
732 1120 892 1149 accurate
918 1115 1148 1148 evolvendum
1171 1116 1321 1159 sumpsi:
1354 1115 1528 1160 plurima,
1559 1126 1651 1160 quae

259 1181 503 1216 emendatione
522 1183 700 1227 persanari
716 1187 872 1226 possent,
895 1194 915 1215 a
933 1182 1096 1216 Classeno
1112 1184 1180 1215 rite
1198 1186 1382 1226 perspecta
1399 1181 1650 1216 animadverti:
1683 1168 1685 1171 .

258 1249 428 1295 quaedam
461 1249 672 1293 improbavit
693 1260 766 1282 non
787 1260 898 1294 pauca
924 1260 1013 1294 quae
1031 1249 1093 1282 ille
1124 1260 1197 1282 non
1217 1250 1390 1293 attigisset
1410 1250 1543 1282 correxi
1563 1251 1649 1294 ipse.

257 1315 338 1360 Qua
358 1316 415 1349 via
432 1317 618 1360 ingressus,
640 1316 817 1359 prioribus
827 1316 928 1348 libris
946 1316 1134 1359 diligenter
1159 1316 1323 1355 excussis,
1349 1326 1458 1360 quum
1473 1326 1531 1349 eos
1548 1318 1651 1360 peius

256 1382 361 1427 longe
377 1394 482 1428 quam
496 1387 600 1415 antea
627 1384 855 1427 cogitaveram
878 1393 915 1415 se
940 1380 1072 1415 habere
1107 1382 1361 1426 perspicerem,
1395 1393 1512 1427 neque
1538 1383 1650 1415 ullum

256 1459 300 1482 ex
323 1449 423 1482 libris
448 1449 642 1483 subsidium
663 1448 783 1482 aderat
802 1454 993 1493 praeterea
1012 1458 1114 1494 quae,
1140 1459 1245 1481 suasu
1265 1459 1361 1488 meo,
1386 1459 1406 1481 e
1427 1448 1535 1481 Suida
1562 1461 1647 1483 con-

255 1520 406 1558 gesserat
427 1516 635 1556 Classenus,
667 1516 864 1548 versionem
894 1515 1062 1547 Personae
1084 1525 1254 1560 quaerere
1274 1515 1399 1559 coepi,
1423 1519 1512 1559 quae
1538 1517 1649 1550 instar

254 1580 385 1614 codicis
408 1587 508 1615 esset.
556 1583 639 1615 Eam
661 1582 750 1615 mihi
769 1593 811 1614 ex
828 1581 1047 1614 bibliotheca
1071 1582 1242 1625 gymnasii
1269 1580 1488 1614 Coloniensis
1516 1593 1646 1627 suppe-

253 1646 379 1681 ditavit
404 1647 601 1680 humanitas
629 1649 859 1679 eruditissimi
887 1647 1123 1680 Birnbaumii:
1155 1653 1261 1692 atque
1289 1645 1356 1679 hoc
1378 1652 1520 1692 accepto
1552 1649 1645 1683 libro

250 1726 381 1748 novum
411 1715 531 1746 lumen
555 1723 683 1756 operae
712 1717 853 1746 nostrae
886 1712 1026 1744 affulsit.
1079 1713 1156 1744 Etsi
1178 1713 1272 1745 enim
1295 1711 1401 1746 homo
1430 1725 1503 1747 non
1530 1717 1646 1750 minus

252 1780 399 1814 stolidus
423 1791 527 1826 quam
556 1780 718 1813 indoctus
734 1780 785 1812 ita
802 1779 909 1812 vertit
938 1783 978 1811 ut
1006 1778 1166 1821 plurimis
1187 1779 1414 1824 singularum
1439 1782 1645 1826 paginarum

249 1848 337 1880 locis
360 1849 492 1880 insulse
515 1847 722 1881 delirantem
743 1846 865 1880 audire
885 1844 1053 1878 videarist
1073 1864 1114 1870 —
1143 1845 1275 1891 quippe
1291 1846 1354 1891 qui
1374 1846 1418 1879 de
1435 1859 1550 1889 sensu,
1573 1861 1646 1883 non

250 1913 363 1947 dicam
374 1914 552 1959 probabili
573 1915 635 1948 sed
649 1915 733 1954 ullo,
757 1914 901 1946 minime
921 1912 1092 1945 sollicitus
1120 1917 1230 1945 esset:
1247 1930 1284 1938 —
1305 1912 1433 1947 habuit
1447 1918 1563 1948 tamen
1582 1916 1644 1950 ille

250 1987 331 2014 ante
362 1983 480 2014 oculos
510 1982 666 2015 codicem
693 1982 798 2025 plane
820 1980 1012 2024 egregium,
1035 1979 1134 2012 cuius
1155 1979 1262 2012 verba
1284 1980 1418 2024 singula
1448 1983 1643 2026 exprimere

248 2059 352 2092 saepe
366 2049 524 2083 tentavit.
548 2050 670 2095 Itaque
688 2049 819 2080 multae
841 2046 1116 2086 emendationes,
1135 2058 1242 2091 quum
1263 2047 1420 2081 Classeni
1437 2053 1516 2081 tum
1531 2060 1642 2089 meae,

247 2115 310 2147 illo
340 2120 480 2148 auctore
511 2116 753 2159 comprobatae
773 2120 878 2149 sunt:
919 2113 957 2146 id
974 2124 1056 2146 vero
1081 2113 1239 2157 inprimis
1260 2118 1392 2158 gratum
1413 2120 1506 2156 erat,
1533 2116 1640 2162 quod,

248 2193 336 2227 quae
359 2183 396 2215 in
417 2182 582 2215 Vulcanii
604 2183 724 2216 codice
747 2182 963 2221 exciderunt,
986 2179 1051 2213 ubi
1077 2185 1137 2212 aut
1157 2179 1264 2215 verba
1290 2186 1352 2214 aut
1375 2181 1523 2216 incisum
1543 2184 1639 2217 inte—

247 2259 345 2292 grum
364 2249 484 2283 deesse
498 2250 662 2291 videram,
684 2252 736 2283 ita
752 2250 845 2294 apud
856 2250 1038 2282 Personam
1059 2247 1223 2280 translata
1237 2247 1459 2281 inveniebam
1472 2274 1482 2290 ,
1504 2255 1546 2283 ut
1556 2262 1638 2284 sen-

246 2327 321 2348 sum
339 2317 413 2349 sine
435 2317 506 2350 ulla
524 2317 746 2350 dubitatione
769 2322 935 2355 tenerem,
957 2315 1065 2348 verba
1086 2325 1163 2347 cum
1189 2313 1312 2359 aliqua
1333 2315 1455 2348 saltem
1467 2317 1640 2361 probabi-

244 2382 345 2415 litate
367 2395 485 2427 graece
506 2385 691 2417 restituere
711 2394 858 2428 posscm.
885 2383 1023 2427 Quibus
1047 2381 1212 2414 subsidiis
1231 2382 1259 2414 si
1279 2387 1464 2416 contentus
1481 2384 1636 2425 fuissem,

246 2453 281 2480 et
311 2450 402 2482 liber
428 2452 496 2483 iam
526 2450 583 2484 edi
607 2456 745 2495 poterat
777 2451 956 2494 aliquanto
989 2449 1228 2487 emendatius,
1261 2453 1297 2480 et
1323 2450 1530 2482 nonnullam
1550 2451 1636 2484 inde

244 2515 389 2550 fortasse
415 2517 636 2550 abstulissem
653 2518 832 2551 doctrinae
852 2524 957 2563 atque
979 2517 1147 2549 acuminis
1168 2514 1320 2551 laudem,
1366 2515 1495 2550 Verum
1518 2517 1632 2550 enim·-

243 2591 323 2615 vero
348 2594 455 2627 quum
481 2595 524 2616 ex
542 2584 746 2619 Leunclavii
773 2586 994 2630 praefatione
1023 2583 1068 2616 ad
1095 2582 1289 2616 editionem
1314 2583 1485 2617 versionis
1507 2584 1630 2618 Perso-

243 2659 308 2682 nae
327 2650 558 2685 Basilecnsem
580 2654 833 2698 perspexissem
862 2663 968 2698 quam
985 2652 1089 2696 longe
1110 2649 1220 2686 codex
1242 2647 1502 2694 Rehdigeranus
1525 2661 1629 2696 prae·-
