1794 3112
248 135 317 187 62
513 152 784 194 AGATnmE
861 151 1226 194 111s‘romARUM
1266 155 1297 192 1.
1337 158 1404 198 22.

46 257 140 291 A.C.
164 258 233 293 552
247 266 323 305 ρει.
377 249 512 302 οἱμὲν
540 246 612 292 οὖν
645 248 815 292 ἱππόται
847 254 926 293 τῶν
971 254 1191 307 βαρβάρων
1227 250 1536 303 ξυναισθόμενοι
1578 249 1654 292 rofi·

102 304 174 381 LVI·
187 306 238 381 ἐξ
248 313 502 369 περιστάντος
523 315 736 366 κινδύνου,
763 315 834 354 καί
851 317 1025 368 τάχιστα
1045 314 1310 372 ἐκδραμόντες
1340 312 1416 357 ἄνα
1443 313 1518 369 τὴν
1547 310 1650 368 ’ὅλην

149 372 157 381 ’
183 393 216 426 1)
244 373 367 427 αὖθις
386 377 457 418 καί
487 376 533 419 τὸ
561 379 678 432 σφῶν
715 378 1006 433 στρατόπεδον,
1029 374 1199 432 ἄσμενοι
1227 376 1496 429 ἆπεσιόζοντο.
1549 377 1585 419 οἱ
1605 379 1652 419 δὲ

236 440 353 491 πεζοί
373 440 595 483 ἐκτείνοντο
617 438 795 492 ἀκλεῶς,
821 443 926 495 μηδὲ
955 448 1077 497 χεῖρα
1105 446 1233 485 κινεῖν
1254 441 1500 491 ὑποστάντες
1508 475 1521 494 ,
1546 438 1648 482 ἀλλὰ

244 507 303 562 τῷ
329 503 542 561 παραλόγῳ
566 506 638 559 τῆς
670 507 894 558 μεταβολῆς
922 507 1158 560 τεθηπότες,
1187 505 1260 547 καί
1281 503 1365 548 οἷον
1395 505 1679 560 παράφρονες5

235 570 500 624 γεγενημένοι.
541 566 715 617 ἅπαντες
741 572 952 624 τοιγαροῦν
987 568 1136 611 ἔκειντο
1165 568 1400 625 σποράδην,
1436 567 1570 624 ὥσπερ
1605 565 1654 609 ἆ.-

235 636 352 687 μὲλει
374 633 460 674 ὖῶν
496 629 524 687 ἢ
549 632 762 689 προβάτων
787 633 912 687 ἆγε-’λη
938 631 1174 688 οἰκτρότατα
1203 633 1526 688 διαφθαρέντων.
1565 631 1657 672 ἐπεὶ

237 699 284 738 δὲ
303 698 447 738 ἐκεῖνοι
467 694 663 753 ἅνῂρηντο
688 696 725 738 οἱ
750 690 907 752 ἄριστοι
929 691 1073 752 ἄνδρες
1085 730 1098 749 ,
1122 695 1285 745 πλείους
1313 690 1422 745 ὄντες
1443 691 1471 750 ἢ
1492 694 1654 738 ἐννακό-

237 777 333 813 σιοι,
351 757 499 802 αὐτίκα
519 761 557 801 οἱ
575 755 691 801 ἄλλοι
709 755 951 815 ἀπεχώρουν
970 760 1042 801 καί
1059 759 1361 813 μετανίσταντο,
1381 761 1452 800 καί
1470 757 1540 800 ἐπὶ
1561 757 1655 806 τούς

236 827 460 882 σφετέρους
479 823 679 878 ἡγεμόνας
698 823 924 879 ἐπανῄεσαν
937 858 949 877 ‚
970 822 1026 873 ὥς
1045 821 1180 866 οὖκέτι
1204 819 1345 872 αὗτοῖς
1372 824 1417 864 ἐν
1437 823 1492 879 τῷ
1515 822 1704 877 sicquae-10

236 894 305 930 λεῖ
329 888 518 941 ἐσόμενον
551 889 624 930 τοῦ
657 889 799 929 λοιποῦ
824 886 1006 942 πλήθους
1033 885 1344 943 ἀποκεκρίσθαι.
1398 887 1569 942 Ναρσῆς
1603 886 1651 926 δὲ

232 948 356 1001 αὖθις
388 954 430 1001 ἐς
459 949 679 1005 Ῥάβενναν
708 946 972 1007 ἀφικόμενος,
1009 953 1080 993 καί
1111 949 1266 993 ἅπαντα
1298 949 1347 992 τὰ
1375 952 1469 1006 τῇδε
1504 945 1653 1004 ἄριστα

233 1017 416 1069 διαθείς,
439 1013 519 1057 ἀνὰ
537 1014 610 1070 τὴν
633 1016 794 1070 Ῥώμην
815 1017 962 1071 ἐχώρει
999 1016 1071 1058 καὶ
1099 1016 1229 1057 αὐτοῦ
1251 1013 1520 1068 διεχεᾴιαζεν.

323 1095 354 1127 8.
382 1092 574 1127 ἐνακόσιοι
597 1094 633 1126 R.
711 1104 760 1128 ιι.
783 1092 848 1126 τοῦ
879 1093 1019 1127 λοιποῦ
1042 1092 1213 1135 πλήθους
1235 1093 1298 1132 Β.,
1328 1092 1396 1126 τοῦ
1418 1089 1553 1124 λοιποῦ
1582 1090 1652 1124 τοῦ·

322 1138 495 1181 πλήθους
519 1139 608 1185 vulg.

237 1210 326 1243 rime
343 1207 388 1240 ad
413 1207 540 1240 silvam
560 1207 788 1253 reliquasque
810 1207 927 1250 copias
957 1206 1195 1251 refugientes,
1243 1205 1393 1238 salutem
1425 1204 1494 1238 sibi
1513 1209 1654 1238 strenua

237 1255 319 1298 fuga
341 1254 589 1299 quaesierunt:
615 1252 754 1296 pedites
775 1262 858 1285 vero
880 1253 1032 1294 turpiter
1053 1252 1158 1291 caesi,
1183 1261 1261 1283 cum
1281 1262 1327 1283 ne
1346 1261 1487 1282 manum
1508 1250 1654 1295 quidem

234 1299 362 1331 tuendi
391 1299 446 1331 sui
479 1310 580 1331 causa
599 1302 802 1337 moverent,
846 1298 1032 1340 inopinata
1077 1296 1321 1329 vicissitudine
1357 1296 1573 1328 consternati
1618 1300 1655 1328 et

236 1344 500 1389 quodammodo
530 1348 650 1377 mente
680 1343 782 1386 capti.
840 1343 971 1375 Omnes
1001 1344 1122 1387 itaque
1144 1342 1292 1384 sparsim
1322 1341 1503 1380 iacebant,
1540 1341 1655 1372 veluti

237 1401 340 1422 suum
360 1390 436 1422 fere
457 1394 518 1422 aut
537 1391 655 1421 ovium
678 1399 798 1433 greges
818 1387 1059 1420 miserandum
1090 1389 1129 1419 in
1145 1387 1289 1419 modum
1307 1386 1483 1418 trucidati.
1532 1386 1654 1419 Caesis

237 1436 360 1480 itaque
381 1434 437 1467 his
459 1435 662 1467 fortissimis
682 1434 767 1465 viris
780 1457 790 1473 ,
815 1443 919 1475 supra
945 1436 1143 1476 nongentos
1157 1457 1166 1472 ,
1192 1432 1323 1476 reliqui
1342 1431 1527 1464 confestim
1546 1431 1654 1474 tergis

236 1482 346 1513 versis
376 1479 421 1512 ad
451 1491 531 1512 suos
560 1490 636 1512 sese
668 1478 774 1511 duces
811 1483 1045 1521 reccperunt3
1078 1483 1119 1510 ut
1139 1489 1212 1511 non
1244 1478 1343 1521 prius
1370 1477 1408 1509 iu
1428 1481 1505 1508 tuto
1522 1476 1654 1516 futuri,

236 1535 345 1570 quam
365 1535 401 1557 se
422 1526 559 1571 reliquo
582 1524 754 1558 exercitui
777 1524 1062 1556 coniunxissent.
1108 1522 1233 1556 Narses
1266 1532 1349 1555 vero
1370 1523 1567 1555 Ravennam
1594 1532 1655 1554 re-

237 1580 378 1610 versus,
403 1570 579 1616 rebusque
609 1569 774 1602 omuibus
797 1579 839 1602 eo
861 1569 931 1604 loci
962 1569 1158 1604 rectissime
1179 1569 1404 1611 constitutis,
1441 1568 1585 1602 Romam
1615 1577 1653 1600 se

239 1616 393 1655 contulit
416 1616 541 1664 ibique
561 1615 776 1651 hibernavit,
