1794 3112
273 145 431 182 XXXVI
760 151 762 153 “
800 142 844 182 Β.
886 142 1133 183 VULCANII

273 242 326 279 tis
355 247 446 294 post
479 240 689 280 mensibus
717 239 930 292 Agathiam
968 242 1052 279 MS.
1092 256 1114 279 a
1146 239 1462 279 bibliothecario
1505 240 1697 279 domum.

273 319 443 344 reverso
468 306 692 358 diligenter
720 305 951 356 quaesitum
984 319 1247 357 nequaquam
1277 318 1536 356 comparere3
1564 302 1678 355 quod

274 369 445 420 quidem
463 375 504 407 et
527 383 592 408 me
617 376 657 407 et
677 369 770 408 illos
789 369 962 420 pessime
987 368 1154 407 habuit:
1184 382 1270 419 me,
1299 368 1352 407 ob
1378 382 1532 406 moram
1551 381 1676 419 quam

274 433 445 470 editioni
485 446 585 471 vana
622 447 712 471 mea
743 447 813 485 spe
847 432 1041 470 iniectam
1074 432 1285 482 videbam3
1329 431 1456 476 illos,
1493 431 1606 482 quod
1631 431 1675 468 in

273 495 524 534 bibliotheca
555 510 627 534 sua
650 510 774 547 quem
801 496 1020 548 sperabant
1045 496 1282 534 thesaurum
1307 509 1390 532 non
1413 493 1676 546 reperissent.

271 559 359 611 Ego
387 560 540 611 itaque,
571 573 622 597 ne
661 560 764 597 mihi
801 559 887 611 ipse
922 559 1110 610 longiore
1146 573 1258 597 mora
1292 559 1526 606 efficerem,
1569 569 1676 594 neve

270 623 399 675 (quod
436 623 477 661 in
503 623 652 676 Cyrilli
679 622 952 662 Alexandrini
995 622 1110 662 libris
1146 622 1196 661 de
1231 622 1471 661 adoratione
1519 621 1563 658 in
1593 618 1677 671 spi-v

268 687 355 726 ritu
379 692 420 725 et
444 687 641 736 veritate,
671 692 712 724 et
739 686 780 724 in
811 686 1003 724 Concilio
1022 685 1234 738 Ephesino
1256 698 1403 738 graeco
1421 711 1432 733 ‚
1468 684 1549 722 iam
1567 682 1677 721 acci.-

270 750 355 799 dit,
388 756 430 788 et
449 764 595 789 vereor
620 765 672 789 ne
698 750 820 788 etiam
843 750 882 787 in
907 750 1089 788 Nicaeno
1126 763 1272 802 graeco
1302 749 1484 797 accidat)
1505 748 1556 786 ab
1583 746 1676 785 aliis

267 814 558 866 praevenirer,
587 813 775 866 mihique
796 820 836 851 et
857 813 974 851 labor
999 813 1132 851 omnis
1159 827 1296 861 meus,
1341 818 1382 851 et
1410 811 1542 850 honos
1577 809 1676 862 qui-

269 891 437 930 cunque
463 891 515 916 ex
542 877 620 916 hac
638 891 763 916 arena
790 876 941 916 laboris
970 877 1094 929 plena
1118 875 1346 929 exspectari
1363 881 1512 928 potest,
1541 873 1676 913 veluti

270 956 292 980 e
315 941 501 980 manibus
523 941 778 994 eriperetur:
809 941 1039 979 editionem
1070 940 1224 979 diutius
1252 940 1546 988 differendam,
1575 938 1676 976 dum

269 999 522 1056 ἀντίγραφον
549 1004 719 1056 aliquod
748 1004 986 1052 offerretur,
1016 1018 1098 1042 non
1131 1005 1300 1054 censui,
1331 1003 1550 1056 praecipue
1577 1014 1674 1040 cum

268 1068 392 1119 plane
424 1065 501 1106 σὺν
538 1065 674 1120 ἀγαθῇ
696 1064 799 1121 τύχῃ
834 1067 1055 1106 affulsisset
1084 1067 1282 1120 Agathiae
1313 1067 1468 1120 pariter
1499 1072 1541 1105 et
1567 1065 1674 1103 mihi

268 1131 639 1183 auspicatissimum
664 1131 770 1170 illud
797 1132 950 1169 Iulium
973 1131 1109 1176 sidus;
1140 1145 1336 1183 magnus,
1367 1132 1558 1183 inquam,
1598 1129 1673 1167 ille

268 1195 470 1247 Iosephus
492 1195 701 1248 Scaliger,
731 1195 899 1233 maximi
918 1196 997 1236 Iul.
1028 1196 1210 1235 Caesaris
1232 1196 1278 1237 F.
1300 1196 1374 1247 qui
1392 1195 1494 1233 mihi
1509 1193 1673 1241 merito,

269 1259 431 1310 quoties
452 1259 605 1311 aliquis
640 1259 790 1311 dignus
815 1259 980 1298 vindice
1015 1260 1150 1298 nodus
1174 1260 1376 1308 occurrit,
1406 1259 1486 1297 fuit
1510 1255 1674 1310 ἀκριβε-

268 1318 420 1360 στάτου
441 1317 695 1374 ἀντιγράφου
720 1320 844 1374 δίκην.
878 1322 1010 1361 Cuius
1028 1323 1199 1374 quidem
1213 1323 1487 1375 optatissimus
1503 1322 1544 1360 in
1564 1321 1674 1358 hanc

266 1386 533 1425 Academiam
568 1386 768 1424 adventus
800 1386 960 1424 utinam
1001 1386 1173 1426 latinam
1191 1386 1390 1438 Agathiae
1411 1386 1495 1424 mei
1524 1383 1674 1424 editio-

269 1463 364 1488 nem
391 1449 696 1488 antevertisset!
726 1449 959 1488 Plurimum
975 1449 1086 1487 enim
1114 1450 1229 1488 illius
1247 1447 1675 1501 literatorumprinci-

261 1502 328 1564 ⁴pis
357 1512 516 1551 iudicio
538 1512 580 1549 in
611 1512 715 1550 locis
744 1513 962 1551 nonnullis
979 1514 1029 1551 de
1059 1513 1210 1566 quibus
1229 1513 1486 1564 ambigebam
1507 1511 1674 1551 tribuis-

264 1589 362 1621 sem;
388 1575 456 1614 cui
469 1574 681 1614 universus
708 1576 924 1615 doctorum
941 1576 1306 1614 consessuslibens
1319 1575 1506 1628 assurgit,
1523 1575 1672 1613 fasces-

263 1653 346 1691 que
363 1638 578 1678 submittit.
612 1639 832 1691 Superest,
873 1639 1049 1677 candide
1083 1639 1236 1687 lector,
1267 1644 1313 1676 ut
1352 1650 1673 1690 operammeam

264 1715 388 1754 quam
414 1701 559 1754 optimi
591 1701 716 1740 huius
741 1701 925 1740 authoris
947 1701 1122 1740 editioni
1156 1701 1575 1754 interpretationique
1599 1701 1677 1754 im-v

263 1765 406 1818 pendi,
427 1765 754 1813 boniconsulas3
783 1771 824 1803 et
846 1779 939 1803 curn
975 1765 1120 1818 apibus
1142 1765 1279 1818 potius
1299 1764 1334 1804 si
1357 1765 1460 1818 quid
1484 1765 1527 1802 in
1552 1778 1598 1803 ea
1620 1764 1674 1804 sit

262 1829 366 1868 boni
399 1829 616 1882 decerpas,
647 1843 771 1881 quam
799 1843 894 1867 cum
922 1830 1081 1868 araneis
1111 1829 1144 1868 si
1181 1829 1282 1881 quid
1314 1829 1454 1868 vitiosi
1484 1842 1671 1882 exsugas.

267 1893 544 1932 Accesserant
566 1893 775 1931 coronidis
808 1892 898 1932 vice
924 1891 1122 1945 Agathiae
1157 1893 1449 1945 epigrammata
1495 1887 1667 1944 ἐρωτικά

265 1956 318 1994 ab
358 1956 512 1995 illustri
540 1957 630 1997 viro
654 1955 832 2009 Iosepho
859 1956 1070 2008 Scaligero
1094 1956 1223 1995 latine
1253 1969 1394 2006 versa,
1431 1969 1569 2009 neque
1599 1969 1670 1992 an-

263 2019 383 2059 tehac
410 2025 516 2067 (uno
557 2026 678 2072 atque
717 2021 847 2059 altero
880 2023 1070 2073 excepto)
1105 2021 1212 2073 typis
1243 2020 1378 2070 edita,
1418 2035 1525 2073 quae
1555 2025 1668 2060 certe

262 2083 473 2122 iuventuti
503 2083 713 2137 φιλέλληνι
750 2083 875 2123 veluti
901 2097 1036 2122 canon
1061 2084 1232 2136 quidam
1260 2089 1385 2137 atque
1408 2098 1553 2123 norma
1573 2097 1669 2123 ver-

261 2147 379 2186 tendi
409 2147 537 2186 latina
568 2143 619 2187 de
644 2148 799 2200 graecis
819 2161 906 2187 esse
928 2153 1120 2200 possunt,
1360 2196 1363 2199 Ι

421 2210 608 2263 Μορφῆς
631 2209 686 2257 ὥς
710 2208 905 2257 πλάσταις
931 2209 1099 2250 κυάνεον
1119 2211 1344 2265 βλέφαρον.
1409 2255 1412 2260 ,

367 2274 434 2312 Τιι
459 2275 582 2313 etiam
614 2275 692 2324 his,
718 2275 827 2314 bone
851 2275 997 2325 lector,
1024 2282 1141 2315 utere
1167 2282 1208 2315 et
1232 2277 1388 2326 fruere,
1417 2281 1463 2314 ut
1487 2281 1528 2314 et
1557 2289 1667 2314 non-

262 2339 391 2378 nullis
429 2339 617 2378 eiusdem
661 2339 859 2392 Agathiae
913 2339 1274 2392 epigrammatibus
1319 2354 1426 2392 quae
1479 2339 1666 2380 nobiliss,

261 2403 595 2456 clarissimusque
647 2404 711 2443 vir
754 2405 873 2442 Imus
913 2404 1055 2442 DousA
1101 2404 1303 2442 Dominus
1343 2417 1365 2441 a
1400 2402 1664 2457 Noortwyck,

259 2472 470 2517 musageta
498 2472 651 2517 noster,
694 2468 845 2517 vertit,
875 2467 1027 2519 quibus
1058 2472 1099 2505 te
1130 2467 1323 2506 fraudare
1352 2467 1494 2517 nolui,
1523 2472 1566 2504 ut
1587 2479 1666 2506 nec

262 2531 447 2570 nobiliss.
493 2531 856 2583 doctissimumque
887 2532 1023 2570 virum
1052 2530 1319 2575 Theodorum
1352 2533 1576 2570 Canterum
1613 2544 1663 2570 eo

262 2596 421 2634 honore
437 2625 447 2644 ‚
477 2596 591 2648 quod
618 2596 669 2635 de
694 2595 794 2634 locis
817 2595 1015 2647 Agathiae
1044 2595 1284 2644 nonnullis,
1314 2609 1489 2648 quorum
1514 2594 1656 2633 lectio-

262 2673 358 2699 nem
387 2660 428 2698 in
451 2660 579 2699 Suida
608 2661 763 2700 variare
792 2666 1050 2712 compererat
1073 2673 1138 2699 me
1175 2673 1250 2713 per
1279 2659 1419 2698 literas
1441 2657 1663 2708 monuerit,
