1794 3112
549 127 927 176 Hls'romAmm
960 121 1118 181 '11.19.
1236 122 1241 123 ’
1320 164 1323 165 ⁷
1499 110 1601 167 105

180 217 195 231 V

155 240 464 295 ἀγωνισάμενοι.
494 233 663 278 ἔσταλτο
697 236 744 276 δὲ
769 236 843 276 καί
863 234 1094 283 Ἰουστῖιός
1117 232 1138 276 ὃ
1162 234 1204 276 Γ
1200 233 1385 289 ερμανοῧ
1396 266 1409 288 ,
1436 231 1595 284 νεάζων
1607 239 1702 277 A.C.
1727 241 1794 285 554

150 307 231 359 μὲν
252 302 314 346 ἔτι
334 302 490 357 κομιδῇ
499 335 512 354 ,
541 298 594 342 τοὶ
623 301 668 342 δὲ
691 299 869 352 πολέμια
891 295 971 355 ἤδη
994 301 1332 352 πεπαιδευμένος.
1622 289 1745 324 1·¹·23

265 368 334 410 ιθ’.
377 363 630 422 Μερμερόης
644 367 702 417 δὲ,
727 365 748 408 ὃ
773 367 855 406 τῶν
876 367 1060 421 Περσῶν
1082 363 1317 421 στρατηγὸς,
1339 363 1481 421 ἐπειδη
1497 362 1601 421 πρό-

154 449 273 490 τερον
293 429 586 488 Ἀρχαιοπόλει
607 447 650 473 τε
677 430 740 480 δίς
763 429 1009 487 προσβαλών
1043 430 1344 485 ἀπεκέκρουστο
1359 464 1371 483 ,
1403 433 1476 471 καί
1495 425 1602 472 ἄλλα

127 494 260 542 Ξᾶττα
281 498 521 553 ἐπεπράχει,
545 495 572 538 ἃ
610 495 660 551 δή
694 495 819 550 ἔγωγε
858 497 1047 551 παρίημι,
1076 493 1371 552 (ἀποχρώντως
1402 494 1480 551 γάρ
1516 511 1596 536 που

155 563 387 622 Προκοπίῳ
423 565 480 620 τῷ
518 561 665 619 ῥήτορι
691 560 743 603 τὰ
779 564 908 617 μέχρι
936 562 1066 603 ταῖνδε
1111 561 1456 618 ἅναγέ)’ραπται,)
1505 560 1601 601 τότε

151 627 202 686 δή
231 626 359 678 αὖθις
390 629 577 685 (ἐνθένδε
609 626 686 684 γάρ
710 644 785 681 μοι
815 628 1032 685 ἀρχομένῳ
1059 624 1110 668 τὰ
1141 626 1292 682 ἐφεξῆς
1330 625 1599 683 ἅρμοστέον,)

149 695 302 752 ἀφῖκτο
338 697 417 748 μὲν
454 695 497 743 ἐς
526 693 813 749 Μουχει’ρισι’ν
850 709 896 734 τε
932 695 1005 734 καί
1029 692 1236 735 Κοτάϊσιν
1283 690 1330 732 τὸ
1381 690 1602 748 φρούριον,

150 761 348 816 ἐβούλετο
379 761 425 802 δὲ
443 758 520 816 τήν
540 761 583 809 ἐς
611 758 794 817 Τήλεφιν
815 757 1060 815 δυσχωρίαν
1082 755 1470 814 παραμειψάμενος,
1500 757 1599 799 εἴσω

105 829 232 878 χοτοῦ
259 825 446 876 Φάσιδος
479 828 679 881 γενέσθαι
707 827 924 878 ποταμοῦ,
962 826 1036 866 καί
1075 826 1135 882 τῷ
1161 821 1460 881 ἀπροσδοκήτῳ
1497 821 1596 872 τούς

145 892 393 946 *Ρωμαίους
419 890 635 946 ἐκπλήξας,
665 888 736 931 διοὶ
761 890 909 946 πείρας
935 891 1086 945 ἐλθεῖν,
1116 890 1160 931 εἴ
1185 906 1274 938 πως
1293 886 1346 930 ἂν
1377 887 1469 930 ἔνια
1491 891 1632 942 7ὀῦνο

149 961 236 1000 τῶν
247 960 343 1015 τῇδε
362 957 634 1011 πολισμάτων
649 955 1009 1013 παραστήσασθαι
1034 957 1247 1012 δυνηθείη.
1271 957 1406 998 ταῦτα
1426 957 1472 998 δὲ
1491 952 1608 1014 αὖτῷ

151 1022 351 1081 πράττειν
382 1025 428 1066 ἐκ
455 1025 532 1066 τοῦ
554 1024 774 1079 ἐμφανοῦς
814 1025 1082 1080 πορευομένῳ
1111 1024 1184 1065 καί
1218 1021 1378 1065 ἐπιόντι
1405 1022 1606 1078 ἀμήχανα
1662 1033 1670 1043 “

148 1080 220 1146 ἦν.
274 1092 496 1146 Μαρτῖνος
517 1087 598 1145 γάρ
623 1088 647 1130 ὅ
673 1086 906 1145 στρατηγὸς
932 1085 1022 1141 ἅμα
1051 1090 1103 1144 τῇ
1134 1090 1241 1146 ἄμφ’
1269 1087 1398 1131 αὐτὸν
1427 1090 1607 1146 στρατιᾷ

104 1157 200 1210 ,5ἒς
229 1153 306 1212 τήν
333 1153 516 1213 Τήλεφιν
545 1154 782 1211 ἱδρυμένος,
824 1153 1055 1212 (φρούριον
1093 1156 1140 1197 δὲ
1171 1158 1296 1196 τοῦτο
1328 1153 1531 1211 καρτερόν
1560 1171 1606 1196 τε

149 1224 223 1264 καί
245 1221 549 1279 ἐχυρώτατον,)
571 1220 845 1278 διεφύλαττεν
867 1223 1173 1275 ἐπιμελέστατα
1189 1220 1264 1271 τοὶς
1284 1219 1484 1271 εἰσόδους.
1516 1219 1607 1263 ἔστι

151 1290 199 1332 δὲ
227 1288 301 1330 καί
328 1283 467 1337 ἄλλως
492 1285 540 1330 τό
559 1287 718 1343 χωριόν
750 1285 961 1342 δυ’σβατόν
990 1303 1034 1329 τε
1062 1288 1135 1329 καί
1158 1285 1405 1344 οἷπρόσοδον.
1438 1285 1607 1344 φάραγ-

145 1357 215 1409 γές
239 1370 284 1396 τε
303 1352 384 1411 γοὶρ
408 1356 481 1396 καί
505 1355 664 1408 πέτραι
686 1349 977 1409 ἆπερῥωγυῖαι
1013 1355 1086 1395 καί
1112 1356 1155 1402 ἐς
1187 1353 1370 1409 ἀλλήλας
1401 1352 1608 1395 ἐπικλινό-

145 1435 270 1473 μεναι
305 1419 564 1474 στενωτάτην
594 1418 762 1472 ἆτεχναῗ
765 1435 784 1467 ς
807 1417 882 1474 τήν
906 1419 1182 1474 ὑποκειμένην
1197 1417 1388 1475 ἀτραπὸν
1413 1421 1607 1462 ἐκτελοῦ-

96 1501 235 1533 αοσιν.
263 1479 445 1527 ἄλλοθεν
467 1485 513 1526 δὲ
539 1480 614 1525 οὔκ
644 1483 761 1525 ἔστιν
788 1482 947 1542 ὁτῳοῦν
975 1486 1196 1540 εἰσιτητέα.
1223 1482 1276 1526 τὰ
1310 1483 1388 1542 γὰρ
1417 1484 1640 1540 ἐχόμεναΙ)

148 1550 272 1593 πεδία
300 1551 458 1605 ἰλυώδη
483 1551 531 1605 γέ
556 1552 638 1592 εἶσι
668 1551 811 1599 δειναῖς
843 1552 916 1592 καί
947 1550 1215 1606 τελματώδη,
1256 1551 1411 1605 λόχμαι
1435 1568 1480 1593 τε
1525 1553 1603 1593 δα-

144 1622 258 1660 σεῖαι
285 1618 359 1658 καί
396 1618 555 1670 δρυμοί
591 1613 839 1671 ἀνέχουσιν,
881 1616 938 1666 ὥς
964 1619 1036 1658 καί
1067 1614 1131 1659 ἔνι’
1164 1616 1310 1672 ἀνδρί,
1354 1617 1428 1660 καί
1461 1618 1597 1675 τούτῳ

242 1702 271 1724 ι.
297 1687 337 1723 δὲ
361 1691 424 1722 καὶ
451 1691 504 1731 R.,
531 1688 575 1723 δέ
602 1699 640 1723 τε
664 1691 728 1723 καὶ
751 1690 846 1734 vulg.
1046 1688 1079 1733 4.
1107 1688 1376 1736 Ἀρχαιοπόλει
1405 1692 1442 1724 R.
1470 1691 1599 1737 Lugd.‚

233 1735 483 1782 Ἀρχαιπόλει
510 1736 590 1770 edd.
686 1737 717 1771 5.
743 1734 815 1780 ἐγώ
842 1737 881 1769 R.
975 1745 1054 1770 που
1087 1737 1168 1770 add.
1195 1748 1240 1771 ex
1264 1737 1302 1770 R.
1408 1739 1441 1772 8.
1471 1739 1601 1772 cotae-

238 1785 332 1817 oium
358 1784 485 1818 Kutais
511 1789 576 1824 est,
604 1784 788 1816 Imiretiae
806 1781 982 1828 oppidum
1001 1783 1152 1829 regium.
1277 1785 1327 1818 18.
1351 1781 1428 1830 γάρ
1454 1797 1523 1818 om.
1553 1787 1590 1818 R.

239 1842 295 1865 22.
326 1829 466 1876 δρυμοὶ
491 1832 553 1872 R.,
583 1827 710 1876 δρυμὰ
736 1830 829 1875 vulg.

138 1898 287 1934 modum
299 1899 446 1946 quidem
459 1900 523 1933 ille
538 1894 821 1940 adhuc'iuvenis,
833 1898 896 1933 sed
916 1899 988 1932 iam
1002 1903 1078 1932 tum
1089 1898 1302 1934 bellicarum
1315 1911 1431 1934 rerum
1444 1900 1597 1944 peritus.

235 1958 286 1992 ¹9·
333 1946 551 1981 Mei-meroes
576 1952 696 1980 autem
728 1947 912 1980 Persarum
938 1946 1012 1980 dux
1034 1958 1114 1979 cum
1140 1953 1246 1980 antea
1273 1947 1328 1980 bis
1355 1948 1393 1980 in
1418 1946 1599 1980 Archaco-
1644 1968 1647 1973 -

138 1993 253 2037 polim
277 1994 452 2038 impetum
476 1995 640 2034 fecisset,
669 1993 833 2038 repulsus
865 1999 919 2027 est
967 1994 1113 2038 aliaque
1147 1995 1324 2027 nonnulla
1349 1995 1477 2039 gessit,
1504 2004 1599 2039 quae

141 2040 289 2084 quidem
313 2045 500 2085 praetereo
516 2054 526 2074 ε
560 2039 856 2086 quandoquidem
885 2041 1076 2085 Procopius
1103 2040 1238 2074 Rhetor
1266 2040 1411 2073 abunde
1437 2039 1530 2073 haec
1553 2052 1597 2074 eo

140 2097 254 2131 usque
280 2088 504 2132 conscripsit.
535 2087 639 2120 Tunc
665 2088 789 2133 itaque
816 2099 935 2120 rursus
961 2086 1057 2132 (nam
1073 2087 1158 2120 hinc
1189 2086 1347 2120 ordienti
1372 2087 1475 2128 mihi,
1503 2098 1596 2132 quae

140 2138 350 2178 sequuntur,
374 2140 460 2168 sunt
484 2134 700 2180 coaptanda)
727 2133 772 2166 ad
797 2134 1024 2167 Muchirisim
1052 2139 1090 2166 et
1116 2134 1322 2167 cotaesium
1343 2145 1597 2180 propugnacu-

140 2178 216 2211 lum
239 2181 423 2224 pervenit,
459 2193 501 2215 eo
535 2181 700 2222 consilio,
734 2185 776 2213 ut
809 2180 1018 2214 difficultate
1043 2180 1216 2221 locorum,
1251 2191 1344 2225 quae
1381 2187 1465 2214 sunt
1501 2182 1596 2214 circa

142 2225 348 2270 Telephim,
371 2234 647 2273 praetergressa,
671 2226 914 2260 adPhasidem
931 2227 1079 2259 fluvium
1092 2228 1326 2272 pertingeret,
1355 2228 1593 2273 Romanisque

141 2271 330 2316 inopinato
358 2275 472 2319 ipsius
498 2273 654 2308 adventu
678 2274 877 2319 perculsis,
901 2278 1071 2315 tentaret,
1100 2274 1130 2306 si
1191 2285 1235 2307 ua
1269 2274 1411 2307 ratione
1446 2275 1594 2308 castella

144 2317 285 2363 aliquot
309 2319 348 2353 in
371 2327 588 2365 potestatem
614 2333 713 2354 suam
737 2320 899 2366 redigere
924 2326 1062 2364 posset:
1089 2285 1186 2366 quod
1205 2319 1351 2365 quidem
1376 2321 1447 2366 ipsi
1469 2326 1592 2365 aperte

140 2369 312 2409 rectaque
343 2366 401 2399 via
438 2368 650 2413 procedenti
684 2373 794 2412 atque
836 2367 990 2400 irruenti
1030 2365 1278 2399 difficillimum
1316 2367 1413 2400 factu
1452 2368 1589 2401 fuisset.

139 2410 318 2444 Martinus
353 2413 447 2446 enim
487 2414 689 2459 praefectus
728 2425 809 2447 cum
844 2414 918 2446 suis
958 2414 1070 2458 copiis
1109 2413 1291 2458 Telephin
1314 2414 1496 2454 insidens,
1523 2414 1593 2459 (cst

139 2461 262 2489 autem
290 2457 359 2490 hoc
381 2459 543 2493 validum
566 2462 921 2506 munitissimumque
947 2461 1290 2505 propugnaculum‚)
1316 2461 1594 2506 diligentissime

142 2503 262 2536 aditus
289 2504 483 2539 tuebatur:
508 2513 545 2540 et
571 2513 625 2540 est
652 2508 789 2552 alioqui
819 2507 918 2540 locus
945 2509 1022 2552 ipse
1051 2518 1193 2540 accessu
1220 2506 1463 2540 difficillimus.
1500 2507 1593 2540 Nam

141 2553 180 2583 et
202 2550 414 2594 praecipitia
440 2557 476 2585 et
511 2559 725 2599 praeruptae
754 2558 878 2598 petrae
906 2555 943 2587 in
977 2566 1015 2588 se
1038 2558 1164 2587 mutuo
1201 2558 1384 2598 vergentrs
1410 2554 1590 2597 angustis-

141 2597 268 2629 simam
290 2597 399 2641 plane
426 2598 623 2632 subiectam
648 2602 682 2633 ei
720 2602 812 2634 viam
851 2600 1033 2642 efficiunt,
1071 2611 1191 2645 neque
1220 2601 1291 2632 alia
1319 2601 1394 2632 ulla
1420 2611 1463 2632 ex
1487 2605 1589 2643 parte

141 2643 307 2688 cuiquam
333 2643 451 2678 aditus
479 2650 591 2690 patet.
639 2646 868 2681 circumiecti
896 2648 992 2680 enim
1017 2648 1133 2691 campi
1159 2651 1244 2679 sunt
1273 2644 1504 2679 vehementer
1520 2658 1589 2691 pa·—

139 2687 270 2723 lustres
295 2694 332 2723 et
356 2691 496 2732 limosi,
522 2692 654 2737 quibus
682 2691 786 2726 densi
809 2694 919 2728 saltus
947 2700 983 2729 et
1009 2703 1159 2727 nemora
1187 2692 1400 2732 imminent,
1429 2691 1521 2726 adeo
1545 2697 1587 2725 ut

139 2734 200 2769 vel
231 2737 296 2771 uni
329 2737 442 2773 alicui
474 2739 583 2785 eique
616 2738 785 2784 expedito
820 2739 974 2775 difficilis
1006 2741 1053 2774 sit
1087 2739 1282 2773 transitus:
1317 2741 1457 2773 tautum
1482 2738 1584 2774 abest
