1832 3152
306 107 410 160 332·
852 123 1123 166 AGATfflAE

112 226 149 258 A.
174 226 209 259 C.
226 228 292 263 558
302 221 402 276 ἔγνω
419 222 495 276 γάρ
522 223 676 276 χρῆναι
697 223 850 274 μᾶλλον
874 221 1013 277 ἁπάσῃ
1035 224 1199 278 μηχανῇ
1221 226 1516 279 ’ξυγκρούεσθαι
1545 221 1589 264 τὸ
1612 220 1716 276 βάρ-

158 273 181 305 I·
207 273 290 313 1¹3²
302 290 430 342 βαρον
470 286 538 340 ἐφ’
566 282 690 326 ἑαυτὸ
718 285 789 326 καί
815 288 1156 337 ἐκπολεμοῢσθαι.
1195 288 1250 336 ὥς
1277 283 1329 329 ἂν
1369 290 1415 330 δὲ
1445 289 1566 329 τοῦτο
1601 301 1709 338 συμ-

306 350 416 404 βαίη,
446 346 621 402 αὖτίκα,
649 351 726 397 ἓως
753 348 791 390 οἱ
818 346 931 405 ἆμφί
956 349 1172 403 Ζαβεργὰν
1198 352 1514 407 μαλθακώτερον
1541 346 1710 405 ἐπορεύ-

304 429 417 465 οντο,
458 412 620 454 ἔστελλε
653 413 824 467 γράμμα
861 412 973 467 παρὰ
1001 412 1231 466 4Σάνδιλχον
1267 413 1334 456 τὸν
1368 417 1506 470 ἕτερον
1533 412 1711 469 ἧγεμόνα

303 475 521 522 ἔνσπονδόν
556 478 601 518 τέ
650 476 687 517 οἱ
725 471 824 518 ὄντα
858 476 928 517 καί
964 476 1243 531 μισθοφόρον.
1295 478 1442 531 ἐδήλου
1485 479 1532 519 δὲ
1567 475 1736 520 τοιάδεὸ

303 535 406 582 ἄττα
434 539 480 581 τὸ
510 540 694 595 γράμμα·
720 542 807 594 ,,Εἰ
830 543 906 592 μὲν
933 536 1201 591 ἐπιστάμενος
1227 538 1279 580 τὰ
1308 539 1420 594 παρὰ
1447 542 1530 583 τῶν
1558 543 1713 594 Κοτρι-

301 605 463 661 γούρων
498 605 692 659 ἔφ’ἧμᾶς
728 605 1035 658 μεμελετημένα
1070 601 1158 644 εἶτα
1184 601 1287 644 ἑκών
1315 600 1503 658 ἧρεμεῖς,
1542 602 1714 656 θαυμά-

299 685 420 722 σαιμι
446 664 498 711 ἂν
527 667 693 716 εἰκότως
719 671 796 709 σοῦ’
818 670 898 720 μὲν
924 669 997 722 τῆς
1025 667 1226 718 ἀπιστίας,
1254 665 1371 721 ἡμῶν
1399 669 1444 709 δὲ
1471 664 1607 716 adrev
1634 668 1711 710 rof:

264 731 362 787 (ἓμή
391 735 464 787 τῆς
502 734 576 786 σῆς
602 730 764 786 γνώμης
803 728 1014 786 ὀρθότατα
1051 730 1326 783 ἐστοχάσθαι,
1365 726 1469 772 ἇλλοὶ
1505 729 1602 786 περὶ
1625 729 1712 785 ,τήν

297 796 432 852 κρίσιν
459 798 715 850 διαμαρτεῖν·
742 796 781 836 εἰ
807 796 852 835 δὲ
880 789 993 835 οῧπω
1011 793 1275 848 μεμαθηκώς,
1305 797 1581 848 συγγνωστέον
1607 795 1686 847 μὲν
1699 808 1768 846 ,ιο

297 859 499 917 ἐπιδείξῃς
535 862 580 902 δὲ
617 856 667 902 ἄν
695 856 767 900 οῦκ
803 855 936 908 ἄλλως
963 857 1038 912 τήν
1065 859 1135 900 ἐπὶ
1159 861 1234 899 τοῦ
1264 859 1501 913 φθάσαντος
1528 853 1712 912 ἄγνοιαν,

296 922 326 979 ἢ
352 924 462 982 μόνῳ
500 927 557 982 τῷ
582 923 641 978 μή
668 923 770 976 μετὰ
804 925 937 978 ταῦτα
962 924 1174 976 μελλῆσαι.
1215 921 1513 978 παραγεγόνασι
1538 920 1616 977 γάρ
1645 923 1712 964 ε’ν-
1753 977 1756 978 ⁷

297 990 426 1042 θάδε,
457 990 506 1030 οὕ
533 991 652 1030 τοῦτο
679 991 803 1042 μέλον
829 985 967 1036 αὐτοῖς
994 989 1065 1028 καί
1090 988 1440 1041 ἐσπουδασμένον,
1483 982 1548 1028 ὅτι
1571 984 1628 1040 μή
1657 985 1714 1034 ὥς

299 1054 400 1095 ὁδοῦ
426 1053 648 1108 πάρεργον,
687 1051 733 1093 τὸ
763 1053 847 1094 δεῖν
883 1051 1149 1105 λυμήνασθαι
1174 1050 1224 1090 τοὶ
1254 1050 1434 1104 ἡμέτερα
1443 1083 1457 1102 ,
1501 1046 1606 1091 ἀλλὰ
1635 1047 1705 1090 διὰ

297 1121 377 1159 τῶν
403 1116 533 1170 ἔργων
558 1115 819 1170 δηλώσοντες,
849 1111 913 1157 ὅτι
934 1114 983 1169 δή
1011 1113 1106 1162 τούς
1129 1112 1319 1165 μείζονάς
1347 1128 1390 1154 τε
1418 1113 1490 1155 καὶ
1514 1111 1758 1168 ἆρίστουςιό

297 1183 493 1236 παρέντες
536 1180 850 1235 ἐξηπατήμεθα,
894 1178 940 1221 τὸ
979 1181 1049 1220 ἐπὶ
1092 1180 1159 1219 σοι’
1209 1178 1450 1219 πεποιθέναι
1502 1173 1706 1233 προῦργου

297 1246 540 1298 ποιούμενοι.
570 1242 665 1286 οὐδὲ
691 1244 768 1299 γάρ
800 1242 963 1286 ἀνεκτὸν
1002 1239 1107 1284 εἶναι
1133 1242 1357 1296 ἦγοῦνται,
1383 1236 1435 1295 ἦν
1461 1257 1525 1290 τις
1552 1240 1708 1292 αὐτοὺς

301 1309 415 1358 ἴσους
459 1325 501 1351 τε
539 1308 612 1349 καὶ
656 1309 942 1363 ἆμφηρίστους
996 1312 1082 1355 τοῖς
1122 1303 1391 1360 Οὖτιγούροις
1446 1301 1706 1358 ἇποκαλέσοι,

172 1373 211 1407 V·
230 1371 396 1417 119οὖδὲ
423 1373 461 1414 εἷ
484 1373 637 1428 μετρίῳ
665 1371 750 1412 τινὶ
774 1371 1055 1426 ὑπερβάλλειν,
1084 1370 1204 1422 μόλις
1233 1371 1278 1410 δὲ
1303 1368 1384 1422 εἴγε
1419 1366 1584 1424 σφόδρα
1603 1373 1703 1410 πολ-

258 1438 368 1492 Duff).
407 1439 477 1483 καί
502 1436 639 1484 τοίνυν
674 1433 749 1482 οὔκ
778 1437 932 1490 ἀνῆκαν
958 1434 1037 1489 ἀνὰ
1065 1433 1139 1489 τήν
1180 1431 1342 1489 Θρᾴκην
1369 1429 1583 1486 ἀλώμενοι,
1611 1432 1757 1488 πρίναο

389 1527 419 1549 n.
448 1507 555 1547 ἓαυτό
577 1515 629 1554 R„
659 1513 772 1557 ἑαυτῷ
803 1513 897 1556 vulg.
999 1511 1030 1555 4.
1054 1510 1271 1554 Σάνδιλχον
1286 1512 1322 1543 R.
1342 1511 1433 1555 vulg.
1445 1515 1481 1543 et
1499 1509 1705 1549 Menander,

391 1559 608 1602 Σάνδιχλον
630 1561 738 1602 lntpr.
764 1559 799 1591 h.
829 1559 868 1598 l.,
892 1562 934 1590 ut
954 1568 989 1601 p.
1007 1559 1083 1593 303.
1110 1567 1140 1590 v.
1166 1569 1214 1592 ιι.
1238 1556 1291 1589 ed.
1307 1556 1416 1589 Bonn.
1448 1567 1581 1590 omnes.
1671 1557 1703 1589 6.

389 1600 546 1649 π’ρᾶγμα
566 1607 618 1644 R„
630 1604 691 1637 sed
707 1605 744 1636 in
758 1615 823 1648 mg.
833 1603 999 1648 γράμμα.
1058 1601 1327 1647 Κοτριγούρων
1340 1602 1376 1633 Β.
1392 1606 1428 1634 et
1436 1603 1557 1646 Intpr.‚
1568 1602 1702 1645 Κουτρ.

389 1652 481 1695 vulg.
574 1663 585 1684 ι
597 1662 622 1683 ι.
647 1648 843 1688 ἐπιδείξεις
861 1650 899 1682 R.
984 1660 1033 1682 12.
1052 1649 1117 1681 Pro
1132 1645 1224 1692 μετοὶ
1242 1649 1315 1684 Par.
1330 1639 1434 1679 κατὰ.
1525 1649 1575 1681 16.
1591 1646 1640 1690 τῷ
1663 1647 1703 1681 R.

389 1698 427 1728 in
445 1697 531 1736 ord„
549 1689 589 1729 τὸ
604 1696 642 1728 in
655 1706 720 1739 mg.
789 1696 838 1728 18.
857 1693 1129 1740 Οὔτριγούροις
1140 1692 1177 1729 h.
1196 1693 1221 1726 l.
1233 1694 1271 1730 R.
1288 1698 1324 1727 et
1341 1693 1436 1737 vulg.
1510 1703 1559 1737 ¹9·
1585 1692 1703 1738 ὑπερ-

389 1741 561 1784 βάλλοιεν
582 1743 656 1778 Par.

299 1802 436 1830 secutus
466 1799 601 1837 effecit,
626 1801 667 1829 ut
695 1797 758 1840 qui
786 1800 889 1828 antea
920 1796 1035 1839 ipsum
1070 1795 1291 1834 incusarant,
1328 1798 1404 1826 tum
1427 1798 1468 1827 ut
1495 1792 1598 1826 valde
1617 1803 1703 1837 pru-

304 1845 445 1876 dentem
463 1853 669 1887 summeque
693 1841 906 1874 industrium
923 1842 1075 1872 maxima
1100 1839 1334 1872 admiratione
1353 1838 1592 1883 laudibusque
1615 1849 1700 1881 pro-

298 1893 539 1933 sequerentur.
587 1888 766 1920 Statuerat
790 1887 885 1917 enim
906 1886 1002 1917 omni
1024 1890 1099 1917 arte
1124 1883 1389 1916 allaborandum
1413 1894 1505 1924 esse,
1535 1888 1576 1916 ut
1605 1884 1701 1917 inter

299 1946 336 1966 se
363 1935 666 1966 committerentur
694 1937 730 1964 et
761 1931 1014 1963 colliderentur
1047 1928 1185 1969 hostes,
1217 1934 1322 1973 atque
1354 1930 1402 1961 ita
1426 1929 1703 1963 debellarentur.

296 1979 405 2023 Quod
433 1979 575 2024 quidem
602 1983 643 2010 ut
666 1975 784 2010 statim
810 1977 990 2016 eveniret,
1033 1975 1169 2008 interea
1194 1974 1276 2007 dum
1302 1973 1479 2018 Zabergan
1515 1985 1592 2006 cum
1629 1974 1702 2008 suis

300 2025 411 2068 copiis
437 2025 568 2057 lentius
592 2024 660 2056 iter
683 2022 787 2060 facit,
822 2021 956 2054 litteras
981 2020 1078 2054 misit
1103 2020 1147 2053 ad
1172 2019 1402 2052 Saudilchum
1424 2020 1577 2052 alterum
1598 2018 1701 2052 Hun-

301 2082 425 2102 norum
451 2069 594 2108 ducem,
626 2067 846 2101 foederatum
878 2067 1007 2099 sibiet
1033 2066 1307 2098 mercenarium:
1341 2065 1539 2099 litterarum
1570 2064 1701 2098 huius-

297 2115 394 2148 modi
421 2120 495 2147 erat
513 2119 774 2158 argumentum:
801 2112 865 2152 „si
887 2111 1031 2157 quidem
1050 2122 1121 2143 non
1142 2111 1283 2155 ignarus
1302 2121 1444 2150 eornm,
1470 2120 1562 2155 quae
1580 2110 1700 2145 Cotti-

297 2161 373 2204 guri
396 2161 433 2192 in
457 2171 521 2191 nos
535 2163 735 2197 tentarunt,
760 2162 821 2190 tua
839 2158 981 2190 interim
1003 2161 1128 2199 sponte
1147 2156 1313 2200 quiescis,
1332 2157 1458 2188 merito
1477 2160 1572 2188 certe
1590 2156 1698 2189 mirer

295 2212 391 2238 tuam
416 2205 560 2250 quidem
582 2204 779 2247 perfidiam,
801 2208 876 2234 tum
893 2213 974 2235 vero
1002 2211 1066 2233 nos
1092 2202 1186 2245 ipsos
1200 2226 1209 2241 ,
1269 2201 1306 2233 ui
1321 2202 1475 2234 animum
1502 2206 1602 2234 tuum
1622 2211 1698 2235 non.

295 2251 378 2282 satis
412 2249 729 2293 exploraverimus,
763 2246 825 2280 sed
853 2249 943 2280 circa
975 2244 1147 2279 iudicium
1180 2251 1216 2279 et
1272 2247 1421 2280 electum
1457 2247 1695 2279 erraverimus.

297 2296 334 2327 Si
357 2305 439 2328 vero
465 2296 606 2338 ignarus
639 2294 755 2326 adhuc
779 2304 898 2325 eorum
925 2292 1062 2325 exsistis
1077 2316 1086 2331 ‚
1109 2290 1378 2326 condonandum
1400 2290 1438 2324 id
1463 2290 1606 2336 quidem
1631 2295 1696 2331 est,

293 2341 394 2373 nulla
419 2345 536 2373 tamen
562 2340 700 2372 ratione
734 2340 1003 2383 praeteritarum
1039 2348 1155 2370 rerum
1186 2337 1416 2380 ignorantiam
1439 2336 1542 2369 nobis
1564 2336 1695 2380 proba·-

293 2387 397 2426 veris,
422 2396 527 2430 quam
545 2384 610 2417 hac
635 2386 720 2424 sola,
744 2386 774 2417 si
798 2395 853 2416 eas
869 2382 1012 2427 posthac
1033 2394 1105 2414 non
1124 2383 1329 2426 neglexeris.
1354 2381 1582 2414 Advenerunt
1599 2382 1696 2414 enim

292 2431 383 2471 huc,
416 2442 487 2464 non
523 2441 564 2463 eo
591 2431 708 2462 animo
743 2434 780 2462 et
805 2428 922 2461 studio
938 2453 947 2467 ,
974 2427 1059 2471 (nisi
1086 2428 1245 2460 fortassis
1276 2428 1505 2460 accessorium
1528 2425 1596 2460 hoc
1615 2427 1697 2460 viae

292 2477 366 2521 sit,)
389 2481 429 2508 ut
453 2487 546 2508 meas
571 2475 722 2508 ditiones
743 2479 893 2514 vastent,
919 2472 982 2506 sed
1003 2473 1107 2506 rebus
1126 2473 1210 2517 ipsis
1228 2472 1455 2512 declaraturi,
1482 2471 1578 2517 quod
1606 2472 1694 2514 ipsis

293 2527 335 2554 ut
356 2520 676 2565 praestantioribus
698 2519 977 2563 fortioribusque
995 2520 1181 2554 contemtis
1209 2518 1348 2562 decepti
1372 2521 1499 2556 simus,
1523 2527 1600 2550 cum
1621 2516 1691 2549 tibi

293 2566 471 2599 confidere
498 2567 741 2605 maluerimus3
764 2576 880 2610 neque
911 2566 1006 2597 enim
1033 2562 1101 2597 hoo
1127 2563 1350 2597 tolerandum
1376 2573 1450 2597 esse
1474 2566 1638 2602 censent,
1659 2562 1692 2596 si

293 2613 373 2655 quis
398 2623 456 2644 eos
482 2617 517 2644 et
539 2622 642 2654 pares
660 2616 696 2644 et
715 2610 844 2643 dubiae
869 2620 946 2642 cum
970 2609 1124 2652 Utiguris
1155 2609 1392 2652 praestantiae
1422 2606 1539 2647 νοσεῖ,
1572 2617 1694 2652 neque

293 2658 322 2695 si
346 2657 483 2693 modica
510 2658 630 2702 aliqua
659 2668 696 2691 re
720 2661 906 2706 superent,
939 2654 1071 2692 nedum
1099 2653 1200 2693 valde
1231 2665 1362 2699 magna.
1411 2652 1586 2699 Quocirca
1617 2662 1693 2691 nou
