1794 3112
271 154 288 186 1
302 135 332 188 8
795 152 1068 194 AGA‘rmAE-
1088 165 1099 189 .-

96 249 342 292 Λ,(;.55ακαί“
360 250 540 292 στάσεων
569 249 825 303 γονιμώτατα
851 250 978 307 πάθη.
1015 249 1127 305 ὅμως
1148 255 1245 308 παρ’
1271 253 1435 303 ἐκείνοις
1464 257 1503 298 εἶ
1528 255 1599 296 καὶ
1620 257 1663 305 ’ἐς

134 302 456 363 Ι’1·26πλείστας
477 310 577 363 ὅσας
600 311 733 369 ἀρχὰς
759 315 920 369 τύχοιεν
939 319 1190 373 διῃρημένοι,
1217 314 1338 359 οὗδὲν
1364 315 1410 371 ὅ,
1438 334 1478 360 τι
1507 317 1664 361 τοιόνδε

262 380 525 433 ξυμφέρεται.
561 379 652 420 ἀλλ’
675 377 789 436 εἴπερ
820 375 903 436 ἄρα
924 380 998 422 καί
1009 397 1100 422 τινα
1127 381 1214 436 ἔριν
1236 387 1322 429 τοῖς
1343 385 1580 434 βασιλεῦσιν
1597 384 1664 436 ἐγ-

259 443 450 496 γενέσθαι
480 442 739 498 ’ξυνενεχθείη
753 477 764 495 ,
804 443 1129 500 παρατάττονται
1155 446 1232 497 μὲν
1258 441 1434 494 ἅπαντες
1461 445 1518 495 ὥς
1543 451 1663 487 πολε-

225 505 459 559 ρμήσοντες
499 505 570 546 καί
601 513 686 554 τοῖς
720 504 857 556 ὅπλοις
889 507 1270 563 διακριθησόμενοι,
1312 507 1384 550 καὶ
1415 505 1500 550 εἶτα
1540 506 1687 561 ὅμόσεό

254 572 476 625 χωροῦσιν·
512 568 671 619 ἰδόντες
695 573 739 612 δὲ
763 571 963 625 ἀλλήλους
985 569 1240 627 ἑκατέρωθεν
1259 570 1284 626 ἦ
1305 571 1484 626 πληθύς,
1513 569 1662 615 αὖτίκα

256 632 303 673 τὸ
352 637 599 686 χαλεπαῖνον
648 633 919 687 ἀποβαλόντες
956 637 999 684 ἐς
1037 634 1327 690 ὁμοφροσύνην
1361 638 1662 692 μεταχωροῦσι,

255 698 324 738 καί
347 695 442 744 τούς
476 695 677 751 ἡγεμόνας
700 697 911 739 κελεύουσι
942 700 1033 755 δίκῃ
1053 700 1211 750 μᾶλλον
1238 698 1291 739 τὰ
1315 698 1528 754 ἅμφιβολα
1552 701 1663 741 διευ-

255 759 542 815 κρινήσασθαι·
582 763 621 801 εἰ
646 762 692 802 δὲ
713 759 771 815 μὴ
786 795 798 813 ,
837 762 990 813 μόνους
1008 764 1182 811 ἐκείνονς
1201 761 1502 816 ἆγωνιζεσθαι,
1528 764 1599 804 καὶ
1617 764 1661 804 ἐν

252 823 395 879 σφίσιν
419 825 559 873 αὕτοῖς
592 826 928 878 διακινδυνεύειν,
966 826 1022 875 ὥς
1055 827 1134 880 οὐχ
1160 823 1272 868 ὅσιον
1291 822 1335 869 ὃν
1359 823 1458 868 οῦδὲ
1477 826 1711 882 πάτριον,ῐο

253 886 362 935 ἰδίας
386 884 522 928 αὗταῖν
549 889 664 929 ἕνεκα
695 890 936 941 δυσμενείας
961 888 1012 931 τὰ
1038 889 1151 932 κοινοὶ
1171 892 1451 945 πημαίνεσθαι
1472 891 1544 932 καί
1559 891 1661 931 α’να-

251 953 494 1006 τετράφθαι·
536 951 664 1001 εὐθὺς
687 951 736 1005 δή
760 948 831 994 οὖν
850 951 925 1001 τάς
942 969 986 994 τε
1009 952 1220 1009 φάλαγγας
1245 953 1483 1006 διαλύουσι,
1510 953 1583 995 καί
1608 953 1660 995 τὰ

253 1014 358 1055 ὅπλα
378 1014 576 1068 τιΉενται,
605 1019 675 1058 καί
695 1015 882 1057 τολοιπὸν
903 1018 1042 1072 εἰρήνη
1065 1014 1192 1066 αὖθις
1215 1018 1287 1059 καί
1315 1017 1537 1073 ἡμερότης,
1566 1033 1662 1073 φοι-

251 1078 383 1132 τήσεις
407 1095 448 1119 τε
481 1083 578 1134 παρ’
603 1076 802 1133 ἀλλήλους
825 1077 1057 1135 ἀφύλακτοι
1091 1081 1164 1122 καί
1179 1081 1403 1134 ἐπιμιξίαι,
1440 1083 1511 1123 καί
1527 1082 1660 1136 φροῦ-

257 1144 309 1182 δα
336 1142 492 1195 οἴχεται
521 1142 571 1184 τὰ
606 1144 731 1184 δεινά.
785 1140 911 1192 οὕτως
937 1139 1020 1200 ἄρα
1048 1146 1188 1194 αὐτοῖς
1214 1143 1259 1187 τό
1290 1147 1368 1198 μὲν
1393 1143 1569 1200 ὖπήκοον
1595 1143 1711 1191 δι’-ὤ

138 1214 180 1254 V.
206 1222 370 1247 ιικαιον
405 1207 475 1247 καί
503 1207 753 1262 φιλόπατρι,
796 1206 842 1247 τὸ
873 1209 918 1249 δέ
939 1224 982 1262 γε
1007 1203 1135 1262 ἄρχον
1165 1208 1330 1261 εὐμενὲς
1358 1211 1402 1251 ἐν
1435 1209 1566 1250 δέοντι
1589 1211 1662 1250 καί

211 1281 242 1312 D
257 1271 478 1325 πειθήνιον·
506 1270 639 1312 ταῦτά
661 1287 726 1312 τοι
751 1273 821 1313 καί
841 1274 1072 1314 διατελοῦσι
1098 1273 1274 1325 δύναμιν
1294 1275 1466 1326 βεβαίαν
1486 1272 1660 1326 ἔχοντες,

250 1336 321 1376 καί
342 1336 480 1387 νόμοις
507 1332 714 1389 χρώμενοι
741 1342 825 1384 τοῖς
856 1333 1006 1385 αὐτοῖς·
1046 1336 1118 1378 καί
1142 1338 1225 1379 τῶν
1247 1340 1324 1390 μὲν
1349 1339 1507 1379 οἰκείων
1538 1337 1658 1378 οῦδὲν

251 1396 292 1451 δ’,
317 1415 357 1439 τι
386 1395 731 1453 ἀποβεβληκότες,
772 1403 942 1441 πλεῖστα
962 1402 1007 1442 δὲ
1032 1398 1108 1442 ὅσα
1134 1400 1458 1455 ἐπικτησάμενοι.
1502 1401 1656 1442 δικαιο-

250 1463 352 1516 σύνη
381 1460 459 1516 γὰρ
498 1465 569 1503 καί
601 1464 768 1518 φιλότης
801 1460 862 1512 οἷς
899 1461 951 1505 ἂν
977 1466 1218 1520 ἕντραφειή,
1264 1465 1491 1517 εὐδαίμονα
1516 1463 1711 1519 τίθησιαο

250 1526 454 1566 πολιτείαν
483 1527 555 1566 καί
572 1524 771 1579 μόνιμον,
799 1526 871 1568 καί
893 1523 1038 1581 ἥκιστα
1064 1527 1270 1580 πολεμίοις
1291 1527 1507 1581 ἁλώσιμον.

355 1588 403 1642 γ’.
463 1585 579 1630 Οὕτω
607 1592 684 1642 μὲν
707 1586 781 1632 οὖν
804 1589 840 1631 οἱ
864 1591 1047 1647 Φράγγοι
1074 1587 1223 1646 ἄριστα
1241 1592 1446 1645 βιοῦντες,
1472 1592 1591 1647 σφῶν
1614 1607 1660 1633 τε

343 1699 373 1720 2.
400 1687 444 1719 οὐ
469 1688 509 1719 τὸ
530 1689 569 1722 R.
589 1699 652 1732 pro
679 1684 712 1727 δ’,
739 1699 785 1721 τι.
871 1690 901 1721 3.
927 1699 1010 1721 τινα
1031 1689 1067 1720 Β.
1093 1693 1130 1720 et
1147 1687 1203 1727 fin,
1227 1687 1296 1721 τιν’
1313 1688 1406 1732 vulg.
1498 1699 1531 1732 7.
1560 1687 1659 1722 ἀπο-

341 1731 512 1775 βαλόντες
525 1733 566 1766 fr.
582 1738 618 1766 ct
632 1735 683 1773 R„
709 1732 976 1776 ἀποβάλλοντες
1001 1733 1092 1777 vulg.
1173 1744 1222 1766 12.
1249 1730 1291 1774 δὴ
1315 1734 1352 1766 Β.
1371 1739 1407 1766 ct
1427 1733 1485 1772 fr,
1515 1741 1554 1766 τε
1565 1734 1658 1779 vulg.

342 1789 397 1812 20.
426 1777 578 1823 φιλότης
593 1780 629 1810 R.
655 1779 695 1811 fr.
706 1789 772 1823 mg.
793 1779 902 1822 Lugd.
923 1784 958 1811 et
978 1779 1087 1822 Intpr.
1105 1778 1288 1819 charitas,
1316 1778 1513 1824 φιλοτιμία
1531 1778 1622 1823 vulg.

253 1862 288 1890 et
313 1855 550 1903 seditionibus
586 1854 770 1900 gignendis
803 1855 978 1899 aptissimi
1010 1855 1258 1888 suboriantur:
1299 1854 1396 1899 apud
1423 1855 1504 1888 illos
1525 1859 1656 1895 tamen,

250 1903 391 1934 tametsi
416 1903 452 1934 in
477 1912 582 1946 quam
602 1902 772 1944 plurimos
800 1901 1018 1944 principatus
1046 1911 1105 1933 eos
1129 1911 1204 1933 esse
1226 1899 1357 1932 divisos
1383 1901 1573 1943 contingat,
1597 1902 1656 1933 ni-

251 1947 305 1979 hil
331 1948 402 1980 talc
433 1946 499 1979 usu
522 1948 639 1988 venit3
671 1947 733 1978 sed
754 1947 783 1979 si
815 1957 904 1990 quae
927 1947 1017 1979 forte
1042 1946 1134 1978 inter
1154 1945 1332 1988 principes
1358 1946 1493 1978 oriatur
1513 1951 1659 1978 contro-

248 1994 374 2032 versia,
400 2003 520 2025 omnes
536 1992 680 2036 quidem
703 1992 813 2024 aciem
827 1993 1008 2024 instruunt
1026 1996 1195 2035 tanquam
1214 1990 1259 2023 ad
1281 1990 1487 2024 bellandum
1511 2001 1656 2036 remque

250 2039 354 2071 armis
383 2036 665 2079 decernendam3
696 2036 824 2070 deinde
847 2037 952 2069 simul
973 2037 1200 2076 conveniunt,
1225 2036 1447 2079 conspicatae
1471 2047 1554 2069 vero
1579 2047 1656 2070 sese

249 2084 420 2129 utrinque
439 2083 582 2127 copiae,
619 2083 737 2115 statim
767 2082 905 2114 abiecta
935 2083 1146 2121 offensione,
1180 2081 1224 2114 ad
1245 2080 1470 2114 concordiam
1492 2080 1656 2123 redeunt,

248 2129 448 2173 iubentque
473 2134 513 2160 ut
535 2128 714 2172 principes
742 2128 820 2160 iure
849 2127 967 2171 potius
990 2128 1242 2159 controversias
1266 2126 1474 2167 decernant;
1508 2128 1563 2159 sin
1587 2127 1656 2160 mi—

248 2186 328 2214 nus,
355 2180 395 2206 ut
408 2174 574 2217 singulari
598 2175 692 2206 inter
708 2184 744 2206 se
769 2173 956 2205 certamine
981 2177 1096 2216 agant,
1121 2177 1156 2205 et
1179 2183 1320 2204 suorum
1338 2172 1480 2216 ipsimet
1500 2171 1657 2216 capitum

250 2220 448 2262 periculum
466 2218 607 2254 adeant.
631 2219 756 2264 Neque
771 2219 866 2251 enim
881 2218 1054 2262 aequitati
1067 2223 1129 2250 aut
1147 2218 1283 2261 patriae
1301 2216 1550 2250 consuetudini
1568 2228 1654 2250 con-

253 2270 462 2298 sentaneum
486 2269 648 2303 censent,
689 2269 728 2296 ut
756 2265 913 2307 privatae
936 2264 1090 2306 ipsorum
1111 2263 1299 2295 simultatis
1319 2273 1422 2294 causa
1433 2274 1487 2295 res
1510 2261 1655 2306 publica

252 2310 489 2343 labefactetur
511 2315 546 2342 ct
565 2309 796 2342 subvertatur.
824 2309 1020 2342 Confestim
1039 2308 1161 2351 itaque
1183 2314 1219 2341 et
1232 2309 1424 2341 exercitum
1443 2308 1596 2347 solvunt,
1617 2313 1655 2340 et

254 2367 348 2389 arma
371 2355 566 2398 deponunt,
599 2365 758 2399 paceque
782 2354 1018 2396 redintegrata
1042 2358 1119 2385 tuto
1138 2365 1254 2386 rursus
1275 2355 1368 2385 inter
1391 2363 1428 2385 se
1448 2357 1653 2391 commeant,

255 2401 405 2434 sublatis
421 2411 440 2433 e
454 2400 571 2432 medio
594 2399 875 2432 difficultatibus.
901 2398 997 2432 Adeo
1020 2398 1114 2441 apud
1136 2398 1216 2430 illos
1242 2398 1377 2431 subditi
1395 2403 1476 2430 sunt
1494 2398 1653 2430 iustitiae

255 2452 292 2479 et
314 2447 448 2490 patriae
473 2445 644 2486 studiosi3
672 2445 850 2488 principes
869 2455 970 2482 ver0,
996 2443 1058 2475 ubi
1077 2455 1164 2487 opus
1187 2449 1250 2483 est,
1269 2442 1400 2488 placidi
1420 2448 1456 2476 et
1476 2443 1652 2476 obsecun-

256 2491 391 2524 dantes.
439 2490 572 2524 Idcirco
590 2491 715 2535 utique
734 2495 769 2521 et
792 2490 923 2521 sirmam
947 2488 1078 2532 degunt
1100 2489 1272 2521 habentes
1288 2489 1502 2533 potentiam,
1525 2488 1653 2521 iisdem

253 2537 392 2581 legibus
413 2541 567 2575 utentes,
592 2547 654 2569 sua
668 2541 820 2574 tuentes,
844 2535 1006 2578 nihilque
1027 2534 1242 2574 amittentes,
1266 2545 1371 2580 quam
1392 2533 1544 2577 plurima
1568 2543 1670 2578 vero·

257 2584 491 2627 acquirentes.
545 2582 683 2614 Iustitia
708 2581 802 2612 cuim
829 2585 865 2612 et
890 2580 1044 2612 amicitia
1074 2579 1138 2611 ubi
1165 2581 1304 2622 vigent,
1335 2579 1474 2612 beatam
1497 2579 1651 2611 firmam-

259 2639 328 2673 que
351 2629 512 2660 efficiunt
536 2637 608 2660 rem
630 2626 810 2669 publicam
840 2630 876 2658 et
899 2636 1118 2670 nequaquam
1141 2623 1303 2658 hostibus
1326 2623 1605 2668 expugnabilem.

351 2674 382 2708 3.
405 2673 530 2708 Franci
549 2673 669 2718 itaque
682 2671 750 2705 hoc
772 2671 877 2705 modo
894 2672 1025 2716 optime
1042 2671 1148 2704 vitam
1162 2682 1259 2706 suam
1272 2669 1508 2711 instituentes,
1531 2674 1566 2703 et
1581 2668 1651 2703 sibi
