1794 3112
523 111 900 155 llls’romARnM
941 116 974 154 1.
1014 122 1082 161 Μ.
1476 98 1545 171 37

105 213 610 271 στρατοπεδευσαμένους,
637 215 710 255 καί
731 213 782 255 τά
805 213 967 270 ἐρυμνὰ
991 217 1074 257 τῶν
1093 218 1264 272 χωρίων
1283 221 1596 273 προκαταλα-Α.
1618 230 1654 263 C.
1675 231 1742 266 552

103 279 252 334 βάντας
274 277 590 334 ἀποκρούεσθαι
624 278 699 320 καί
718 279 986 323 ἀναστέλλειν
1015 279 1093 330 τάς
1113 283 1197 324 τῶν
1213 282 1423 335 πολεμίων
1447 278 1582 339 ἀρά-ἱ
1596 277 1620 309 Ῑ-
1644 279 1688 312 26

101 346 216 394 δους.
271 342 345 385 καί
369 344 498 397 εἰμὲν
522 343 779 386 ἀπώσασθαι
797 343 952 394 αὐτοὺς
965 345 1193 389 τελεώτατα
1216 349 1446 402 δυνηθεῖεν,
1469 345 1590 401 zei-c.

101 425 171 465 ριν
206 409 363 452 εἰδέναι
397 411 448 466 τῇ
474 408 610 467 τύχῃ,
647 410 688 451 εἰ
718 411 767 452 δέ
790 427 836 465 γε
867 410 1112 465 βιαζόμενοι
1138 414 1195 468 τῷ
1220 413 1374 468 πλήθει
1399 408 1486 454 οἷοί
1504 429 1550 454 τε

73 474 180 518 ὄοῧκ
203 471 286 517 εἶεν
298 508 311 528 ,
343 471 451 516 ἀλλὰ
478 477 759 532 σχολαιτέραν
781 476 928 526 αὖτοϊς
956 476 1218 532 ποιήσασθαι
1239 476 1313 533 τὴν
1350 476 1550 534 πορείαν,

98 542 172 582 καί
193 540 245 590 οὔ
277 537 392 593 μάλα
422 543 693 597 θαρσαλέους
716 540 798 583 ἆνὰ
819 540 870 584 τά
892 541 1038 599 πρόσω
1069 544 1217 599 φοιτᾷν
1237 545 1455 596 μεθιέναι,
1483 545 1551 584 δε-

99 607 318 647 δίττεσθαι
342 607 389 647 δὲ
412 604 572 655 αὐτοὺς
592 608 636 655 ἐς
658 605 710 648 τοὶ
731 606 914 661 μάλιστα
933 607 1008 650 καί
1026 606 1178 664 εἴργειν
1198 606 1256 657 ὥς
1274 607 1550 664 ποῤῥωτάτω,

98 672 179 719 ἕως
200 668 328 720 αὐτὸς
350 669 403 712 τὰ
427 673 472 713 ἐν
495 671 618 715 ποσίν
644 670 808 716 ἅπαντα
836 668 863 731 ᾗ
875 672 1072 727 βούλοιτο
1097 672 1281 729 διαθείη.
1309 671 1346 714 οἱ
1368 675 1447 726 μὲν
1471 669 1550 715 οὖν

97 734 200 778 κατὰ
225 738 359 779 ταῦτα
379 735 583 793 ἐχώρουν,
604 739 822 781 κατέλιπεν
841 740 888 781 δὲ
911 738 984 781 καί
1001 741 1046 781 ἐν
1076 737 1210 796 Κύμῃ
1232 737 1413 791 δύναμιν
1435 735 1595 788 ἄξιό-ν.
1614 757 1650 789 ¹7

49 817 259 857 ιοχρεων·
290 797 402 851 ὅπως
423 800 476 858 δη
495 802 923 858 προσκαθεδούμενοι,
946 805 1020 846 καί
1051 802 1169 846 ἔνδον
1201 802 1303 852 τούς
1331 804 1549 856 δυσμενεῖς

96 865 430 922 ἑγκατειργοντες,
457 871 608 927 χρονίᾳ
633 871 736 926 γοῦν
763 867 920 918 αὐτούς
952 867 1292 925 παραστήσοιντο
1320 870 1553 924 πολιορκίᾳ.

94 930 170 974 καί
191 930 232 973 οἱ
249 933 330 984 μὲν
338 966 352 987 ‚
371 931 610 988 χαράκωμα
632 932 954 990 περιεβάλλοντό
979 951 1038 988 τε,
1063 935 1136 976 καί
1156 931 1228 983 τὰς
1250 932 1420 985 ἐξόδους
1441 931 1548 989 ἐφύ-

94 1001 262 1050 λαττον,
292 996 410 1039 εἵπου
433 997 526 1040 τινὰ
556 999 688 1042 ἕλοιεν
714 998 787 1042 ἐπὶ
804 997 927 1053 χιλὸν
955 997 1098 1042 ἰόντα.
1134 993 1263 1056 ᾤοντο
1291 997 1371 1054 γάρ
1398 997 1585 1046 αὕτοῖςῑ)

94 1056 178 1118 ἤδη
210 1078 292 1104 που
330 1063 374 1112 ἐς
405 1061 602 1106 ἐνιαυτὸν
638 1065 1035 1121 πολιορκουμένοις,
1064 1062 1226 1107 ἅπαντα
1255 1065 1551 1115 {gammo-⁹022

50 1124 152 1173 15τὰ
176 1127 410 1184 ἐπιτήδεια.
466 1131 644 1186 Ναρσῆς
670 1132 717 1173 δὲ
741 1137 834 1180 ταῖς
857 1130 1003 1173 πόλεσι
1025 1130 1276 1187 προσβαλών
1297 1127 1458 1171 ἀκονιτὶ
1476 1126 1549 1176 τὰς

96 1195 290 1243 πλείστας
330 1195 622 1251 προσηγάγετο.
696 1198 955 1253 Φλωρὲντιοι
988 1198 1068 1250 μὲν
1094 1193 1176 1252 γὰρ
1214 1193 1548 1242 ὑπαντιάσαντες

95 1259 169 1300 καὶ
200 1257 252 1302 τά
281 1259 407 1302 πιστά
437 1260 739 1316 κομισάμενοι,
771 1260 830 1311 ὥς
858 1262 984 1304 οὐδὲν
1010 1257 1144 1317 ἄχαρι
1167 1263 1401 1313 πείσονται,
1433 1261 1549 1315 σφᾶς

94 1339 140 1366 τε
170 1323 326 1375 αὐτοὺς
360 1325 576 1369 ἐθελονταὶ
609 1326 684 1370 καὶ
714 1326 768 1369 τιὶ
807 1328 937 1369 οἰκεῖα
969 1328 1225 1382 παρέδοσαν.
1293 1329 1549 1368 Κεντουκελ-

93 1393 208 1431 λαῖοι
235 1392 282 1433 δὲ
311 1387 437 1444 ὅμοια
460 1391 686 1447 ἔπρασσον.
739 1391 1072 1449 Βουλοτεῤῥαῖοι
1096 1393 1142 1434 δὲ
1179 1391 1256 1433 οὔκ
1284 1386 1448 1443 ἄλλως,
1475 1387 1552 1431 οὕ-

187 1473 221 1506 6.
245 1471 481 1514 θαρσαλέους
508 1471 573 1514 Β.,
602 1472 822 1518 θαρσαλέως
851 1472 945 1518 vulg.
1041 1472 1221 1518 μεθιέναι
1254 1471 1296 1504 R.
1331 1468 1447 1515 (CL),
1480 1477 1547 1514 με-

185 1517 311 1551 τιέναι
334 1518 429 1563 v‘ulg.
501 1519 537 1556 8.
562 1519 729 1564 ἐμποσὶν
753 1520 796 1556 Β.
868 1517 1128 1564 οἷξιόχρεωνΒ.
1153 1524 1190 1552 et
1209 1517 1322 1561 Lugd.
1338 1541 1348 1556 ‚
1373 1514 1548 1560 α’ξιόχρε-

186 1574 233 1598 ον
246 1564 325 1598 Par.
395 1577 429 1610 9.
457 1565 521 1597 καὶ
537 1570 622 1598 ante
641 1565 682 1598 ἐν
697 1564 779 1598 add.
794 1566 831 1597 Β.
917 1577 970 1601 ιι.
983 1561 1125 1601 αὐτοὺς
1137 1567 1175 1598 Β.
1191 1563 1292 1610 (CL),
1317 1561 1445 1599 αὕτοῖς
1455 1563 1550 1606 vulg·

198 1621 252 1644 12.
265 1619 305 1643 τε
323 1611 420 1655 vulg,
441 1616 523 1654 post
545 1610 758 1658 χαράκωμα
768 1612 938 1655 positum,
962 1612 1003 1645 in
1025 1612 1065 1645 R.
1085 1618 1169 1658 post
1186 1607 1472 1656 περιεβάλλοντο
1492 1609 1549 1641 le-

187 1657 297 1702 gitur.
347 1658 397 1690 13.
421 1657 526 1701 χιλὶν
550 1658 587 1690 R.
609 1662 646 1690 et
670 1658 710 1690 in
735 1669 802 1703 mg.
829 1651 959 1701 χυλὸν.
1043 1658 1096 1702 14.
1125 1659 1150 1692 f.
1176 1657 1435 1698 ἐξανηλιῦσθαι
1463 1655 1550 1701 (el.)

189 1702 552 1740 16.ὑπαντιάσαντες
576 1705 613 1736 R.
631 1729 641 1744 ‚
667 1703 950 1745 ὑπαντήσαντες
971 1704 1067 1748 vulg.
1155 1705 1208 1738 18.
1233 1702 1551 1737 Κεντουκελλαῖοι

184 1750 276 1783 R-et
301 1749 428 1795 Lugd„
451 1750 764 1784 Κεντονκελλαῖοι
790 1749 871 1784 edd.
937 1762 990 1796 19.
1016 1748 1315 1797 Βουλοτεῤῥαῖοι
1339 1749 1408 1791 el„
1431 1748 1550 1784 Βουλ-

183 1795 376 1843 λοτεραῖοι
397 1797 506 1842 vulg„
531 1797 639 1831 Βαλλ.
664 1798 703 1831 Β.

93 1875 283 1911 Aemiliam
308 1877 503 1922 prominet,
534 1877 733 1919 circumito,
759 1877 853 1911 circa
878 1876 1014 1911 Padum
1037 1876 1172 1911 flumen
1199 1887 1236 1910 se
1261 1876 1453 1920 reciperet,
1478 1874 1550 1907 ibi-

95 1934 167 1968 que
192 1923 272 1956 fixis
298 1924 444 1964 eastris,
478 1924 813 1970 munitioribusque
847 1925 942 1959 locis
967 1923 1263 1969 praeoccupatis,
1301 1922 1462 1955 hostium
1489 1922 1551 1953 in-

95 1969 210 2003 sultus
234 1970 464 2015 propulsaret
487 1975 524 2003 et
550 1971 785 2016 reprimeret3
812 1975 850 2005 et
872 1971 903 2004 si
930 1982 990 2004 eos
1015 1971 1162 2015 penitus
1199 1968 1391 2014 profligare
1416 1971 1550 2012 posset,
1574 1999 1578 2004 ,

95 2015 245 2060 gratiam
277 2015 430 2050 haberet
461 2016 649 2061 fortunae3
689 2018 720 2050 si
750 2028 835 2051 vero
869 2017 1106 2053 multitudine
1142 2027 1283 2062 pressus
1316 2026 1390 2048 uon
1415 2018 1550 2058 posset,

93 2072 231 2096 moram
261 2067 384 2096 tamen
413 2073 538 2097 eorum
569 2063 796 2108 expeditioni
818 2063 1008 2104 iniiceret,
1032 2064 1284 2108 efficeretque,
1307 2072 1354 2094 ne
1379 2059 1551 2101 audacter

94 2107 348 2156 intrepideque
384 2109 710 2155 progrederentur3
746 2109 811 2143 sed
843 2115 943 2143 metu
981 2110 1033 2144 eis
1057 2109 1214 2143 maximo
1240 2109 1407 2147 incusso,
1442 2117 1552 2152 quam

92 2160 215 2198 posset
236 2155 442 2202 longissime
466 2161 623 2197 arceret,
651 2156 766 2190 donec
783 2158 863 2202 ipse
891 2157 1012 2190 omnia
1041 2167 1134 2202 quae
1153 2166 1243 2200 opus
1268 2159 1346 2187 erat
1366 2165 1409 2186 ex
1438 2152 1550 2186 animi

93 2202 274 2235 sententia
310 2202 557 2247 disposuisset.
607 2203 654 2236 Hi
683 2203 808 2249 itaque
833 2215 905 2250 quo
940 2204 1030 2247 ipsis
1061 2201 1272 2235 mandatum
1299 2205 1378 2234 erat
1402 2210 1550 2233 conces-

92 2252 228 2281 serunt.
275 2247 331 2282 Ad
355 2249 484 2289 Cumas
508 2260 594 2283 vero
620 2250 741 2294 copias
767 2261 842 2284 non
868 2250 1014 2295 exiguas
1038 2250 1213 2296 reliquit,
1231 2284 1233 2286 ,
1248 2252 1290 2281 ut
1315 2247 1406 2280 locis
1431 2245 1549 2279 omni-

92 2292 162 2326 bus
187 2293 464 2342 circumquaque
499 2296 668 2337 insessis,
702 2296 880 2342 hosteque
906 2297 1001 2329 intra
1036 2295 1164 2330 urbem
1191 2295 1334 2334 clauso,
1378 2293 1551 2327 diuturna

94 2338 287 2375 obsidione
311 2347 525 2386 premerent.
553 2341 672 2388 Atque
698 2342 738 2375 hi
764 2342 914 2389 quidem
941 2343 1036 2376 vallo
1064 2343 1104 2376 in
1132 2340 1257 2375 orbem
1284 2339 1406 2380 ducto,
1432 2339 1549 2372 exitus

95 2384 358 2430 observabant,
382 2388 499 2423 sicubi
524 2388 684 2435 aliquem
711 2401 838 2434 capere
862 2394 1012 2434 possent
1038 2389 1254 2434 pabulatum
1278 2391 1437 2421 euntem.
1480 2386 1549 2417 Pu-

96 2431 224 2465 tabant
250 2433 346 2466 enim
373 2434 460 2479 ipsis
488 2435 560 2468 iam
589 2436 664 2468 fere
689 2447 754 2480 per
786 2447 919 2468 aunum
946 2435 1102 2469 obsessis
1128 2435 1248 2468 omnia
1273 2433 1437 2466 absumta
1461 2441 1548 2464 esse.

97 2478 227 2511 Narses
265 2490 350 2513 vero
381 2481 514 2527 oppida
549 2481 718 2523 adorsus,
754 2483 927 2528 pleraque
958 2483 1048 2515 citra
1083 2481 1245 2515 lahorem
1277 2480 1316 2512 in
1352 2490 1451 2511 suam
1483 2488 1550 2521 po-

97 2529 264 2564 testatem
290 2525 439 2571 redegit.
488 2528 695 2562 Florentini
721 2529 818 2561 enim
845 2529 990 2564 obviam
1013 2528 1213 2574 progressi,
1240 2526 1383 2571 fideque
1408 2528 1551 2567 accepta

95 2569 190 2604 nihil
226 2583 303 2605 sese
338 2571 471 2606 hostile
501 2585 666 2618 passuros
686 2601 696 2618 ‚
754 2580 883 2620 sponte
922 2587 959 2609 se
994 2586 1131 2620 suaque
1165 2574 1287 2607 omnia
1322 2570 1549 2604 dediderunt.

97 2616 196 2654 Idem
221 2618 387 2655 fecerunt
415 2619 697 2664 Centumcellae,
723 2632 843 2669 neque
864 2621 971 2658 aliter
995 2621 1227 2662 Volaterrae,
1255 2620 1305 2653 ita
1329 2629 1412 2655 vero
1439 2617 1548 2652 etiam
