<?xml version="1.0" encoding="UTF-8"?>
<!DOCTYPE html PUBLIC "-//W3C//DTD XHTML 1.0 Transitional//EN"
    "http://www.w3.org/TR/xhtml1/DTD/xhtml1-transitional.dtd">
<html xmlns="http://www.w3.org/1999/xhtml" xml:lang="en" lang="en">
 <head>
  <title>
</title>
<meta http-equiv="Content-Type" content="text/html;charset=utf-8" />
  <meta name='ocr-system' content='tesseract 3.04.00' />
  <meta name='ocr-capabilities' content='ocr_page ocr_carea ocr_par ocr_line ocrx_word'/>
</head>
<body>
  <div class='ocr_page' id='page_1' title='image "./corpusscriptorum01niebuoft_0285.png"; bbox 0 0 1832 3152; ppageno 0'>
   <div class='ocr_carea' id='block_1_1' title="bbox 553 119 1564 188">
    <p class='ocr_par' dir='ltr' id='par_1_1' title="bbox 553 119 1564 188">
     <span class='ocr_line' id='line_1_1' title="bbox 553 119 1564 188; baseline -0.007 -7"><span class='ocrx_word' id='word_1_1' title='bbox 553 137 930 182; x_wconf 69' lang='lat' dir='ltr'><strong>ffls‘romARUM</strong></span> <span class='ocrx_word' id='word_1_2' title='bbox 970 140 1040 182; x_wconf 86' lang='lat' dir='ltr'><strong>1v.</strong></span> <span class='ocrx_word' id='word_1_3' title='bbox 1069 134 1135 185; x_wconf 76' lang='lat'><strong>1&#39;6.</strong></span> <span class='ocrx_word' id='word_1_4' title='bbox 1461 119 1532 188; x_wconf 74' lang='lat'><strong>24</strong></span> <span class='ocrx_word' id='word_1_5' title='bbox 1545 140 1564 175; x_wconf 86' lang='lat'>1</span> 
     </span>
    </p>
   </div>
   <div class='ocr_carea' id='block_1_2' title="bbox 81 238 1757 1732">
    <p class='ocr_par' dir='ltr' id='par_1_2' title="bbox 81 238 1757 1732">
     <span class='ocr_line' id='line_1_2' title="bbox 136 238 1757 301; baseline -0.003 -17"><span class='ocrx_word' id='word_1_6' title='bbox 136 241 274 301; x_wconf 62' lang='grc' dir='ltr'><em>πειρίᾳ</em></span> <span class='ocrx_word' id='word_1_7' title='bbox 307 241 351 291; x_wconf 81' lang='grc' dir='ltr'><strong>ἐς</strong></span> <span class='ocrx_word' id='word_1_8' title='bbox 382 238 595 298; x_wconf 73' lang='grc' dir='ltr'><em>γεώλοφόν</em></span> <span class='ocrx_word' id='word_1_9' title='bbox 629 255 671 285; x_wconf 83' lang='grc' dir='ltr'><strong>τι</strong></span> <span class='ocrx_word' id='word_1_10' title='bbox 713 238 1027 298; x_wconf 74' lang='grc' dir='ltr'><em>ἀναδραμόντες</em></span> <span class='ocrx_word' id='word_1_11' title='bbox 1037 275 1050 296; x_wconf 99' lang='grc'><em>,</em></span> <span class='ocrx_word' id='word_1_12' title='bbox 1100 241 1250 298; x_wconf 79' lang='grc' dir='ltr'><em>οἷρετῆς</em></span> <span class='ocrx_word' id='word_1_13' title='bbox 1288 239 1572 284; x_wconf 78' lang='grc' dir='ltr'><em>ἐπεδείκνυντο</em></span> <span class='ocrx_word' id='word_1_14' title='bbox 1586 243 1757 280; x_wconf 67' lang='grc' dir='ltr'><strong>Α.(ἶ.556</strong></span> 
     </span>
     <span class='ocr_line' id='line_1_3' title="bbox 135 291 1726 365; baseline -0.001 -14"><span class='ocrx_word' id='word_1_15' title='bbox 135 308 248 365; x_wconf 65' lang='grc' dir='ltr'><em>ἔργα.</em></span> <span class='ocrx_word' id='word_1_16' title='bbox 291 310 365 350; x_wconf 78' lang='grc' dir='ltr'>καί</span> <span class='ocrx_word' id='word_1_17' title='bbox 395 303 450 362; x_wconf 74' lang='grc' dir='ltr'><strong>ἧν</strong></span> <span class='ocrx_word' id='word_1_18' title='bbox 475 307 652 351; x_wconf 74' lang='grc' dir='ltr'><em>ἐπιπολὺ</em></span> <span class='ocrx_word' id='word_1_19' title='bbox 671 309 698 364; x_wconf 84' lang='grc' dir='ltr'><em>ἧ</em></span> <span class='ocrx_word' id='word_1_20' title='bbox 721 308 840 364; x_wconf 80' lang='grc' dir='ltr'><em>μάχη</em></span> <span class='ocrx_word' id='word_1_21' title='bbox 877 307 1061 364; x_wconf 76' lang='grc' dir='ltr'><em>καρτεροὶ</em></span> <span class='ocrx_word' id='word_1_22' title='bbox 1092 310 1166 350; x_wconf 79' lang='grc' dir='ltr'>καί</span> <span class='ocrx_word' id='word_1_23' title='bbox 1190 306 1447 364; x_wconf 64' lang='grc' dir='ltr'><em>ἆμφιβολος,</em></span> <span class='ocrx_word' id='word_1_24' title='bbox 1492 309 1575 350; x_wconf 77' lang='grc' dir='ltr'><strong>τῶν</strong></span> <span class='ocrx_word' id='word_1_25' title='bbox 1600 293 1626 326; x_wconf 73' lang='lat'><strong>1·</strong></span> <span class='ocrx_word' id='word_1_26' title='bbox 1638 291 1663 325; x_wconf 74' lang='lat'><strong>¹·</strong></span> <span class='ocrx_word' id='word_1_27' title='bbox 1681 292 1726 326; x_wconf 78' lang='lat'><strong>3⁰</strong></span> 
     </span>
     <span class='ocr_line' id='line_1_4' title="bbox 133 372 1576 431; baseline -0.001 -13"><span class='ocrx_word' id='word_1_28' title='bbox 133 377 213 428; x_wconf 80' lang='grc' dir='ltr'><strong>μὲν</strong></span> <span class='ocrx_word' id='word_1_29' title='bbox 232 372 436 416; x_wconf 62' lang='grc' dir='ltr'><em>κύκλωσιν</em></span> <span class='ocrx_word' id='word_1_30' title='bbox 452 390 544 416; x_wconf 84' lang='grc' dir='ltr'><em>τινα</em></span> <span class='ocrx_word' id='word_1_31' title='bbox 567 373 828 431; x_wconf 76' lang='grc' dir='ltr'><em>ποιήσασθαι</em></span> <span class='ocrx_word' id='word_1_32' title='bbox 852 376 1132 430; x_wconf 73' lang='grc' dir='ltr'><em>πειρωμένων,</em></span> <span class='ocrx_word' id='word_1_33' title='bbox 1160 375 1244 415; x_wconf 74' lang='grc' dir='ltr'><strong>τῶν</strong></span> <span class='ocrx_word' id='word_1_34' title='bbox 1265 374 1313 415; x_wconf 81' lang='grc' dir='ltr'><strong>δὲ</strong></span> <span class='ocrx_word' id='word_1_35' title='bbox 1345 372 1576 426; x_wconf 61' lang='lat' dir='ltr'><strong>‘Pwptac&#39;wv</strong></span> 
     </span>
     <span class='ocr_line' id='line_1_5' title="bbox 134 438 1575 496; baseline 0 -14"><span class='ocrx_word' id='word_1_36' title='bbox 134 441 211 482; x_wconf 76' lang='grc' dir='ltr'><strong>νῦν</strong></span> <span class='ocrx_word' id='word_1_37' title='bbox 228 440 307 492; x_wconf 82' lang='grc' dir='ltr'><strong>μὲν</strong></span> <span class='ocrx_word' id='word_1_38' title='bbox 327 440 854 496; x_wconf 71' lang='grc' dir='ltr'><em>ἅθρὸονέπεισπηδιόντων,</em></span> <span class='ocrx_word' id='word_1_39' title='bbox 877 440 934 489; x_wconf 79' lang='grc' dir='ltr'><strong>ὦς</strong></span> <span class='ocrx_word' id='word_1_40' title='bbox 958 438 1031 481; x_wconf 85' lang='grc' dir='ltr'><em>καί</em></span> <span class='ocrx_word' id='word_1_41' title='bbox 1046 441 1227 496; x_wconf 78' lang='grc' dir='ltr'><em>διασπᾷν</em></span> <span class='ocrx_word' id='word_1_42' title='bbox 1248 439 1320 481; x_wconf 82' lang='grc' dir='ltr'><em>καί</em></span> <span class='ocrx_word' id='word_1_43' title='bbox 1340 439 1575 494; x_wconf 73' lang='grc' dir='ltr'><em>ἀναταράτ-</em></span> 
     </span>
     <span class='ocr_line' id='line_1_6' title="bbox 106 500 1610 563; baseline 0.003 -18"><span class='ocrx_word' id='word_1_44' title='bbox 106 509 218 550; x_wconf 69' lang='lat' dir='ltr'><strong>§rav</strong></span> <span class='ocrx_word' id='word_1_45' title='bbox 246 501 414 547; x_wconf 79' lang='grc' dir='ltr'><em>ἅπασαν</em></span> <span class='ocrx_word' id='word_1_46' title='bbox 437 503 512 561; x_wconf 75' lang='grc' dir='ltr'><strong>τήν</strong></span> <span class='ocrx_word' id='word_1_47' title='bbox 539 505 735 562; x_wconf 78' lang='grc' dir='ltr'><em>φάλαγγα</em></span> <span class='ocrx_word' id='word_1_48' title='bbox 761 508 843 548; x_wconf 75' lang='grc' dir='ltr'><strong>τῶν</strong></span> <span class='ocrx_word' id='word_1_49' title='bbox 874 507 1104 559; x_wconf 81' lang='grc' dir='ltr'><em>πολεμίων,</em></span> <span class='ocrx_word' id='word_1_50' title='bbox 1142 506 1216 548; x_wconf 76' lang='grc' dir='ltr'><strong>νῦν</strong></span> <span class='ocrx_word' id='word_1_51' title='bbox 1236 506 1291 563; x_wconf 13' lang='grc' dir='ltr'><strong>,δὲ</strong></span> <span class='ocrx_word' id='word_1_52' title='bbox 1322 500 1450 553; x_wconf 72' lang='grc' dir='ltr'><em>αὖθις</em></span> <span class='ocrx_word' id='word_1_53' title='bbox 1471 501 1610 549; x_wconf 77' lang='grc' dir='ltr'><em>ἄνα-Β</em></span> 
     </span>
     <span class='ocr_line' id='line_1_7' title="bbox 130 562 1577 629; baseline -0.001 -17"><span class='ocrx_word' id='word_1_54' title='bbox 130 568 309 613; x_wconf 76' lang='grc' dir='ltr'><em>θεόντων</em></span> <span class='ocrx_word' id='word_1_55' title='bbox 335 573 409 614; x_wconf 79' lang='grc' dir='ltr'><em>καί</em></span> <span class='ocrx_word' id='word_1_56' title='bbox 438 573 484 614; x_wconf 91' lang='grc' dir='ltr'><strong>ἐν</strong></span> <span class='ocrx_word' id='word_1_57' title='bbox 508 573 565 629; x_wconf 74' lang='grc' dir='ltr'><strong>τῷ</strong></span> <span class='ocrx_word' id='word_1_58' title='bbox 587 572 775 628; x_wconf 79' lang='grc' dir='ltr'><em>ἀσφαλεῖ</em></span> <span class='ocrx_word' id='word_1_59' title='bbox 795 571 1056 627; x_wconf 84' lang='grc' dir='ltr'><em>γιγνομένων.</em></span> <span class='ocrx_word' id='word_1_60' title='bbox 1095 573 1140 614; x_wconf 82' lang='grc' dir='ltr'><strong>ἐν</strong></span> <span class='ocrx_word' id='word_1_61' title='bbox 1167 568 1300 628; x_wconf 79' lang='grc' dir='ltr'><em>τούτῳ</em></span> <span class='ocrx_word' id='word_1_62' title='bbox 1328 571 1375 611; x_wconf 81' lang='grc' dir='ltr'><strong>δὲ</strong></span> <span class='ocrx_word' id='word_1_63' title='bbox 1406 572 1482 626; x_wconf 77' lang='grc' dir='ltr'><strong>τῆς</strong></span> <span class='ocrx_word' id='word_1_64' title='bbox 1503 562 1577 612; x_wconf 66' lang='grc' dir='ltr'><em>ἄλ-</em></span> 
     </span>
     <span class='ocr_line' id='line_1_8' title="bbox 130 631 1577 694; baseline 0 -16"><span class='ocrx_word' id='word_1_65' title='bbox 130 640 212 692; x_wconf 79' lang='grc' dir='ltr'><em>λης</em></span> <span class='ocrx_word' id='word_1_66' title='bbox 233 640 436 693; x_wconf 77' lang='grc' dir='ltr'><em>στρατιᾶς</em></span> <span class='ocrx_word' id='word_1_67' title='bbox 462 631 625 680; x_wconf 66' lang='grc' dir='ltr'><em>ἄνωθεν</em></span> <span class='ocrx_word' id='word_1_68' title='bbox 653 640 699 688; x_wconf 79' lang='grc' dir='ltr'><strong>ἐξ</strong></span> <span class='ocrx_word' id='word_1_69' title='bbox 727 635 957 694; x_wconf 72' lang='grc' dir='ltr'><em>ὑπερτέρου</em></span> <span class='ocrx_word' id='word_1_70' title='bbox 993 635 1106 686; x_wconf 86' lang='grc' dir='ltr'><em>τινὸς</em></span> <span class='ocrx_word' id='word_1_71' title='bbox 1143 631 1265 692; x_wconf 67' lang='grc' dir='ltr'><em>ὅρους</em></span> <span class='ocrx_word' id='word_1_72' title='bbox 1292 637 1577 692; x_wconf 76' lang='grc' dir='ltr'><em>ἐπιφανείσης,</em></span> 
     </span>
     <span class='ocr_line' id='line_1_9' title="bbox 131 699 1604 759; baseline -0.001 -15"><span class='ocrx_word' id='word_1_73' title='bbox 131 703 305 759; x_wconf 83' lang='grc' dir='ltr'><em>ἐνέδραν</em></span> <span class='ocrx_word' id='word_1_74' title='bbox 332 699 442 745; x_wconf 83' lang='grc' dir='ltr'><em>εἶναι</em></span> <span class='ocrx_word' id='word_1_75' title='bbox 475 705 547 745; x_wconf 82' lang='grc' dir='ltr'><em>καί</em></span> <span class='ocrx_word' id='word_1_76' title='bbox 582 702 704 746; x_wconf 85' lang='grc' dir='ltr'><em>δόλον</em></span> <span class='ocrx_word' id='word_1_77' title='bbox 739 702 778 745; x_wconf 84' lang='grc' dir='ltr'><strong>οἱ</strong></span> <span class='ocrx_word' id='word_1_78' title='bbox 805 702 1015 759; x_wconf 81' lang='grc' dir='ltr'><em>βάρβαροι</em></span> <span class='ocrx_word' id='word_1_79' title='bbox 1038 701 1086 745; x_wconf 81' lang='grc' dir='ltr'><strong>τὸ</strong></span> <span class='ocrx_word' id='word_1_80' title='bbox 1109 703 1256 759; x_wconf 80' lang='grc' dir='ltr'><em>χρῆμα</em></span> <span class='ocrx_word' id='word_1_81' title='bbox 1281 699 1578 757; x_wconf 70' lang='grc' dir='ltr'><em>’ὗποτοπήσαν-</em></span> <span class='ocrx_word' id='word_1_82' title='bbox 1601 733 1604 736; x_wconf 87' lang='grc'>-</span> 
     </span>
     <span class='ocr_line' id='line_1_10' title="bbox 130 765 1578 826; baseline -0.001 -17"><span class='ocrx_word' id='word_1_83' title='bbox 130 783 213 821; x_wconf 86' lang='grc' dir='ltr'><em>τες,</em></span> <span class='ocrx_word' id='word_1_84' title='bbox 242 767 373 819; x_wconf 65' lang='grc' dir='ltr'><em>εὐθὺς</em></span> <span class='ocrx_word' id='word_1_85' title='bbox 395 767 573 825; x_wconf 81' lang='grc' dir='ltr'><em>ἔφευγον</em></span> <span class='ocrx_word' id='word_1_86' title='bbox 599 768 909 826; x_wconf 70' lang='grc' dir='ltr'><em>προτροπάδην.</em></span> <span class='ocrx_word' id='word_1_87' title='bbox 938 765 1029 810; x_wconf 78' lang='grc' dir='ltr'><em>ἀλλ’</em></span> <span class='ocrx_word' id='word_1_88' title='bbox 1046 768 1068 811; x_wconf 82' lang='grc' dir='ltr'><em>ὃ</em></span> <span class='ocrx_word' id='word_1_89' title='bbox 1089 770 1173 810; x_wconf 73' lang='grc' dir='ltr'><strong>τῶν</strong></span> <span class='ocrx_word' id='word_1_90' title='bbox 1199 765 1429 821; x_wconf 70' lang='grc' dir='ltr'><strong>εΡωμαίων</strong></span> <span class='ocrx_word' id='word_1_91' title='bbox 1450 783 1578 823; x_wconf 63' lang='grc' dir='ltr'><em>στρομ-</em></span> 
     </span>
     <span class='ocr_line' id='line_1_11' title="bbox 81 829 1574 890; baseline -0.003 -13"><span class='ocrx_word' id='word_1_92' title='bbox 81 831 217 886; x_wconf 78' lang='grc' dir='ltr'><em>ῐοτός,</em></span> <span class='ocrx_word' id='word_1_93' title='bbox 252 833 499 890; x_wconf 77' lang='grc' dir='ltr'><em>(ἐτύγχανον</em></span> <span class='ocrx_word' id='word_1_94' title='bbox 538 833 618 890; x_wconf 76' lang='grc' dir='ltr'><em>γάρ</em></span> <span class='ocrx_word' id='word_1_95' title='bbox 654 829 735 890; x_wconf 73' lang='grc' dir='ltr'><strong>ἤδη</strong></span> <span class='ocrx_word' id='word_1_96' title='bbox 771 830 951 883; x_wconf 80' lang='grc' dir='ltr'><em>ἅπαντες</em></span> <span class='ocrx_word' id='word_1_97' title='bbox 983 833 1180 889; x_wconf 71' lang='grc' dir='ltr'><em>ἀλλήλοις</em></span> <span class='ocrx_word' id='word_1_98' title='bbox 1211 833 1574 889; x_wconf 83' lang='grc' dir='ltr'><em>ἆναμεμιγμὲνοι,)</em></span> 
     </span>
     <span class='ocr_line' id='line_1_12' title="bbox 131 894 1580 954; baseline 0 -14"><span class='ocrx_word' id='word_1_99' title='bbox 131 899 331 942; x_wconf 71' lang='grc' dir='ltr'><em>ἐνέκειντο</em></span> <span class='ocrx_word' id='word_1_100' title='bbox 358 899 475 952; x_wconf 82' lang='grc' dir='ltr'><em>μάλα</em></span> <span class='ocrx_word' id='word_1_101' title='bbox 507 900 743 954; x_wconf 80' lang='grc' dir='ltr'><em>διώκοντες,</em></span> <span class='ocrx_word' id='word_1_102' title='bbox 772 901 851 948; x_wconf 78' lang='grc' dir='ltr'><strong>ἕως</strong></span> <span class='ocrx_word' id='word_1_103' title='bbox 874 898 973 949; x_wconf 84' lang='grc' dir='ltr'><strong>τούς</strong></span> <span class='ocrx_word' id='word_1_104' title='bbox 990 902 1210 948; x_wconf 82' lang='grc' dir='ltr'><em>πλείστους</em></span> <span class='ocrx_word' id='word_1_105' title='bbox 1230 898 1453 952; x_wconf 81' lang='grc' dir='ltr'><em>πολεμίους</em></span> <span class='ocrx_word' id='word_1_106' title='bbox 1476 894 1580 940; x_wconf 79' lang='grc' dir='ltr'><em>ἆπέ-</em></span> 
     </span>
     <span class='ocr_line' id='line_1_13' title="bbox 131 960 1580 1021; baseline 0 -15"><span class='ocrx_word' id='word_1_107' title='bbox 131 980 315 1018; x_wconf 78' lang='grc' dir='ltr'><em>κτειναν,</em></span> <span class='ocrx_word' id='word_1_108' title='bbox 354 962 413 1014; x_wconf 75' lang='grc' dir='ltr'><strong>ὥς</strong></span> <span class='ocrx_word' id='word_1_109' title='bbox 439 964 594 1019; x_wconf 85' lang='grc' dir='ltr'><em>μόνους</em></span> <span class='ocrx_word' id='word_1_110' title='bbox 614 967 662 1008; x_wconf 80' lang='grc' dir='ltr'><strong>ἐκ</strong></span> <span class='ocrx_word' id='word_1_111' title='bbox 686 964 899 1008; x_wconf 82' lang='grc' dir='ltr'><em>τοσούτων</em></span> <span class='ocrx_word' id='word_1_112' title='bbox 923 963 1174 1021; x_wconf 74' lang='grc' dir='ltr'><em>ὀγδοήκοντα</em></span> <span class='ocrx_word' id='word_1_113' title='bbox 1194 960 1351 1021; x_wconf 75' lang='grc' dir='ltr'><em>ἄνδρας</em></span> <span class='ocrx_word' id='word_1_114' title='bbox 1370 966 1414 1014; x_wconf 85' lang='grc' dir='ltr'><strong>ἐς</strong></span> <span class='ocrx_word' id='word_1_115' title='bbox 1434 963 1480 1006; x_wconf 86' lang='grc' dir='ltr'><strong>τὸ</strong></span> <span class='ocrx_word' id='word_1_116' title='bbox 1505 967 1580 1006; x_wconf 66' lang='lat' dir='ltr'><strong>Ec·-</strong></span> 
     </span>
     <span class='ocr_line' id='line_1_14' title="bbox 131 1022 1580 1087; baseline -0.001 -16"><span class='ocrx_word' id='word_1_117' title='bbox 131 1030 287 1087; x_wconf 83' lang='grc' dir='ltr'><em>δηροῦν</em></span> <span class='ocrx_word' id='word_1_118' title='bbox 313 1031 443 1072; x_wconf 79' lang='grc' dir='ltr'><em>ἐκεῖνο</em></span> <span class='ocrx_word' id='word_1_119' title='bbox 466 1031 670 1087; x_wconf 79' lang='grc' dir='ltr'><em>φρούριον</em></span> <span class='ocrx_word' id='word_1_120' title='bbox 693 1030 981 1086; x_wconf 74' lang='grc' dir='ltr'><em>ἀποσωθῆναι.</em></span> <span class='ocrx_word' id='word_1_121' title='bbox 1009 1032 1049 1072; x_wconf 83' lang='grc' dir='ltr'><strong>εἰ</strong></span> <span class='ocrx_word' id='word_1_122' title='bbox 1067 1032 1149 1083; x_wconf 82' lang='grc' dir='ltr'><strong>μὲν</strong></span> <span class='ocrx_word' id='word_1_123' title='bbox 1186 1025 1261 1071; x_wconf 76' lang='grc' dir='ltr'><strong>οὖν</strong></span> <span class='ocrx_word' id='word_1_124' title='bbox 1288 1022 1440 1070; x_wconf 68' lang='grc' dir='ltr'><em>αὖτίκα</em></span> <span class='ocrx_word' id='word_1_125' title='bbox 1470 1022 1580 1078; x_wconf 73' lang='grc' dir='ltr'><em>ὅπως</em></span> 
     </span>
     <span class='ocr_line' id='line_1_15' title="bbox 131 1093 1579 1153; baseline -0.002 -15"><span class='ocrx_word' id='word_1_126' title='bbox 131 1093 247 1151; x_wconf 79' lang='grc' dir='ltr'><em>εἶχον</em></span> <span class='ocrx_word' id='word_1_127' title='bbox 275 1095 408 1153; x_wconf 73' lang='grc' dir='ltr'><em>ὁρμῆς</em></span> <span class='ocrx_word' id='word_1_128' title='bbox 440 1094 479 1139; x_wconf 82' lang='grc' dir='ltr'><strong>οἱ</strong></span> <span class='ocrx_word' id='word_1_129' title='bbox 522 1096 733 1150; x_wconf 67' lang='grc' dir='ltr'><strong>εΡιομοιῑόι</strong></span> <span class='ocrx_word' id='word_1_130' title='bbox 761 1096 945 1151; x_wconf 78' lang='grc' dir='ltr'><em>ἐπῆλθον</em></span> <span class='ocrx_word' id='word_1_131' title='bbox 981 1096 1040 1153; x_wconf 79' lang='grc' dir='ltr'><strong>τῷ</strong></span> <span class='ocrx_word' id='word_1_132' title='bbox 1070 1096 1276 1151; x_wconf 83' lang='grc' dir='ltr'><em>ἐρύματι,</em></span> <span class='ocrx_word' id='word_1_133' title='bbox 1317 1098 1579 1150; x_wconf 85' lang='grc' dir='ltr'><em>καταπεπλη-</em></span> 
     </span>
     <span class='ocr_line' id='line_1_16' title="bbox 81 1155 1578 1218; baseline -0.003 -14"><span class='ocrx_word' id='word_1_134' title='bbox 81 1163 292 1218; x_wconf 77' lang='grc' dir='ltr'><em>ιόγμένων</em></span> <span class='ocrx_word' id='word_1_135' title='bbox 319 1164 403 1203; x_wconf 82' lang='grc' dir='ltr'><strong>τῶν</strong></span> <span class='ocrx_word' id='word_1_136' title='bbox 429 1160 660 1218; x_wconf 77' lang='grc' dir='ltr'><em>βαρβάρων</em></span> <span class='ocrx_word' id='word_1_137' title='bbox 684 1167 772 1212; x_wconf 79' lang='grc' dir='ltr'><em>τοῖς</em></span> <span class='ocrx_word' id='word_1_138' title='bbox 805 1164 1123 1215; x_wconf 77' lang='grc' dir='ltr'><em>ξυνενεχθεῖσιν,</em></span> <span class='ocrx_word' id='word_1_139' title='bbox 1163 1159 1326 1210; x_wconf 82' lang='grc' dir='ltr'><em>πάντως</em></span> <span class='ocrx_word' id='word_1_140' title='bbox 1349 1155 1416 1214; x_wconf 77' lang='grc' dir='ltr'><strong>ἂν,</strong></span> <span class='ocrx_word' id='word_1_141' title='bbox 1444 1157 1578 1214; x_wconf 83' lang='grc' dir='ltr'><em>οἶμαι,</em></span> 
     </span>
     <span class='ocr_line' id='line_1_17' title="bbox 132 1220 1618 1283; baseline -0.001 -14"><span class='ocrx_word' id='word_1_142' title='bbox 132 1227 334 1282; x_wconf 77' lang='grc' dir='ltr'><em>αὖτοβοεί</em></span> <span class='ocrx_word' id='word_1_143' title='bbox 349 1242 396 1283; x_wconf 83' lang='grc' dir='ltr'><strong>γε</strong></span> <span class='ocrx_word' id='word_1_144' title='bbox 418 1225 607 1277; x_wconf 79' lang='grc' dir='ltr'><em>ἅπαντας</em></span> <span class='ocrx_word' id='word_1_145' title='bbox 623 1225 747 1281; x_wconf 85' lang='grc' dir='ltr'><em>εἷλον,</em></span> <span class='ocrx_word' id='word_1_146' title='bbox 766 1228 838 1269; x_wconf 82' lang='grc' dir='ltr'><em>καί</em></span> <span class='ocrx_word' id='word_1_147' title='bbox 859 1220 1108 1283; x_wconf 70' lang='grc' dir='ltr'><em>αὐθημερόν</em></span> <span class='ocrx_word' id='word_1_148' title='bbox 1133 1225 1156 1268; x_wconf 78' lang='grc' dir='ltr'><em>ὅ</em></span> <span class='ocrx_word' id='word_1_149' title='bbox 1176 1225 1356 1279; x_wconf 86' lang='grc' dir='ltr'><em>πόλεμος</em></span> <span class='ocrx_word' id='word_1_150' title='bbox 1372 1223 1575 1268; x_wconf 78' lang='grc' dir='ltr'><em>ἐτελεύτα.</em></span> <span class='ocrx_word' id='word_1_151' title='bbox 1590 1234 1618 1273; x_wconf 78' lang='lat' dir='ltr'>C</span> 
     </span>
     <span class='ocr_line' id='line_1_18' title="bbox 131 1288 1579 1351; baseline -0.001 -15"><span class='ocrx_word' id='word_1_152' title='bbox 131 1295 210 1336; x_wconf 71' lang='grc' dir='ltr'><strong>νῦν</strong></span> <span class='ocrx_word' id='word_1_153' title='bbox 234 1295 281 1336; x_wconf 83' lang='grc' dir='ltr'><strong>δὲ</strong></span> <span class='ocrx_word' id='word_1_154' title='bbox 304 1295 364 1351; x_wconf 71' lang='grc' dir='ltr'><strong>τῷ</strong></span> <span class='ocrx_word' id='word_1_155' title='bbox 387 1292 447 1350; x_wconf 81' lang='grc' dir='ltr'><em>μὴ</em></span> <span class='ocrx_word' id='word_1_156' title='bbox 473 1299 667 1351; x_wconf 81' lang='grc' dir='ltr'><em>παρεῖναι</em></span> <span class='ocrx_word' id='word_1_157' title='bbox 692 1293 839 1342; x_wconf 69' lang='grc' dir='ltr'><em>αὐτοῖς</em></span> <span class='ocrx_word' id='word_1_158' title='bbox 860 1289 1092 1349; x_wconf 84' lang='grc' dir='ltr'><em>στρατηγὸν</em></span> <span class='ocrx_word' id='word_1_159' title='bbox 1114 1294 1197 1334; x_wconf 76' lang='grc' dir='ltr'><strong>τῶν</strong></span> <span class='ocrx_word' id='word_1_160' title='bbox 1220 1288 1579 1346; x_wconf 83' lang='grc' dir='ltr'><em>ὄνομαστοτοίτων,</em></span> 
     </span>
     <span class='ocr_line' id='line_1_19' title="bbox 134 1355 1579 1415; baseline 0 -17"><span class='ocrx_word' id='word_1_161' title='bbox 134 1356 311 1411; x_wconf 78' lang='grc' dir='ltr'><em>δυνάμει</em></span> <span class='ocrx_word' id='word_1_162' title='bbox 342 1374 388 1401; x_wconf 87' lang='grc' dir='ltr'><strong>τε</strong></span> <span class='ocrx_word' id='word_1_163' title='bbox 430 1358 504 1401; x_wconf 76' lang='grc' dir='ltr'><em>καὶ</em></span> <span class='ocrx_word' id='word_1_164' title='bbox 540 1357 783 1415; x_wconf 76' lang='grc' dir='ltr'><em>φρονήματι</em></span> <span class='ocrx_word' id='word_1_165' title='bbox 812 1355 1080 1414; x_wconf 74' lang='grc' dir='ltr'><em>προῦχοντα,</em></span> <span class='ocrx_word' id='word_1_166' title='bbox 1119 1356 1237 1407; x_wconf 84' lang='grc' dir='ltr'><em>ἴσους</em></span> <span class='ocrx_word' id='word_1_167' title='bbox 1271 1359 1319 1399; x_wconf 84' lang='grc' dir='ltr'><strong>δὲ</strong></span> <span class='ocrx_word' id='word_1_168' title='bbox 1351 1358 1503 1412; x_wconf 81' lang='grc' dir='ltr'><em>σχέδον</em></span> <span class='ocrx_word' id='word_1_169' title='bbox 1537 1374 1579 1399; x_wconf 90' lang='grc' dir='ltr'><strong>τι</strong></span> 
     </span>
     <span class='ocr_line' id='line_1_20' title="bbox 135 1414 1582 1478; baseline 0.001 -15"><span class='ocrx_word' id='word_1_170' title='bbox 135 1417 322 1470; x_wconf 78' lang='grc' dir='ltr'><em>ἅπαντας</em></span> <span class='ocrx_word' id='word_1_171' title='bbox 343 1423 626 1477; x_wconf 74' lang='grc' dir='ltr'><em>καθεστάναι,</em></span> <span class='ocrx_word' id='word_1_172' title='bbox 668 1423 726 1473; x_wconf 73' lang='grc' dir='ltr'><strong>ὥς</strong></span> <span class='ocrx_word' id='word_1_173' title='bbox 747 1425 820 1465; x_wconf 80' lang='grc' dir='ltr'><em>καί</em></span> <span class='ocrx_word' id='word_1_174' title='bbox 845 1424 1106 1477; x_wconf 73' lang='grc' dir='ltr'><em>ἀντεγκαλεῖν</em></span> <span class='ocrx_word' id='word_1_175' title='bbox 1127 1422 1323 1478; x_wconf 75' lang='grc' dir='ltr'><em>ἀλλήλοις</em></span> <span class='ocrx_word' id='word_1_176' title='bbox 1351 1421 1481 1476; x_wconf 81' lang='grc' dir='ltr'><em>τυχὸν</em></span> <span class='ocrx_word' id='word_1_177' title='bbox 1509 1414 1582 1464; x_wconf 71' lang='grc' dir='ltr'><strong>καὶ</strong></span> 
     </span>
     <span class='ocr_line' id='line_1_21' title="bbox 82 1484 1583 1545; baseline -0.001 -15"><span class='ocrx_word' id='word_1_178' title='bbox 82 1487 616 1543; x_wconf 61' lang='grc' dir='ltr'><em>ηοᾶντιπαρακελεύεσθαι,</em></span> <span class='ocrx_word' id='word_1_179' title='bbox 655 1489 728 1528; x_wconf 76' lang='grc' dir='ltr'><em>καί</em></span> <span class='ocrx_word' id='word_1_180' title='bbox 757 1488 881 1531; x_wconf 85' lang='grc' dir='ltr'><strong>ὅποῖα</strong></span> <span class='ocrx_word' id='word_1_181' title='bbox 904 1484 1007 1531; x_wconf 72' lang='grc' dir='ltr'><em>ἄττα</em></span> <span class='ocrx_word' id='word_1_182' title='bbox 1038 1504 1101 1537; x_wconf 84' lang='grc' dir='ltr'><strong>τις</strong></span> <span class='ocrx_word' id='word_1_183' title='bbox 1131 1488 1303 1545; x_wconf 80' lang='grc' dir='ltr'><em>φήσειεν</em></span> <span class='ocrx_word' id='word_1_184' title='bbox 1330 1486 1474 1530; x_wconf 79' lang='grc' dir='ltr'><em>τοιάδε</em></span> <span class='ocrx_word' id='word_1_185' title='bbox 1509 1484 1583 1529; x_wconf 75' lang='grc' dir='ltr'><em>καὶ</em></span> 
     </span>
     <span class='ocr_line' id='line_1_22' title="bbox 137 1549 1584 1610; baseline -0.001 -15"><span class='ocrx_word' id='word_1_186' title='bbox 137 1554 309 1607; x_wconf 75' lang='grc' dir='ltr'><em>ἐπαΐειν,</em></span> <span class='ocrx_word' id='word_1_187' title='bbox 338 1549 465 1608; x_wconf 70' lang='grc' dir='ltr'><em>ἀτελῆ</em></span> <span class='ocrx_word' id='word_1_188' title='bbox 487 1554 560 1595; x_wconf 84' lang='grc' dir='ltr'><em>καί</em></span> <span class='ocrx_word' id='word_1_189' title='bbox 586 1552 635 1594; x_wconf 80' lang='grc' dir='ltr'><strong>οὖ</strong></span> <span class='ocrx_word' id='word_1_190' title='bbox 661 1552 757 1595; x_wconf 81' lang='grc' dir='ltr'><em>λίαν</em></span> <span class='ocrx_word' id='word_1_191' title='bbox 777 1553 1001 1604; x_wconf 72' lang='grc' dir='ltr'><em>ἀξιέπαινα</em></span> <span class='ocrx_word' id='word_1_192' title='bbox 1029 1555 1196 1610; x_wconf 73' lang='grc' dir='ltr'><em>ὑπῆρχε</em></span> <span class='ocrx_word' id='word_1_193' title='bbox 1211 1551 1262 1597; x_wconf 74' lang='grc' dir='ltr'><strong>τὰ</strong></span> <span class='ocrx_word' id='word_1_194' title='bbox 1282 1552 1584 1610; x_wconf 82' lang='grc' dir='ltr'><em>ἐγχειρήματα.</em></span> 
     </span>
     <span class='ocr_line' id='line_1_23' title="bbox 137 1615 1583 1675; baseline 0 -15"><span class='ocrx_word' id='word_1_195' title='bbox 137 1620 181 1667; x_wconf 83' lang='grc' dir='ltr'><strong>ἐς</strong></span> <span class='ocrx_word' id='word_1_196' title='bbox 207 1616 289 1674; x_wconf 72' lang='grc' dir='ltr'><em>γάρ</em></span> <span class='ocrx_word' id='word_1_197' title='bbox 326 1615 533 1674; x_wconf 78' lang='grc' dir='ltr'><em>διάφορόν</em></span> <span class='ocrx_word' id='word_1_198' title='bbox 569 1635 664 1660; x_wconf 93' lang='grc' dir='ltr'><em>τινα</em></span> <span class='ocrx_word' id='word_1_199' title='bbox 700 1617 868 1674; x_wconf 76' lang='grc' dir='ltr'><em>γνώμην</em></span> <span class='ocrx_word' id='word_1_200' title='bbox 895 1621 1216 1675; x_wconf 80' lang='grc' dir='ltr'><em>μεμερισμένοι,</em></span> <span class='ocrx_word' id='word_1_201' title='bbox 1269 1619 1343 1662; x_wconf 81' lang='grc' dir='ltr'><em>καί</em></span> <span class='ocrx_word' id='word_1_202' title='bbox 1378 1617 1476 1667; x_wconf 75' lang='grc' dir='ltr'><em>τοὺς</em></span> <span class='ocrx_word' id='word_1_203' title='bbox 1504 1619 1583 1672; x_wconf 81' lang='grc' dir='ltr'><strong>μὲν</strong></span> 
     </span>
     <span class='ocr_line' id='line_1_24' title="bbox 232 1686 1584 1732; baseline -0.001 -11"><span class='ocrx_word' id='word_1_204' title='bbox 232 1698 282 1721; x_wconf 85' lang='grc' dir='ltr'><strong>ιι.</strong></span> <span class='ocrx_word' id='word_1_205' title='bbox 306 1686 515 1732; x_wconf 81' lang='grc' dir='ltr'><em>πολεμίους</em></span> <span class='ocrx_word' id='word_1_206' title='bbox 543 1686 625 1723; x_wconf 90' lang='lat' dir='ltr'><strong>add.</strong></span> <span class='ocrx_word' id='word_1_207' title='bbox 650 1698 695 1720; x_wconf 86' lang='lat' dir='ltr'><strong>ex</strong></span> <span class='ocrx_word' id='word_1_208' title='bbox 718 1689 757 1720; x_wconf 89' lang='lat' dir='ltr'><strong>R.</strong></span> <span class='ocrx_word' id='word_1_209' title='bbox 783 1691 820 1720; x_wconf 92' lang='lat' dir='ltr'><strong>et</strong></span> <span class='ocrx_word' id='word_1_210' title='bbox 846 1687 959 1732; x_wconf 87' lang='lat' dir='ltr'><strong>Intpr.</strong></span> <span class='ocrx_word' id='word_1_211' title='bbox 1036 1688 1084 1722; x_wconf 80' lang='lat'><strong>13.</strong></span> <span class='ocrx_word' id='word_1_212' title='bbox 1111 1686 1366 1729; x_wconf 72' lang='grc' dir='ltr'><em>ἀποσωθῆναι</em></span> <span class='ocrx_word' id='word_1_213' title='bbox 1389 1688 1448 1726; x_wconf 88' lang='lat' dir='ltr'><strong>R.‚</strong></span> <span class='ocrx_word' id='word_1_214' title='bbox 1473 1695 1584 1732; x_wconf 82' lang='grc' dir='ltr'><em>περι-</em></span> 
     </span>
    </p>
   </div>
   <div class='ocr_carea' id='block_1_3' title="bbox 169 1732 1582 1826">
    <p class='ocr_par' dir='ltr' id='par_1_3' title="bbox 169 1732 1582 1826">
     <span class='ocr_line' id='line_1_25' title="bbox 169 1732 1582 1812; baseline 0.001 -46"><span class='ocrx_word' id='word_1_215' title='bbox 169 1763 172 1766; x_wconf 15' lang='lat'><strong>,</strong></span> <span class='ocrx_word' id='word_1_216' title='bbox 229 1734 519 1812; x_wconf 53' lang='lat' dir='ltr'><strong>qw²⁹gvmlv¹¹lg·</strong></span> <span class='ocrx_word' id='word_1_217' title='bbox 619 1742 668 1779; x_wconf 84' lang='lat'><strong>17.</strong></span> <span class='ocrx_word' id='word_1_218' title='bbox 694 1734 767 1769; x_wconf 79' lang='grc' dir='ltr'><strong>νῦν</strong></span> <span class='ocrx_word' id='word_1_219' title='bbox 790 1732 832 1768; x_wconf 85' lang='grc' dir='ltr'><strong>δὲ</strong></span> <span class='ocrx_word' id='word_1_220' title='bbox 858 1750 901 1759; x_wconf 88' lang='lat'><em>-</em></span> <span class='ocrx_word' id='word_1_221' title='bbox 925 1735 1078 1768; x_wconf 76' lang='grc' dir='ltr'><em>καθεστ.</em></span> <span class='ocrx_word' id='word_1_222' title='bbox 1106 1745 1173 1768; x_wconf 90' lang='lat' dir='ltr'><strong>om.</strong></span> <span class='ocrx_word' id='word_1_223' title='bbox 1192 1735 1232 1768; x_wconf 86' lang='lat' dir='ltr'><strong>R.</strong></span> <span class='ocrx_word' id='word_1_224' title='bbox 1302 1745 1359 1768; x_wconf 80' lang='lat'><strong>20.</strong></span> <span class='ocrx_word' id='word_1_225' title='bbox 1387 1732 1504 1767; x_wconf 71' lang='grc' dir='ltr'><em>ὁποῖα</em></span> <span class='ocrx_word' id='word_1_226' title='bbox 1528 1735 1582 1774; x_wconf 83' lang='grc' dir='ltr'><strong>Β.,</strong></span> 
     </span>
     <span class='ocr_line' id='line_1_26' title="bbox 230 1790 455 1826; baseline 0 -14"><span class='ocrx_word' id='word_1_227' title='bbox 230 1790 325 1813; x_wconf 85' lang='grc' dir='ltr'><em>οποι</em></span> <span class='ocrx_word' id='word_1_228' title='bbox 362 1791 408 1814; x_wconf 85' lang='lat' dir='ltr'><strong>vu</strong></span> <span class='ocrx_word' id='word_1_229' title='bbox 425 1791 455 1826; x_wconf 84' lang='lat' dir='ltr'><strong>g.</strong></span> 
     </span>
    </p>
   </div>
   <div class='ocr_carea' id='block_1_4' title="bbox 136 1846 1580 2782">
    <p class='ocr_par' dir='ltr' id='par_1_4' title="bbox 136 1846 1578 1894">
     <span class='ocr_line' id='line_1_27' title="bbox 136 1846 1578 1894; baseline 0 -12"><span class='ocrx_word' id='word_1_230' title='bbox 136 1849 190 1883; x_wconf 88' lang='lat' dir='ltr'><strong>rei</strong></span> <span class='ocrx_word' id='word_1_231' title='bbox 212 1847 366 1883; x_wconf 77' lang='lat' dir='ltr'>bellicae</span> <span class='ocrx_word' id='word_1_232' title='bbox 390 1846 522 1894; x_wconf 87' lang='lat' dir='ltr'><strong>peritia</strong></span> <span class='ocrx_word' id='word_1_233' title='bbox 544 1849 584 1883; x_wconf 91' lang='lat' dir='ltr'><strong>in</strong></span> <span class='ocrx_word' id='word_1_234' title='bbox 612 1849 743 1884; x_wconf 85' lang='lat' dir='ltr'><strong>collem</strong></span> <span class='ocrx_word' id='word_1_235' title='bbox 795 1850 951 1885; x_wconf 88' lang='lat' dir='ltr'><strong>uendam</strong></span> <span class='ocrx_word' id='word_1_236' title='bbox 975 1861 1079 1885; x_wconf 88' lang='lat' dir='ltr'><strong>cursu</strong></span> <span class='ocrx_word' id='word_1_237' title='bbox 1107 1847 1232 1891; x_wconf 87' lang='lat' dir='ltr'><strong>delati,</strong></span> <span class='ocrx_word' id='word_1_238' title='bbox 1257 1846 1401 1883; x_wconf 85' lang='lat' dir='ltr'><strong>fortiter</strong></span> <span class='ocrx_word' id='word_1_239' title='bbox 1412 1851 1578 1883; x_wconf 85' lang='lat' dir='ltr'><strong>strenue-</strong></span> 
     </span>
    </p>

    <p class='ocr_par' dir='ltr' id='par_1_5' title="bbox 136 1862 1580 2782">
     <span class='ocr_line' id='line_1_28' title="bbox 189 1862 1578 1942; baseline -0.002 -12"><span class='ocrx_word' id='word_1_240' title='bbox 189 1907 208 1930; x_wconf 84' lang='lat' dir='ltr'><strong>e</strong></span> <span class='ocrx_word' id='word_1_241' title='bbox 234 1906 310 1930; x_wconf 83' lang='lat' dir='ltr'><strong>rem</strong></span> <span class='ocrx_word' id='word_1_242' title='bbox 334 1896 530 1942; x_wconf 79' lang='lat' dir='ltr'><strong>gerebant,</strong></span> <span class='ocrx_word' id='word_1_243' title='bbox 558 1896 703 1942; x_wconf 79' lang='lat' dir='ltr'>fuitque</span> <span class='ocrx_word' id='word_1_244' title='bbox 727 1862 862 1930; x_wconf 43' lang='lat' dir='ltr'><strong>duffium</strong></span> <span class='ocrx_word' id='word_1_245' title='bbox 893 1898 983 1931; x_wconf 83' lang='lat' dir='ltr'><strong>acris</strong></span> <span class='ocrx_word' id='word_1_246' title='bbox 1023 1899 1119 1932; x_wconf 87' lang='lat' dir='ltr'><strong>inter</strong></span> <span class='ocrx_word' id='word_1_247' title='bbox 1144 1908 1204 1931; x_wconf 89' lang='lat' dir='ltr'><strong>eos</strong></span> <span class='ocrx_word' id='word_1_248' title='bbox 1229 1895 1415 1942; x_wconf 89' lang='lat' dir='ltr'><strong>dubiaque</strong></span> <span class='ocrx_word' id='word_1_249' title='bbox 1439 1906 1578 1942; x_wconf 59' lang='lat' dir='ltr'><strong>pugna,</strong></span> 
     </span>
     <span class='ocr_line' id='line_1_29' title="bbox 137 1939 1579 1989; baseline -0.001 -13"><span class='ocrx_word' id='word_1_250' title='bbox 137 1939 211 1976; x_wconf 79' lang='lat' dir='ltr'><strong>ilis</strong></span> <span class='ocrx_word' id='word_1_251' title='bbox 236 1941 383 1989; x_wconf 86' lang='lat' dir='ltr'><strong>quidem</strong></span> <span class='ocrx_word' id='word_1_252' title='bbox 408 1943 448 1977; x_wconf 91' lang='lat' dir='ltr'><strong>in</strong></span> <span class='ocrx_word' id='word_1_253' title='bbox 471 1943 595 1977; x_wconf 88' lang='lat' dir='ltr'><strong>orbem</strong></span> <span class='ocrx_word' id='word_1_254' title='bbox 616 1941 793 1977; x_wconf 79' lang='lat' dir='ltr'><strong>Romanos</strong></span> <span class='ocrx_word' id='word_1_255' title='bbox 817 1944 960 1989; x_wconf 83' lang='lat' dir='ltr'><strong>cingere</strong></span> <span class='ocrx_word' id='word_1_256' title='bbox 985 1939 1220 1985; x_wconf 75' lang='lat' dir='ltr'><strong>conantibus,</strong></span> <span class='ocrx_word' id='word_1_257' title='bbox 1258 1944 1424 1976; x_wconf 81' lang='lat' dir='ltr'><strong>Romanis</strong></span> <span class='ocrx_word' id='word_1_258' title='bbox 1458 1948 1579 1975; x_wconf 83' lang='lat' dir='ltr'><strong>autem</strong></span> 
     </span>
     <span class='ocr_line' id='line_1_30' title="bbox 137 1987 1579 2035; baseline -0.001 -13"><span class='ocrx_word' id='word_1_259' title='bbox 137 1987 244 2023; x_wconf 88' lang='lat' dir='ltr'><strong>modo</strong></span> <span class='ocrx_word' id='word_1_260' title='bbox 280 1989 470 2023; x_wconf 83' lang='lat' dir='ltr'><strong>confertim</strong></span> <span class='ocrx_word' id='word_1_261' title='bbox 500 1990 540 2023; x_wconf 90' lang='lat' dir='ltr'><strong>in</strong></span> <span class='ocrx_word' id='word_1_262' title='bbox 574 1999 634 2024; x_wconf 80' lang='lat' dir='ltr'><strong>eos</strong></span> <span class='ocrx_word' id='word_1_263' title='bbox 666 1988 963 2035; x_wconf 81' lang='lat' dir='ltr'>prosilientibus,</span> <span class='ocrx_word' id='word_1_264' title='bbox 986 1991 1077 2026; x_wconf 87' lang='lat' dir='ltr'><strong>adeo</strong></span> <span class='ocrx_word' id='word_1_265' title='bbox 1110 1997 1153 2025; x_wconf 90' lang='lat' dir='ltr'><strong>ut</strong></span> <span class='ocrx_word' id='word_1_266' title='bbox 1187 1991 1389 2024; x_wconf 83' lang='lat' dir='ltr'><strong>universam</strong></span> <span class='ocrx_word' id='word_1_267' title='bbox 1417 1988 1579 2022; x_wconf 85' lang='lat' dir='ltr'><strong>hostium</strong></span> 
     </span>
     <span class='ocr_line' id='line_1_31' title="bbox 137 2035 1578 2082; baseline -0.001 -14"><span class='ocrx_word' id='word_1_268' title='bbox 137 2035 252 2069; x_wconf 79' lang='lat' dir='ltr'><strong>aciem</strong></span> <span class='ocrx_word' id='word_1_269' title='bbox 279 2037 523 2070; x_wconf 86' lang='lat' dir='ltr'><strong>convellerent</strong></span> <span class='ocrx_word' id='word_1_270' title='bbox 549 2047 590 2070; x_wconf 84' lang='lat' dir='ltr'><strong>ac</strong></span> <span class='ocrx_word' id='word_1_271' title='bbox 612 2037 867 2082; x_wconf 81' lang='lat' dir='ltr'><strong>perturbarent</strong></span> <span class='ocrx_word' id='word_1_272' title='bbox 918 2039 1026 2072; x_wconf 89' lang='lat' dir='ltr'><strong>modo</strong></span> <span class='ocrx_word' id='word_1_273' title='bbox 1053 2037 1366 2072; x_wconf 85' lang='lat' dir='ltr'><strong>retrocedentibus</strong></span> <span class='ocrx_word' id='word_1_274' title='bbox 1391 2041 1429 2069; x_wconf 82' lang='lat' dir='ltr'><strong>e&#39;t</strong></span> <span class='ocrx_word' id='word_1_275' title='bbox 1451 2036 1491 2069; x_wconf 83' lang='lat' dir='ltr'><strong>in</strong></span> <span class='ocrx_word' id='word_1_276' title='bbox 1515 2040 1578 2067; x_wconf 88' lang='lat' dir='ltr'><strong>tu-</strong></span> 
     </span>
     <span class='ocr_line' id='line_1_32' title="bbox 136 2063 1580 2131; baseline -0.001 -15"><span class='ocrx_word' id='word_1_277' title='bbox 136 2087 215 2115; x_wconf 84' lang='lat' dir='ltr'><strong>tum</strong></span> <span class='ocrx_word' id='word_1_278' title='bbox 238 2093 336 2126; x_wconf 68' lang='lat' dir='ltr'><strong>sese,</strong></span> <span class='ocrx_word' id='word_1_279' title='bbox 358 2082 628 2128; x_wconf 86' lang='lat' dir='ltr'><strong>recipientibus.</strong></span> <span class='ocrx_word' id='word_1_280' title='bbox 683 2085 826 2118; x_wconf 85' lang='lat' dir='ltr'><strong>Interea</strong></span> <span class='ocrx_word' id='word_1_281' title='bbox 859 2063 944 2118; x_wconf 67' lang='lat' dir='ltr'><strong>(sum</strong></span> <span class='ocrx_word' id='word_1_282' title='bbox 991 2085 1155 2131; x_wconf 81' lang='lat' dir='ltr'><strong>reliquae</strong></span> <span class='ocrx_word' id='word_1_283' title='bbox 1180 2086 1420 2118; x_wconf 82' lang='lat' dir='ltr'><strong>Romanorum</strong></span> <span class='ocrx_word' id='word_1_284' title='bbox 1453 2082 1580 2126; x_wconf 86' lang='lat' dir='ltr'><strong>copiae</strong></span> 
     </span>
     <span class='ocr_line' id='line_1_33' title="bbox 138 2127 1580 2177; baseline -0.001 -15"><span class='ocrx_word' id='word_1_285' title='bbox 138 2129 278 2163; x_wconf 80' lang='lat' dir='ltr'><strong>eminus</strong></span> <span class='ocrx_word' id='word_1_286' title='bbox 302 2140 346 2162; x_wconf 86' lang='lat' dir='ltr'><strong>ex</strong></span> <span class='ocrx_word' id='word_1_287' title='bbox 369 2129 522 2164; x_wconf 84' lang='lat' dir='ltr'><strong>editiore</strong></span> <span class='ocrx_word' id='word_1_288' title='bbox 548 2130 703 2177; x_wconf 88' lang='lat' dir='ltr'><strong>quodam</strong></span> <span class='ocrx_word' id='word_1_289' title='bbox 727 2137 850 2163; x_wconf 88' lang='lat' dir='ltr'><strong>monte</strong></span> <span class='ocrx_word' id='word_1_290' title='bbox 875 2143 912 2163; x_wconf 82' lang='lat' dir='ltr'><strong>se</strong></span> <span class='ocrx_word' id='word_1_291' title='bbox 945 2131 1164 2171; x_wconf 86' lang='lat' dir='ltr'><strong>ostendunt,-</strong></span> <span class='ocrx_word' id='word_1_292' title='bbox 1189 2128 1332 2162; x_wconf 85' lang='lat' dir='ltr'><strong>barbari</strong></span> <span class='ocrx_word' id='word_1_293' title='bbox 1366 2127 1517 2162; x_wconf 80' lang='lat' dir='ltr'><strong>insidias</strong></span> <span class='ocrx_word' id='word_1_294' title='bbox 1543 2131 1580 2160; x_wconf 90' lang='lat' dir='ltr'><strong>et</strong></span> 
     </span>
     <span class='ocr_line' id='line_1_34' title="bbox 139 2174 1579 2231; baseline -0.001 -23"><span class='ocrx_word' id='word_1_295' title='bbox 139 2175 263 2208; x_wconf 84' lang='lat' dir='ltr'><strong>dolum</strong></span> <span class='ocrx_word' id='word_1_296' title='bbox 288 2187 363 2210; x_wconf 84' lang='lat' dir='ltr'><strong>rem</strong></span> <span class='ocrx_word' id='word_1_297' title='bbox 386 2187 464 2211; x_wconf 89' lang='lat' dir='ltr'><strong>esse</strong></span> <span class='ocrx_word' id='word_1_298' title='bbox 488 2188 546 2210; x_wconf 83' lang='lat' dir='ltr'><strong>sus</strong></span> <span class='ocrx_word' id='word_1_299' title='bbox 574 2178 721 2218; x_wconf 84' lang='lat' dir='ltr'><strong>icantes,</strong></span> <span class='ocrx_word' id='word_1_300' title='bbox 757 2177 1038 2211; x_wconf 78' lang='lat' dir='ltr'><strong>concitatissime</strong></span> <span class='ocrx_word' id='word_1_301' title='bbox 1063 2178 1188 2210; x_wconf 83' lang='lat' dir='ltr'><strong>statim</strong></span> <span class='ocrx_word' id='word_1_302' title='bbox 1211 2175 1391 2231; x_wconf 59' lang='lat' dir='ltr'><strong>sugerunt.</strong></span> <span class='ocrx_word' id='word_1_303' title='bbox 1439 2174 1486 2207; x_wconf 87' lang='lat' dir='ltr'><strong>At</strong></span> <span class='ocrx_word' id='word_1_304' title='bbox 1507 2175 1579 2207; x_wconf 80' lang='lat' dir='ltr'><strong>Ro-</strong></span> 
     </span>
     <span class='ocr_line' id='line_1_35' title="bbox 139 2190 1578 2271; baseline 0 -17"><span class='ocrx_word' id='word_1_305' title='bbox 139 2233 324 2257; x_wconf 82' lang='lat' dir='ltr'><strong>manorum</strong></span> <span class='ocrx_word' id='word_1_306' title='bbox 349 2224 526 2258; x_wconf 82' lang='lat' dir='ltr'><strong>exercitus</strong></span> <span class='ocrx_word' id='word_1_307' title='bbox 548 2190 644 2271; x_wconf 48' lang='lat' dir='ltr'><strong>fiam</strong></span> <span class='ocrx_word' id='word_1_308' title='bbox 672 2224 768 2257; x_wconf 90' lang='lat' dir='ltr'><strong>enim</strong></span> <span class='ocrx_word' id='word_1_309' title='bbox 790 2224 951 2257; x_wconf 82' lang='lat' dir='ltr'><strong>universi</strong></span> <span class='ocrx_word' id='word_1_310' title='bbox 975 2224 1072 2257; x_wconf 89' lang='lat' dir='ltr'><strong>inter</strong></span> <span class='ocrx_word' id='word_1_311' title='bbox 1097 2235 1134 2257; x_wconf 87' lang='lat' dir='ltr'><strong>se</strong></span> <span class='ocrx_word' id='word_1_312' title='bbox 1158 2219 1331 2269; x_wconf 66' lang='lat' dir='ltr'><strong>pei-muti</strong></span> <span class='ocrx_word' id='word_1_313' title='bbox 1365 2226 1484 2262; x_wconf 81' lang='lat' dir='ltr'><strong>erant)</strong></span> <span class='ocrx_word' id='word_1_314' title='bbox 1504 2219 1578 2254; x_wconf 80' lang='lat' dir='ltr'><strong>ho-</strong></span> 
     </span>
     <span class='ocr_line' id='line_1_36' title="bbox 139 2265 1577 2317; baseline 0 -17"><span class='ocrx_word' id='word_1_315' title='bbox 139 2268 249 2301; x_wconf 84' lang='lat' dir='ltr'><strong>stium</strong></span> <span class='ocrx_word' id='word_1_316' title='bbox 279 2271 386 2315; x_wconf 78' lang='lat' dir='ltr'><strong>tergis</strong></span> <span class='ocrx_word' id='word_1_317' title='bbox 411 2270 540 2304; x_wconf 88' lang='lat' dir='ltr'><strong>acriter</strong></span> <span class='ocrx_word' id='word_1_318' title='bbox 570 2271 810 2311; x_wconf 84' lang='lat' dir='ltr'><strong>insistebant,</strong></span> <span class='ocrx_word' id='word_1_319' title='bbox 845 2269 960 2304; x_wconf 89' lang='lat' dir='ltr'><strong>donec</strong></span> <span class='ocrx_word' id='word_1_320' title='bbox 993 2265 1275 2317; x_wconf 83' lang='lat' dir='ltr'><strong>quamplurimos</strong></span> <span class='ocrx_word' id='word_1_321' title='bbox 1310 2275 1434 2302; x_wconf 84' lang='lat' dir='ltr'><strong>eorum</strong></span> <span class='ocrx_word' id='word_1_322' title='bbox 1461 2268 1577 2301; x_wconf 85' lang='lat' dir='ltr'><strong>inter-</strong></span> 
     </span>
     <span class='ocr_line' id='line_1_37' title="bbox 139 2311 1578 2363; baseline -0.002 -13"><span class='ocrx_word' id='word_1_323' title='bbox 139 2317 329 2356; x_wconf 81' lang='lat' dir='ltr'><strong>fecerunt,</strong></span> <span class='ocrx_word' id='word_1_324' title='bbox 354 2315 444 2351; x_wconf 85' lang='lat' dir='ltr'><strong>adeo</strong></span> <span class='ocrx_word' id='word_1_325' title='bbox 469 2321 512 2351; x_wconf 84' lang='lat' dir='ltr'><strong>ut</strong></span> <span class='ocrx_word' id='word_1_326' title='bbox 536 2328 581 2351; x_wconf 81' lang='lat' dir='ltr'><strong>ex</strong></span> <span class='ocrx_word' id='word_1_327' title='bbox 610 2322 710 2351; x_wconf 89' lang='lat' dir='ltr'><strong>tanto</strong></span> <span class='ocrx_word' id='word_1_328' title='bbox 734 2328 883 2350; x_wconf 88' lang='lat' dir='ltr'><strong>numero</strong></span> <span class='ocrx_word' id='word_1_329' title='bbox 909 2317 976 2351; x_wconf 79' lang='lat' dir='ltr'><strong>soli</strong></span> <span class='ocrx_word' id='word_1_330' title='bbox 1011 2318 1196 2363; x_wconf 86' lang='lat' dir='ltr'><strong>octoginta</strong></span> <span class='ocrx_word' id='word_1_331' title='bbox 1227 2315 1298 2351; x_wconf 74' lang='lat' dir='ltr'><strong>viri</strong></span> <span class='ocrx_word' id='word_1_332' title='bbox 1335 2311 1374 2349; x_wconf 88' lang='lat' dir='ltr'><strong>in</strong></span> <span class='ocrx_word' id='word_1_333' title='bbox 1404 2313 1578 2348; x_wconf 84' lang='lat' dir='ltr'><strong>Ferreum</strong></span> 
     </span>
     <span class='ocr_line' id='line_1_38' title="bbox 140 2359 1578 2410; baseline -0.003 -14"><span class='ocrx_word' id='word_1_334' title='bbox 140 2361 234 2396; x_wconf 89' lang='lat' dir='ltr'><strong>illud</strong></span> <span class='ocrx_word' id='word_1_335' title='bbox 258 2362 566 2408; x_wconf 83' lang='lat' dir='ltr'><strong>propugnaculum</strong></span> <span class='ocrx_word' id='word_1_336' title='bbox 596 2364 686 2397; x_wconf 87' lang='lat' dir='ltr'><strong>salvi</strong></span> <span class='ocrx_word' id='word_1_337' title='bbox 720 2364 906 2398; x_wconf 84' lang='lat' dir='ltr'><strong>redierint.</strong></span> <span class='ocrx_word' id='word_1_338' title='bbox 942 2360 1052 2410; x_wconf 81' lang='lat' dir='ltr'><strong>Quod</strong></span> <span class='ocrx_word' id='word_1_339' title='bbox 1086 2359 1234 2410; x_wconf 83' lang='lat' dir='ltr'><strong>quidem</strong></span> <span class='ocrx_word' id='word_1_340' title='bbox 1267 2361 1578 2408; x_wconf 82' lang='lat' dir='ltr'><strong>propugnaculum</strong></span> 
     </span>
     <span class='ocr_line' id='line_1_39' title="bbox 139 2406 1578 2456; baseline -0.003 -13"><span class='ocrx_word' id='word_1_341' title='bbox 139 2409 170 2443; x_wconf 84' lang='lat' dir='ltr'><strong>si</strong></span> <span class='ocrx_word' id='word_1_342' title='bbox 204 2409 332 2442; x_wconf 88' lang='lat' dir='ltr'><strong>eodem</strong></span> <span class='ocrx_word' id='word_1_343' title='bbox 361 2410 497 2456; x_wconf 88' lang='lat' dir='ltr'><strong>impetu</strong></span> <span class='ocrx_word' id='word_1_344' title='bbox 530 2409 745 2445; x_wconf 84' lang='lat' dir='ltr'><strong>invasissent</strong></span> <span class='ocrx_word' id='word_1_345' title='bbox 772 2411 944 2452; x_wconf 84' lang='lat' dir='ltr'><strong>Romani,</strong></span> <span class='ocrx_word' id='word_1_346' title='bbox 980 2411 1154 2456; x_wconf 87' lang='lat' dir='ltr'><strong>perculsis</strong></span> <span class='ocrx_word' id='word_1_347' title='bbox 1202 2407 1271 2443; x_wconf 86' lang='lat' dir='ltr'><strong>hac</strong></span> <span class='ocrx_word' id='word_1_348' title='bbox 1303 2410 1441 2442; x_wconf 82' lang='lat' dir='ltr'><strong>recenti</strong></span> <span class='ocrx_word' id='word_1_349' title='bbox 1474 2406 1578 2440; x_wconf 87' lang='lat' dir='ltr'><strong>clade</strong></span> 
     </span>
     <span class='ocr_line' id='line_1_40' title="bbox 138 2453 1575 2504; baseline -0.001 -17"><span class='ocrx_word' id='word_1_350' title='bbox 138 2454 330 2496; x_wconf 85' lang='lat' dir='ltr'><strong>barbaris,</strong></span> <span class='ocrx_word' id='word_1_351' title='bbox 356 2467 431 2490; x_wconf 88' lang='lat' dir='ltr'><strong>non</strong></span> <span class='ocrx_word' id='word_1_352' title='bbox 461 2454 671 2499; x_wconf 86' lang='lat' dir='ltr'><strong>dubitarim,</strong></span> <span class='ocrx_word' id='word_1_353' title='bbox 697 2459 787 2504; x_wconf 88' lang='lat' dir='ltr'><strong>quin</strong></span> <span class='ocrx_word' id='word_1_354' title='bbox 809 2459 926 2503; x_wconf 89' lang='lat' dir='ltr'><strong>primo</strong></span> <span class='ocrx_word' id='word_1_355' title='bbox 959 2456 1098 2491; x_wconf 85' lang='lat' dir='ltr'><strong>insultu</strong></span> <span class='ocrx_word' id='word_1_356' title='bbox 1131 2457 1306 2490; x_wconf 53' lang='lat' dir='ltr'><strong>universi*</strong></span> <span class='ocrx_word' id='word_1_357' title='bbox 1322 2454 1401 2500; x_wconf 90' lang='lat' dir='ltr'><strong>capi</strong></span> <span class='ocrx_word' id='word_1_358' title='bbox 1433 2453 1575 2499; x_wconf 87' lang='lat' dir='ltr'><strong>potuis-</strong></span> 
     </span>
     <span class='ocr_line' id='line_1_41' title="bbox 141 2500 1575 2548; baseline -0.003 -13"><span class='ocrx_word' id='word_1_359' title='bbox 141 2507 243 2542; x_wconf 87' lang='lat' dir='ltr'><strong>sent,</strong></span> <span class='ocrx_word' id='word_1_360' title='bbox 269 2513 383 2548; x_wconf 88' lang='lat' dir='ltr'><strong>eoque</strong></span> <span class='ocrx_word' id='word_1_361' title='bbox 411 2504 491 2548; x_wconf 81' lang='lat' dir='ltr'><strong>ipso</strong></span> <span class='ocrx_word' id='word_1_362' title='bbox 519 2503 579 2537; x_wconf 91' lang='lat' dir='ltr'><strong>die</strong></span> <span class='ocrx_word' id='word_1_363' title='bbox 602 2503 740 2538; x_wconf 87' lang='lat' dir='ltr'><strong>bellum</strong></span> <span class='ocrx_word' id='word_1_364' title='bbox 764 2505 872 2539; x_wconf 82' lang='lat' dir='ltr'><strong>finem</strong></span> <span class='ocrx_word' id='word_1_365' title='bbox 897 2504 1094 2538; x_wconf 81' lang='lat' dir='ltr'><strong>habuisset.</strong></span> <span class='ocrx_word' id='word_1_366' title='bbox 1146 2501 1251 2536; x_wconf 82' lang='lat' dir='ltr'><strong>Nunc</strong></span> <span class='ocrx_word' id='word_1_367' title='bbox 1275 2512 1359 2535; x_wconf 87' lang='lat' dir='ltr'><strong>vero</strong></span> <span class='ocrx_word' id='word_1_368' title='bbox 1391 2500 1490 2546; x_wconf 88' lang='lat' dir='ltr'><strong>quod</strong></span> <span class='ocrx_word' id='word_1_369' title='bbox 1513 2510 1575 2532; x_wconf 93' lang='lat' dir='ltr'><strong>ce-</strong></span> 
     </span>
     <span class='ocr_line' id='line_1_42' title="bbox 141 2546 1575 2598; baseline -0.003 -16"><span class='ocrx_word' id='word_1_370' title='bbox 141 2548 299 2582; x_wconf 87' lang='lat' dir='ltr'><strong>lebriore</strong></span> <span class='ocrx_word' id='word_1_371' title='bbox 323 2549 445 2594; x_wconf 84' lang='lat' dir='ltr'><strong>aliquo</strong></span> <span class='ocrx_word' id='word_1_372' title='bbox 469 2550 652 2594; x_wconf 83' lang='lat' dir='ltr'><strong>praesecto</strong></span> <span class='ocrx_word' id='word_1_373' title='bbox 682 2557 802 2585; x_wconf 89' lang='lat' dir='ltr'><strong>essent</strong></span> <span class='ocrx_word' id='word_1_374' title='bbox 827 2552 1015 2593; x_wconf 89' lang='lat' dir='ltr'><strong>destituti,</strong></span> <span class='ocrx_word' id='word_1_375' title='bbox 1042 2552 1179 2598; x_wconf 84' lang='lat' dir='ltr'><strong>quique</strong></span> <span class='ocrx_word' id='word_1_376' title='bbox 1206 2552 1386 2595; x_wconf 83' lang='lat' dir='ltr'><strong>potestate</strong></span> <span class='ocrx_word' id='word_1_377' title='bbox 1413 2546 1575 2591; x_wconf 86' lang='lat' dir='ltr'><strong>pruden-</strong></span> 
     </span>
     <span class='ocr_line' id='line_1_43' title="bbox 143 2595 1575 2643; baseline -0.002 -15"><span class='ocrx_word' id='word_1_378' title='bbox 143 2595 269 2641; x_wconf 85' lang='lat' dir='ltr'><strong>tiaque</strong></span> <span class='ocrx_word' id='word_1_379' title='bbox 295 2596 508 2637; x_wconf 86' lang='lat' dir='ltr'><strong>excelleret,</strong></span> <span class='ocrx_word' id='word_1_380' title='bbox 533 2597 596 2631; x_wconf 88' lang='lat' dir='ltr'><strong>sed</strong></span> <span class='ocrx_word' id='word_1_381' title='bbox 620 2610 742 2632; x_wconf 79' lang='lat' dir='ltr'><strong>omnes</strong></span> <span class='ocrx_word' id='word_1_382' title='bbox 765 2598 1025 2643; x_wconf 86' lang='lat' dir='ltr'><strong>propemodum</strong></span> <span class='ocrx_word' id='word_1_383' title='bbox 1056 2598 1152 2631; x_wconf 83' lang='lat' dir='ltr'><strong>inter</strong></span> <span class='ocrx_word' id='word_1_384' title='bbox 1175 2607 1214 2629; x_wconf 90' lang='lat' dir='ltr'><strong>se</strong></span> <span class='ocrx_word' id='word_1_385' title='bbox 1245 2600 1363 2628; x_wconf 86' lang='lat' dir='ltr'><strong>essent</strong></span> <span class='ocrx_word' id='word_1_386' title='bbox 1389 2601 1514 2639; x_wconf 84' lang='lat' dir='ltr'><strong>pares,</strong></span> <span class='ocrx_word' id='word_1_387' title='bbox 1538 2596 1575 2625; x_wconf 87' lang='lat' dir='ltr'><strong>et</strong></span> 
     </span>
     <span class='ocr_line' id='line_1_44' title="bbox 143 2636 1572 2691; baseline -0.001 -17"><span class='ocrx_word' id='word_1_388' title='bbox 143 2648 270 2675; x_wconf 86' lang='lat' dir='ltr'><strong>mutua</strong></span> <span class='ocrx_word' id='word_1_389' title='bbox 311 2643 463 2675; x_wconf 88' lang='lat' dir='ltr'><strong>consilia</strong></span> <span class='ocrx_word' id='word_1_390' title='bbox 509 2643 745 2688; x_wconf 84' lang='lat' dir='ltr'><strong>improbando</strong></span> <span class='ocrx_word' id='word_1_391' title='bbox 786 2645 1036 2691; x_wconf 79' lang='lat' dir='ltr'><strong>contrariaque</strong></span> <span class='ocrx_word' id='word_1_392' title='bbox 1070 2636 1275 2677; x_wconf 82' lang='lat' dir='ltr'><strong>mandando</strong></span> <span class='ocrx_word' id='word_1_393' title='bbox 1309 2645 1496 2680; x_wconf 79' lang='lat' dir='ltr'><strong>certarent,</strong></span> <span class='ocrx_word' id='word_1_394' title='bbox 1535 2643 1572 2672; x_wconf 90' lang='lat' dir='ltr'><strong>et</strong></span> 
     </span>
     <span class='ocr_line' id='line_1_45' title="bbox 143 2687 1574 2736; baseline -0.002 -15"><span class='ocrx_word' id='word_1_395' title='bbox 143 2688 264 2733; x_wconf 83' lang='lat' dir='ltr'><strong>qualia</strong></span> <span class='ocrx_word' id='word_1_396' title='bbox 291 2690 446 2735; x_wconf 83' lang='lat' dir='ltr'><strong>quisque</strong></span> <span class='ocrx_word' id='word_1_397' title='bbox 470 2688 640 2731; x_wconf 84' lang='lat' dir='ltr'><strong>dixisset,</strong></span> <span class='ocrx_word' id='word_1_398' title='bbox 671 2688 758 2724; x_wconf 76' lang='lat' dir='ltr'><strong>talia</strong></span> <span class='ocrx_word' id='word_1_399' title='bbox 790 2690 952 2732; x_wconf 86' lang='lat' dir='ltr'><strong>audiret,</strong></span> <span class='ocrx_word' id='word_1_400' title='bbox 985 2691 1219 2736; x_wconf 79' lang='lat' dir='ltr'><strong>imperfectae</strong></span> <span class='ocrx_word' id='word_1_401' title='bbox 1248 2699 1372 2731; x_wconf 84' lang='lat' dir='ltr'><strong>eorum</strong></span> <span class='ocrx_word' id='word_1_402' title='bbox 1411 2687 1574 2720; x_wconf 86' lang='lat' dir='ltr'><strong>actiones</strong></span> 
     </span>
     <span class='ocr_line' id='line_1_46' title="bbox 143 2734 1570 2782; baseline -0.001 -14"><span class='ocrx_word' id='word_1_403' title='bbox 143 2744 264 2781; x_wconf 86' lang='lat' dir='ltr'><strong>neque</strong></span> <span class='ocrx_word' id='word_1_404' title='bbox 287 2734 483 2770; x_wconf 85' lang='lat' dir='ltr'><strong>admodum</strong></span> <span class='ocrx_word' id='word_1_405' title='bbox 517 2735 646 2782; x_wconf 84' lang='lat' dir='ltr'><strong>dignae</strong></span> <span class='ocrx_word' id='word_1_406' title='bbox 672 2737 777 2773; x_wconf 80' lang='lat' dir='ltr'><strong>laude</strong></span> <span class='ocrx_word' id='word_1_407' title='bbox 803 2738 961 2773; x_wconf 79' lang='lat' dir='ltr'><strong>fuerunt.</strong></span> <span class='ocrx_word' id='word_1_408' title='bbox 1009 2738 1099 2772; x_wconf 88' lang='lat' dir='ltr'><strong>Cum</strong></span> <span class='ocrx_word' id='word_1_409' title='bbox 1132 2736 1229 2769; x_wconf 85' lang='lat' dir='ltr'><strong>enim</strong></span> <span class='ocrx_word' id='word_1_410' title='bbox 1263 2736 1302 2769; x_wconf 89' lang='lat' dir='ltr'><strong>in</strong></span> <span class='ocrx_word' id='word_1_411' title='bbox 1333 2734 1489 2768; x_wconf 81' lang='lat' dir='ltr'><strong>diversas</strong></span> <span class='ocrx_word' id='word_1_412' title='bbox 1514 2741 1570 2767; x_wconf 54' lang='lat' dir='ltr'><strong>es*</strong></span> 
     </span>
    </p>
   </div>
   <div class='ocr_carea' id='block_1_5' title="bbox 227 2797 1312 2844">
    <p class='ocr_par' dir='ltr' id='par_1_6' title="bbox 227 2797 1312 2844">
     <span class='ocr_line' id='line_1_47' title="bbox 227 2797 1312 2844; baseline 0 -14"><span class='ocrx_word' id='word_1_413' title='bbox 227 2797 416 2844; x_wconf 76' lang='lat' dir='ltr'><strong>Agathias.</strong></span> <span class='ocrx_word' id='word_1_414' title='bbox 1271 2798 1312 2830; x_wconf 82' lang='lat'><strong>16</strong></span> 
     </span>
    </p>
   </div>
  </div>
 </body>
</html>
