1722 3146
509 117 554 157 Bss
585 115 799 157 VULCAN
804 119 839 157 11
867 117 1137 162 EPISTOLA.
1391 117 1535 163 XXVII

99 218 283 259 ventur?
350 217 626 271 Quantopere
657 229 760 256 vero
797 230 868 256 eos
902 217 1200 257 contaminarit
1226 223 1351 271 atque
1374 217 1538 272 pollue·

100 282 159 324 rit
180 296 315 323 crassa
336 282 647 322 nonnullorum
669 281 949 336 interpretum
974 283 1158 335 inscitia,
1184 298 1309 325 nemo
1329 290 1392 324 est
1410 283 1537 324 etiam

95 347 208 387 infra
233 347 566 388 mediocritatem
590 347 740 388 doctus
772 347 846 401 qui
875 349 1064 394 nesciat;
1103 349 1304 404 sensique
1329 349 1419 404 ipse
1438 363 1538 388 cum

98 411 144 451 iu
177 412 272 453 aliis
297 413 442 454 multis
472 413 719 453 authoribus
739 443 750 464 ,
800 419 890 452 tum
917 427 1020 452 vero
1053 414 1283 468 praecipue
1314 415 1356 455 in
1383 413 1538 468 Cyrilli

95 479 383 522 Alexandrini
415 478 666 530 Thesauro,
707 484 750 519 et
775 477 935 519 divinis
960 478 1046 518 illis
1074 479 1126 519 de
1160 479 1368 520 Trinitate
1397 479 1536 525 libris,

97 547 144 587 in
176 545 331 600 quibus
368 544 478 584 nihil
510 545 602 585 fere
642 558 826 599 agnosco
854 544 1007 599 Cyrilli
1040 551 1208 599 praeter
1233 545 1396 584 nudum
1421 544 1537 585 illius

98 626 270 653 nomen.
342 611 463 651 Hanc
485 611 629 665 itaque
657 611 847 665 Spartam
866 642 879 662 ‚
918 616 965 649 ut
988 611 1045 649 ita
1073 610 1235 660 dicam,
1270 610 1535 664 linguariatn,

97 678 180 719 hoc
211 683 276 718 est
305 677 616 732 interpretandi
636 678 823 717 Graecos
855 676 1053 717 authores
1085 683 1128 716 et
1157 676 1198 716 in
1225 677 1418 716 Latinam
1452 677 1535 715 lin-

95 757 221 798 guam
248 742 526 784 convertendi
549 742 784 791 rationem,
822 742 961 783 veluti
984 742 1111 796 genio
1137 749 1397 795 naturaeque
1421 756 1537 781 meae

95 807 491 849 convenientiorem
521 808 654 848 semel
682 809 915 862 amplexus,
948 808 1046 848 dedi
1077 822 1247 862 operam
1265 807 1470 848 hactenus
1493 813 1540 846 ut

94 887 172 928 pro
194 873 311 913 virili
328 887 546 920 ornarem;
577 885 619 913 et
633 874 809 927 quidem
834 888 920 914 non
943 888 1078 927 pauca
1099 879 1290 914 veterum
1313 873 1540 913 authorum

94 938 372 992 Theologica,
400 938 718 993 Philosophica‚
747 939 956 979 Historica
975 939 1234 993 Poeticaque
1262 938 1420 993 scripta
1446 952 1538 994 par-

92 1004 170 1046 tim
190 1010 314 1044 antea
337 1019 423 1044 non
457 1005 571 1046 edita
592 1006 743 1045 Latine
766 1005 905 1055 verti,
936 1005 1088 1060 partim
1111 1005 1222 1045 edita
1246 1005 1435 1059 quidem,
1465 1004 1542 1046 sed

93 1069 160 1110 ita,
190 1075 239 1109 ut
273 1065 511 1117 ἄνεκδότοις
542 1070 756 1122 ἐναλίγκια
788 1070 941 1110 merito
977 1071 1143 1111 censeri
1180 1078 1375 1125 possent,
1428 1085 1542 1111 nova

95 1135 452 1190 interpretatione
476 1135 659 1187 donavi,
707 1150 794 1175 non
819 1136 973 1188 exiguo
1003 1136 1065 1174 uti
1092 1150 1216 1190 spero
1241 1137 1307 1176 rei
1328 1137 1541 1176 literariae

91 1200 224 1245 bono.
254 1201 444 1242 Tametsi
472 1215 522 1241 ex
553 1201 606 1242 iis
633 1202 868 1256 quaedam,
899 1202 1044 1242 nescio
1067 1216 1153 1256 quo
1182 1202 1294 1241 malo
1319 1203 1431 1252 fato,
1458 1216 1543 1240 ma-

93 1281 178 1322 gno
199 1273 315 1307 certe
337 1281 432 1307 meo
456 1281 553 1307 cum
576 1267 723 1307 dolore
739 1297 750 1318 ,
783 1281 923 1321 neque
948 1268 1116 1308 minore
1145 1282 1242 1307 cum
1268 1267 1541 1308 incommodo

94 1331 294 1388 publico,
335 1347 586 1387 summoque
613 1333 849 1373 multorum
873 1333 1215 1374 doctissimorum
1244 1333 1431 1373 virorum
1463 1333 1542 1373 de-

95 1397 270 1446 siderio,
296 1403 410 1438 »totos
436 1399 518 1438 iam
547 1398 794 1452 quindecim
819 1413 953 1439 annos
972 1400 1083 1453 apud
1110 1399 1442 1454 Typographum
1469 1399 1541 1439 cui

94 1477 144 1504 ea
175 1464 429 1504 excudenda
462 1464 661 1504 dederam
684 1464 871 1504 haerent.
937 1466 1062 1505 Nunc
1097 1480 1200 1505 vero
1222 1466 1443 1520 Agathiam
1473 1465 1540 1504 hi·

95 1529 299 1570 storicum
322 1529 531 1583 optimum
557 1530 631 1584 qui
657 1531 883 1571 Iustiniani
910 1531 1178 1585 Imperatoris
1206 1545 1271 1570 res
1299 1537 1432 1584 gestas
1449 1535 1543 1584 post

95 1595 356 1649 Procopium
386 1596 704 1636 Caesariensem
736 1603 799 1636 est
830 1603 1136 1651 persequutus,
1175 1599 1336 1636 Graece
1362 1595 1543 1636 antehac

94 1674 317 1714 nunquam
343 1660 454 1715 typis
477 1660 652 1711 editum,
680 1661 724 1699 in
744 1661 885 1701 lucem
911 1663 1079 1715 emitto3
1098 1662 1335 1715 Agathiam‚
1354 1661 1542 1714 inquam,

93 1726 238 1767 virum
266 1741 365 1767 suae
397 1726 542 1766 aetatis
568 1726 881 1777 doctissimum,
920 1728 1081 1782 quique
1115 1741 1224 1766 unus
1254 1727 1373 1768 illam
1396 1723 1543 1778 δι’ζυγα

94 1789 279 1845 misachar,
305 1791 390 1831 hoc
407 1799 469 1832 est
486 1792 688 1832 Poeticen
710 1807 808 1832 cum
824 1793 1035 1844 Oratoria,
1057 1792 1114 1831 ita
1139 1793 1378 1843 coniunxit,
1399 1799 1448 1832 ut
1469 1793 1544 1832 du-

94 1857 217 1907 bium
239 1857 296 1898 sit
321 1857 365 1897 in
385 1863 480 1897 utra
505 1859 635 1912 magis
656 1858 931 1904 excelluerit3
955 1858 999 1897 in
1018 1864 1198 1912 utraque
1225 1864 1338 1898 certe
1358 1872 1444 1897 non
1460 1858 1544 1897 du·-

95 1922 208 1962 biam
233 1922 286 1964 de
315 1922 514 1963 omnibus
538 1923 605 1963 sui
628 1924 720 1963 aevi
747 1923 1024 1978 scriptoribus
1053 1923 1276 1964 victoriam
1299 1923 1543 1978 reportavit.

96 1986 135 2029 E
157 1989 277 2029 cuius
311 1988 499 2029 editione
515 1989 747 2043 plurimum
769 1995 812 2029 et
840 1989 1057 2030 Historiae.
1084 1994 1126 2029 et
1149 1991 1336 2028 Graecae
1367 1989 1540 2042 linguae

97 2053 354 2094 incrementi
377 2055 706 2108 ornamentique
726 2062 788 2095 est
813 2069 1094 2097 accessurum.
1126 2057 1269 2106 Quum
1289 2054 1404 2094 enim
1430 2054 1543 2094 varia

98 2119 431 2174 gravissimaque
457 2120 572 2160 bella
597 2120 802 2161 adversus
830 2121 1179 2176 populosissimas
1211 2120 1544 2174 potentissimas-2

97 2199 181 2237 que
207 2185 415 2236 nationes,
427 2187 616 2226 Francos
640 2186 820 2237 scilicet,
834 2186 1030 2237 Gotthos,
1041 2186 1273 2236 vandalos,
1288 2186 1480 2236 Huunos,
1501 2192 1543 2225 et

97 2250 244 2290 Persas
262 2256 377 2304 gesta
391 2251 603 2291 describat
615 2269 625 2297 ;
655 2258 745 2291 tum
762 2266 862 2292 vero
883 2252 935 2292 de
953 2266 1100 2291 eorum
1123 2252 1312 2291 moribus
1332 2258 1458 2305 atque
1481 2252 1544 2290 in-

97 2313 280 2366 stitutis,
323 2329 371 2355 ac
401 2316 630 2371 praecipue
661 2317 713 2357 de
741 2318 1013 2358 Persicorum
1036 2331 1184 2371 regum
1215 2317 1465 2370 genealogia
1494 2331 1542 2357 ac

98 2379 264 2433 politia,
290 2380 424 2420 multa
444 2389 744 2423 commemorat
760 2383 870 2426 scitu
896 2383 1142 2437 dignissima
1169 2397 1278 2436 quae
1299 2382 1411 2436 apud
1435 2381 1541 2422 alios

98 2436 324 2499 scriptores
355 2459 565 2501 nusquam
592 2449 874 2503 reperiantur.
944 2450 1076 2490 Stilus
1103 2449 1191 2504 ipse
1218 2449 1345 2502 plane
1377 2452 1441 2486 est
1466 2446 1542 2486 flo-

100 2510 222 2550 ridus
258 2516 384 2564 atque
416 2526 646 2565 amoenus,
675 2514 821 2554 multis
848 2517 1156 2555 sententiarum
1180 2513 1411 2553 luminibus
1442 2512 1542 2552 illu·

99 2581 266 2619 stratus.
326 2576 481 2617 Verbis
517 2593 614 2619 vero
642 2579 774 2618 utitur
805 2580 1115 2631 selectissimis‚
1162 2586 1204 2618 et
1240 2580 1488 2631 frequenter
1518 2592 1542 2617 a

102 2643 319 2681 communi
349 2658 429 2682 usu
458 2658 506 2683 ac
525 2644 836 2698 significatione
859 2647 1052 2691 remotis;
1084 2645 1190 2686 adeo
1210 2651 1253 2683 ut
1273 2643 1423 2683 Suidas
1446 2643 1541 2685 dili-

101 2720 204 2767 gens
231 2708 555 2764 glossographus
590 2711 846 2764 potissimam
876 2711 1022 2752 Lexici
1048 2711 1112 2750 sui
1143 2716 1302 2764 partem
1332 2723 1384 2750 ex
1413 2708 1540 2749 huius
