1794 3112
246 138 274 170 2
283 137 311 169 2
783 133 1054 175 AGATHI'AE

76 244 116 280 Α,
129 242 165 275 C.
178 232 286 277 552311
300 229 451 287 Θρᾴκῃ,
474 228 602 282 τυχὸν
625 231 670 272 δὲ
684 229 727 271 ἐν
740 233 769 273 I
769 232 947 286 λλυρίοις
968 229 1386 287 τάγμασιπεριπεσιόν
1399 233 1649 286 Ῥωμαϊκοϊς

113 289 396 341 Ῑ”Ῑ·26·ἆκλεῶς
425 289 477 334 ἂν
509 292 728 348 διεφθάρη.
765 292 810 335 τό
837 309 882 347 γε
912 294 994 348 μήν
1016 297 1058 342 ἐς
1077 293 1234 337 ἔννοιαν
1266 298 1396 338 ταῦτα
1424 295 1641 349 βαλέσθαι,

243 356 315 398 καί
341 354 428 397 εἶτα
450 358 627 411 θελῆσαί
643 373 687 397 τε
713 357 783 398 καί
813 358 1031 412 ἐφίεσθαι,
1073 359 1146 399 καί
1175 357 1221 400 τό
1253 363 1290 413 y’
1329 360 1483 402 ἐκείνου
1517 360 1642 415 μέρος

242 416 399 460 ἅπαντα
414 414 490 473 ἤδη
517 422 772 474 πεπρᾶχθαι,
793 420 1010 475 κράτιστον
1035 417 1085 463 ἂν
1102 420 1163 475 εἴη
1185 420 1255 463 τὸν
1279 420 1409 477 ἄνδρα
1423 424 1650 478 τεκμηριῶ-

241 499 336 535 σαι,
383 481 437 531 ὥς
461 481 588 532 δεινός
619 499 664 524 τε
690 480 742 538 ἧν
773 483 845 525 καί
866 483 1053 538 αὐθάδης
1077 488 1148 526 καί
1170 482 1255 533 οἶος
1275 484 1321 526 τὸ
1342 487 1546 538 μανιῶδες
1578 488 1672 535 καὶ5

242 545 463 601 ἔμπληκτον
485 543 674 602 ἀνδρείαν
694 547 894 602 ἡγεῖσθαι.
972 549 1010 588 εἰ
1026 546 1103 602 γάρ
1123 547 1181 602 μὴ
1203 547 1385 603 ἔφθασεν
1408 550 1432 603 ἦ
1460 551 1535 590 τοῦ
1554 551 1648 602 βιόυ

241 609 404 664 τελευτὴ
429 609 473 651 τὸ
499 610 735 666 ἐγχείρημα,
764 609 864 659 ἴσως
889 606 940 652 ἂν
965 613 1035 651 καί
1056 611 1247 665 ἐνήρξατο
1269 612 1342 666 τῆς
1363 613 1540 668 πορείας·
1576 612 1651 653 νῦν

243 675 290 715 δὲ
311 674 380 716 ἐπὶ
399 673 534 728 θήραν
562 672 634 715 ἰών
656 676 809 730 ταῦρος
833 674 945 730 αὐτῷ
970 672 1224 727 ὑπαντιάζει,
1251 678 1380 728 μέγας
1399 692 1442 717 τε
1462 675 1533 716 καί
1549 673 1651 727 ὑψί-

211 746 393 794 Οκερως,
434 739 483 778 οὖ
508 738 590 779 τῶν
610 741 821 780 τιθασσαῖν
858 738 987 794 δήπου
1010 739 1168 780 τούτων
1187 741 1259 779 καὶ
1284 739 1496 794 ἀροτήρων
1505 772 1518 791 ,
1563 739 1651 779 ἀλλ’

240 799 438 853 ῧλονόμος
458 804 527 843 καί
548 797 690 856 ὄρειος,
718 802 791 843 καί
811 808 894 852 τοῖς
912 805 1054 858 κέρασι
1075 801 1122 843 τὸ
1145 798 1360 844 ἀντίπαλον
1385 802 1704 858 διαφθειρωνΊΟ

243 864 474 919 βουβάλους
497 861 611 918 οἶμαι
634 866 729 907 τόδε
755 865 800 907 τὸ
826 867 939 920 γένος
964 867 1148 908 καλοῦσι.
1201 872 1380 908 πλεῖστοι
1405 868 1451 908 δὲ
1474 865 1555 908 ἀνὰ
1581 864 1653 920 τὴν

240 929 371 984 ἐκείνῃ
396 923 563 984 ἤπειρον
588 931 790 981 νέμονται·
819 926 1079 986 ἆμφηρεφεῖς
1099 946 1142 971 τε
1166 927 1240 984 γάρ
1271 929 1314 971 αἱ
1339 929 1478 983 νάπαι,
1506 928 1578 971 καί
1599 927 1652 970 τὰ

242 985 318 1046 ὅρη
346 989 493 1044 λάσια,
553 991 624 1034 καί
645 994 896 1047 δυσχείμερα
923 992 973 1035 τὰ
991 994 1150 1047 χωρία,
1198 991 1328 1034 ἅπασι
1354 995 1401 1035 δὲ
1421 994 1579 1041 τούτοις
1601 1007 1648 1033 το

241 1055 346 1104 ζῶον
372 1053 547 1108 ἥδεσθαι
568 1059 749 1111 πέφυκε.
791 1058 933 1098 τοῦτον
960 1055 1010 1112 δή
1038 1053 1110 1098 οὖν
1141 1054 1162 1097 ὃ
1187 1056 1457 1112 Θευδιζθερτος
1477 1055 1520 1098 ἔκ
1542 1071 1652 1104 τινος

239 1116 370 1172 νάπης
389 1117 490 1160 ἰδών
508 1115 765 1174 ἆναθορόντα
789 1122 860 1162 καί
884 1119 1174 1175 ἐπερχόμενον,
1215 1120 1389 1175 εἱστήκει
1419 1116 1468 1161 εὖ
1489 1118 1704 1172 διαβάςμΞ

241 1181 298 1230 ὥς
312 1183 366 1238 τῷ
386 1181 529 1237 δόρατι
549 1183 811 1225 ’ὑπαντιάσων
824 1200 836 1212 ·
873 1183 894 1225 ὅ
914 1185 972 1236 δὲ,
993 1183 1133 1239 ἐπειδὴ
1156 1185 1286 1238 οἷγχοῧ
1306 1183 1490 1238 ἐγεγόνει,
1511 1185 1560 1239 τῇ
1579 1182 1650 1239 ῥο-

239 1247 295 1302 πῇ
314 1247 384 1288 τοῦ
409 1245 562 1301 δρόμου
594 1245 814 1302 φερόμενος
842 1248 885 1298 ἒς
905 1249 1072 1303 δένδρον
1092 1265 1132 1289 τι
1164 1250 1248 1290 τῶν
1280 1245 1328 1289 οὗ
1350 1247 1442 1290 λίαν
1462 1247 1650 1300 μεγάλων

334 1333 362 1356 1.
387 1322 427 1355 ἐν
446 1321 564 1367 Θρᾴκῃ
588 1322 667 1356 add.
689 1335 732 1357 ex
746 1325 783 1356 R.
806 1329 843 1357 et
862 1325 985 1368 Intpr„
1013 1324 1106 1367 vulg.
1131 1324 1280 1359 lacunae
1302 1324 1448 1369 signum.
1552 1333 1586 1358 α.
1603 1319 1652 1356 ἂν

331 1367 455 1399 addidi
476 1379 518 1400 ex
534 1369 572 1401 R.
716 1369 894 1412 βαλέσθαι
916 1370 953 1401 R.
967 1392 977 1408 ‚
993 1368 1168 1412 λαβέσθαι
1191 1371 1277 1416 ffllg.
1389 1370 1422 1402 3.
1454 1365 1490 1411 γ’
1504 1366 1651 1401 ἐκείνου

329 1413 383 1452 Β.,
407 1421 452 1456 γε
484 1413 627 1447 ἐκείνου
653 1413 745 1458 vulg.
881 1413 912 1456 4.
933 1414 1182 1459 τεκμηριῶσαι
1203 1415 1259 1456 R„
1284 1414 1531 1460 τεκμηριᾶσαι
1558 1413 1617 1445 vul
1643 1436 1653 1446 .

332 1460 365 1491 6.
381 1456 560 1501 οἷνδρείαν
574 1458 683 1502 Lugd.
707 1465 743 1492 et
766 1458 892 1492 suidas
918 1470 944 1492 s.
961 1469 993 1490 v.
1017 1459 1244 1503 ἔμπληκτος,
1273 1459 1428 1504 ἀνδρίαν
1446 1459 1482 1491 Β.
1514 1463 1550 1492 et
1570 1424 1650 1491 εδδ.

329 1514 362 1547 7.
390 1500 430 1535 τὸ
455 1504 654 1548 ἐγχείρημα
673 1505 722 1544 R„
754 1506 818 1537 καὶ
846 1497 887 1536 τὸ
906 1503 1109 1549 ἐγχείρημα
1127 1505 1219 1550 vulg.
1310 1517 1343 1550 9.
1367 1503 1442 1538 τῶν
1461 1505 1654 1537 τιθασσιῦν

331 1546 450 1588 δήπου
471 1548 612 1582 τούτων
632 1550 696 1580 καὶ
713 1548 903 1594 ἀροτήρων
929 1561 993 1582 em.
1014 1550 1201 1589 Vulcanii,
1226 1561 1330 1606 quam
1343 1551 1551 1583 confirmant
1566 1550 1652 1585 aet

329 1593 467 1638 Intpr.,
502 1594 592 1638 vulg.
613 1593 660 1637 τῷ
685 1595 828 1638 τιθασῴ
848 1593 967 1636 δήπου
989 1593 1104 1639 τούτῳ
1137 1597 1199 1627 καὶ
1226 1594 1402 1640 αροτήρῳ.
1459 1595 1652 1627 neaeman!

327 1649 393 1682 pro
424 1641 589 1672 τιθασῶν
619 1640 656 1672 Β.
797 1651 850 1674 ιο.
881 1641 962 1672 Post
989 1638 1107 1682 ὄρειος
1139 1639 1217 1673 add.
1247 1642 1378 1684 Intpr.:
1408 1640 1587 1685 fier-usque
1616 1647 1652 1674 et

328 1692 526 1728 cornupeta
552 1692 745 1729 et'magna
772 1686 934 1729 corpo-ris
959 1685 1061 1718 mole.
1195 1696 1242 1720 ια.
1272 1686 1392 1730 ἐκείνῃ
1417 1685 1477 1724 Ν.,
1507 1684 1652 1724 ἐκείνην

325 1729 418 1771 vulg.
441 1734 477 1762 ct
497 1730 532 1761 R.
674 1731 723 1764 13.
747 1727 845 1767 ἅπας
869 1730 933 1762 καὶ
957 1730 1066 1762 τοῦτο
1087 1731 1125 1763 R.
1268 1731 1318 1766 15.
1339 1727 1576 1774 ἅναθορόντα
1598 1731 1653 1771 R„

325 1771 538 1819 α’νθορόντα
555 1774 646 1819 vulg.

242 1839 370 1880 fuisse3
397 1839 459 1872 scd
485 1840 556 1873 sive
582 1840 621 1873 in
646 1840 845 1879 Thraciam,
870 1841 943 1873 sive
967 1841 1005 1873 in
1028 1841 1166 1883 Illyrios
1189 1841 1364 1881 venisset,
1390 1842 1429 1874 in
1452 1841 1649 1884 praesidia-

241 1885 312 1917 rias
336 1885 378 1917 iis
403 1887 441 1918 in
467 1886 554 1919 locis
578 1887 812 1918 Romanorum
831 1887 988 1930 legiones
1010 1886 1205 1925 incidisset,
1229 1888 1451 1931 turpiterque
1472 1888 1646 1931 periisset.

243 1930 313 1962 Sed
332 1929 400 1962 hoc
425 1931 541 1974 ipsum
567 1931 664 1975 quod
688 1932 903 1964 eiuscemodi
925 1932 1112 1964 consilium
1134 1932 1251 1964 auimo
1267 1933 1498 1976 concepisset,
1523 1938 1560 1965 et
1574 1933 1650 1965 vel-

239 1975 292 2009 let
326 1980 362 2008 et
389 1981 525 2019 optaret
541 2000 549 2016 ,
573 1987 783 2022 omnemque
815 1977 912 2021 quod
943 1976 989 2008 ad
1021 1988 1057 2009 se
1071 1978 1213 2013 {attinet
1235 1976 1279 2008 ad
1304 1976 1371 2009 hoe
1394 1978 1548 2021 lapidem
1570 1989 1648 2011 mo—

240 2021 371 2060 visset,
405 2022 668 2054 evidentissimo
695 2028 900 2066 argumento
926 2033 1001 2054 esse
1025 2028 1162 2065 potest,
1197 2022 1310 2067 qualis
1338 2023 1399 2054 ille
1422 2023 1498 2063 vir,
1523 2034 1649 2067 quam·-

241 2077 311 2117 que
336 2066 434 2098 ferox
455 2072 491 2099 et
513 2078 675 2108 arrogans
693 2068 813 2107 fuerit,
837 2069 970 2111 quippe
987 2068 1047 2111 qui
1069 2068 1223 2101 furorem
1245 2069 1552 2113 temeritatemque
1572 2069 1648 2101 for-

239 2110 432 2143 titudinem
455 2122 529 2145 esse
549 2113 786 2150 existimabat.
821 2113 898 2146 Nisi
922 2114 1015 2145 enim
1031 2113 1124 2145 vitae
1144 2113 1222 2146 finis
1244 2119 1387 2145 conatus
1407 2113 1519 2156 ipsius
1542 2119 1645 2146 ante-

239 2157 413 2195 verti⁵set‚
442 2158 705 2200 expeditionem
725 2158 815 2191 hanc
844 2169 1021 2202 aggressus
1041 2158 1175 2194 fuisset.
1223 2158 1324 2190 Nunc
1347 2168 1429 2190 vero
1455 2170 1563 2202 quum
1583 2169 1646 2192 ve-

238 2206 363 2234 natum
385 2202 522 2242 ivisset,
557 2208 679 2236 taurus
703 2204 736 2236 ei
760 2205 882 2247 ingens
905 2209 940 2235 et
963 2204 1110 2236 excelsis
1133 2204 1297 2236 cornibus
1321 2204 1501 2247 praeditus
1520 2215 1647 2237 occur-

241 2247 308 2286 rit,
357 2258 428 2279 non
453 2247 588 2280 domito
614 2249 752 2281 cuidam
777 2255 813 2281 et
847 2249 977 2282 aratori
1006 2253 1107 2281 tauro
1132 2249 1279 2290 similis,
1323 2249 1384 2281 sed
1420 2250 1579 2281 silvester
1609 2253 1647 2282 et

239 2297 440 2332 montanus,
466 2297 501 2324 et
527 2293 703 2338 quidquid
724 2294 866 2326 obvium
882 2294 1003 2333 habet,
1028 2293 1243 2337 disperdens.
1293 2294 1458 2333 Babulus,
1480 2295 1534 2327 uti
1549 2294 1645 2327 arbi-

241 2341 335 2378 tror,
371 2336 438 2370 hoc
463 2349 571 2381 genus
595 2339 649 2371 illi
676 2340 874 2382 appellant;
907 2340 1076 2382 plurimos
1099 2351 1181 2372 vero
1210 2340 1277 2372 fert
1304 2340 1366 2371 illa
1390 2341 1494 2383 regio.
1541 2340 1646 2372 Den—

241 2383 400 2415 sissimae
425 2384 518 2415 enim
551 2385 588 2416 in
616 2395 654 2416 ea
681 2385 806 2425 silvae,
842 2383 979 2416 horridi
1003 2390 1155 2424 montes,
1197 2391 1232 2417 ct
1259 2390 1388 2417 tractus
1415 2384 1643 2428 frigidissimi,

239 2428 369 2471 quibus
401 2429 564 2460 omnibus
597 2429 746 2473 gaudere
781 2431 871 2463 solet
904 2429 971 2461 hoc
1001 2431 1139 2462 animal.
1197 2431 1312 2473 Quem
1337 2430 1480 2475 quidem
1505 2435 1643 2462 taurum

239 2475 459 2516 conspicatus
484 2473 744 2508 Theodibertus
775 2487 794 2508 e
826 2476 919 2507 ⁴saltu
955 2475 1108 2518 quodam
1139 2477 1384 2518 prosilientem
1413 2480 1518 2520 atque
1541 2476 1580 2507 in
1604 2486 1641 2507 se

237 2518 450 2561 irruentem,
503 2522 663 2552 constitit
696 2526 874 2565 tamquam
910 2519 1008 2551 hasta
1043 2532 1258 2555 occursurus.
1307 2522 1442 2554 Taurus
1468 2530 1548 2554 vero
1572 2522 1642 2553 iam

239 2564 385 2606 propior
414 2564 545 2604 factus,
589 2566 722 2609 impetu
746 2577 864 2598 cursus
889 2565 1024 2598 delatus
1051 2567 1089 2598 in
1113 2566 1273 2598 arborem
1298 2565 1472 2610 quandam
1494 2576 1566 2598 non
1591 2565 1641 2597 ita

239 2617 414 2651 magnam,
448 2609 563 2642 fronte,
587 2617 621 2644 et
640 2610 805 2643 cornibus
828 2621 903 2643 eam
924 2611 1024 2649 ferit,
1061 2616 1096 2643 et
1117 2612 1282 2643 subversa
1306 2616 1379 2643 tota
1401 2610 1525 2643 arbore
1547 2613 1584 2642 et
1602 2611 1640 2642 in

239 2653 352 2701 soluzm
381 2654 564 2699 depressa,
605 2657 777 2690 maximus
803 2655 946 2701 quidam
972 2667 1015 2689 ex
1037 2657 1101 2696 iis,
1143 2657 1205 2701 qui
1230 2657 1313 2690 iude
1337 2656 1504 2690 confracti
1540 2659 1640 2688 erant
