1794 3112
251 127 327 198 94
664 185 667 188 ⁴
819 139 1088 184 AGATHIAE

63 254 101 286 Α,
118 253 155 286 c.
175 253 236 296 554
251 243 360 296 ρωθι
383 239 459 294 γάρ
486 253 565 281 που
598 239 755 294 ἆπὲπτη
779 236 801 280 ὅ
827 235 1051 296 ἄτρακτος,
1079 243 1148 282 καί
1171 243 1385 283 κατέπεσεν
1415 243 1561 285 οὐδένα
1572 253 1652 287 ‘'cn-

114 299 177 331 Ῑ·Ῑ·
192 300 236 334 28
251 305 430 356 νάμενος.
455 305 631 357 μετῆλθε
648 304 694 344 δὲ
715 300 825 355 ὅμως
839 304 866 357 ἦ
891 304 980 359 δίκη
1003 303 1132 352 εὖθύς
1154 302 1228 357 τὴν
1244 306 1319 344 τοῦ
1336 305 1548 360 βαρβάρου
1573 324 1653 349 πα-

217 366 462 422 Βρανομίαν.
495 365 532 406 οἱ
550 365 627 419 γάρ
651 362 765 422 ἆμφί
777 365 848 408 τὸν
862 369 1034 422 Ναρσῆν
1051 365 1275 422 δορυφόροι
1296 370 1340 409 ἐν
1362 367 1464 424 ὄργῇ
1481 368 1527 410 τὸ
1549 370 1652 412 ἐκεί-

247 445 321 473 νου
347 429 611 484 ποιησάμενοι
631 430 816 485 θράσος,
843 431 1144 481 ἐπιτοξάζονται
1173 432 1230 480 εἷς
1258 429 1406 484 αὖτὸν,
1435 433 1506 474 καί
1529 430 1653 489 πλήτ-

247 509 362 535 τεται
380 493 547 548 καιρίαν
577 493 600 534 ὅ
629 493 818 542 δείλαιος.
844 496 929 543 πῶς
949 492 1025 549 γὰρ
1054 490 1126 535 οὗκ
1144 489 1334 549 ἤμελλεν,
1363 492 1501 538 ἄδικόν
1525 513 1566 538 τι
1585 496 1678 540 καὶ5

245 557 406 611 οἷγεννὲς
431 556 652 612 ἕγχειρημα
672 557 849 612 δράσας-ς
879 557 950 598 καί
965 557 1080 610 μόλις
1089 561 1165 610 μὲν
1193 558 1320 600 αὐτὸν
1343 559 1382 600 οἱ
1401 556 1550 602 ὄπαδοί
1573 576 1650 616 φο-

245 619 376 676 ράδην
399 619 496 662 εἴσω
527 623 602 661 τοῦ
629 621 843 675 περιβόλου
873 621 1190 674 διακομίζουσιν.
1227 619 1382 677 ἡμέρας
1405 625 1450 665 δὲ
1481 626 1554 665 δύο
1574 621 1651 680 οἷρ-

243 686 388 737 κέσας,
429 681 582 734 dxl-2039
601 682 779 739 ἆπεβώο,
807 685 879 727 καὶ
895 684 947 727 τοὶ
971 689 1044 740 τῆς
1071 683 1260 735 ἆπιστίας
1283 683 1392 743 αὐτῷ
1417 687 1488 728 καί
1502 694 1651 743 ’παροι-

243 747 332 797 νίας
355 751 397 797 ές
418 749 510 790 τόδε
544 750 672 790 κακοῦ
705 750 909 791 ἐτελεύτα.
955 752 1108 792 ἐκείνου
1129 752 1173 792 δὲ
1198 751 1509 806 διαφθαρέντος,
1537 752 1654 793 αὖτί-

242 829 295 853 κα
318 811 356 853 οἱ
379 815 420 854 Γ
419 813 546 864 ότθοι,
573 809 622 853 οὗ
650 811 728 867 γὰρ
757 813 944 867 άντέχειν
968 812 1031 855 ἔτι
1060 815 1110 869 τῇ
1136 812 1344 871 πολιορκίᾳ
1373 809 1459 856 οἷοί
1474 829 1519 855 τε
1547 811 1702 856 εἶναιιο

241 874 435 931 ἧγοῢντο,
463 879 623 918 ἐδέοντο
652 879 726 918 τοῦ
747 881 923 933 Ναρσοῦ
957 877 1007 919 τὰ
1032 876 1158 920 πιστὰ
1187 877 1307 933 σφίσι
1333 880 1646 932 παρασχέσθαι,

240 939 297 988 ὥς
316 942 389 980 τοῦ
414 942 485 994 ζῆν
508 937 663 990 αὖτοὺς
688 937 762 982 οὔκ
782 938 1020 997 οἷφαιρήσει.
1049 939 1070 982 ὃ
1101 941 1150 996 δὴ
1179 941 1251 983 καί
1277 939 1453 995 τάχιστα
1483 939 1647 994 ὀμωμο-

239 1006 408 1056 σμένον,
436 1005 547 1059 σφᾶς
577 1020 621 1045 τε
655 1001 809 1053 αὖτοὺς
837 1007 980 1047 ἐκεῖνοι
1008 1005 1079 1047 καί
1111 1004 1156 1046 τὸ
1178 1005 1378 1061 φρούριον
1401 1007 1647 1060 παρέδοσαν.

137 1075 172 1110 Ρ.
186 1078 229 1112 51
249 1068 420 1122 Ναρσῆς
453 1069 498 1108 δὲ
530 1064 736 1110 ἀπέκτεινε
758 1070 834 1121 μὲν
863 1065 1010 1111 οὐδένα
1043 1073 1098 1127 τῷ
1126 1069 1259 1110 ταῦτά
1293 1085 1338 1111 τε
1365 1066 1622 1123 ὀμωμοκέναι
1631 1103 1645 1124 ,

235 1131 308 1172 καί
335 1127 468 1180 ἄλλως
495 1128 575 1185 οὔχ
602 1129 714 1174 ὅσιον
737 1130 842 1174 εἶναι
861 1132 958 1183 τούς
988 1134 1241 1188 ἢσσημένους
1264 1133 1459 1186 ιόμότατα
1483 1136 1698 1187 &alst-15

235 1194 438 1249 ρίζεσθαι.
467 1195 523 1243 ὥς
545 1193 595 1236 ἄν
630 1197 676 1237 δὲ
707 1195 766 1250 μὴ
799 1191 922 1245 αὖθις
953 1197 1255 1253 νεωτερισαιεν,
1289 1196 1472 1247 ἅπαντας
1492 1197 1548 1248 ὥς
1570 1202 1648 1252 βα-

234 1259 351 1300 σιλέα
386 1261 428 1308 ἐς
451 1258 496 1299 τὸ
529 1260 758 1310 Βυζάντιον
787 1259 976 1302 ἔστειλεν.
1024 1258 1087 1302 Ἐν
1119 1256 1152 1318 ᾦ
1175 1263 1220 1302 δὲ
1255 1263 1387 1302 ταῦτα
1411 1260 1647 1316 ἐπράττετο,

231 1321 519 1376 ’Θευδιζθαλδος
538 1321 583 1363 τὸ
599 1323 823 1377 μειράκιον,
847 1321 894 1372 ὃς
915 1323 964 1377 δὴ
989 1327 1071 1365 ταῖν
1094 1323 1419 1379 προσοικούντων
1439 1323 1514 1379 τὴν
1535 1325 1647 1367 Ἰτα-

134 1395 174 1428 V.
189 1397 230 1439 37
244 1385 336 1427 λίαν
364 1386 566 1440 Φράγγων
591 1385 776 1440 ἐκράτει,
805 1383 908 1442 ᾗπέρ
939 1402 1011 1439 μοι
1028 1387 1187 1442 εἴρηται
1207 1386 1428 1443 πρότερον,
1457 1383 1576 1437 οὗτος
1601 1391 1646 1432 δὲ

234 1448 476 1505 οἰκτρότατα
509 1445 587 1503 ἤδη
618 1451 828 1503 ἐτεθνηκει
857 1452 906 1506 τῇ
935 1450 1041 1506 νόσῳ
1075 1450 1303 1506 περιτακείς
1337 1454 1390 1506 τῇ
1417 1451 1699 1508 συντρόφῳ.αο

232 1513 326 1555 ἐπεὶ
359 1515 404 1555 δὲ
431 1510 704 1568 Χιλδίβερτόν
727 1529 771 1554 τε
793 1513 864 1554 καί
892 1512 1165 1569 Χλωθάριον,
1203 1515 1260 1563 ὥς
1291 1513 1340 1568 δὴ
1366 1514 1438 1556 καί
1465 1517 1522 1572 τῷ
1539 1519 1646 1570 γένει

237 1576 484 1632 ἓγγυτάτους
499 1610 512 1629 ,
552 1577 623 1617 ἐπὶ
647 1575 719 1618 τὸν
740 1578 887 1632 κλῆρον
915 1579 988 1618 τοῦ
1018 1577 1167 1626 παιδὸς
1190 1578 1214 1618 ὅ
1242 1577 1361 1630 νόμος
1381 1579 1538 1630 ἐκάλει,
1566 1577 1645 1620 αὕ-

232 1641 325 1683 τίκα
347 1640 434 1697 ἔρις
456 1637 597 1689 αὖτοΐς
613 1641 797 1682 ἐνέπεσεν
821 1638 930 1695 δεινή
941 1673 954 1692 ,
992 1641 1063 1682 καί
1082 1643 1149 1683 οἵα
1167 1643 1319 1696 μικροῦ
1341 1643 1425 1684 δεῖν
1441 1645 1499 1700 τῷ
1520 1644 1644 1685 παντι

328 1741 358 1762 ι.
382 1726 525 1770 ἅπέπτη
549 1730 587 1761 Β.
605 1752 614 1768 ,
639 1726 752 1770 α’πέβη
775 1728 866 1772 vulg.
1005 1741 1035 1764 α.
1063 1727 1085 1769 ἤ
1108 1727 1138 1761 δ.
1164 1727 1246 1762 εὔθ.
1269 1730 1329 1770 R„
1355 1726 1433 1762 ⁶159.
1454 1727 1476 1770 ἤ
1498 1728 1528 1762 δ.
1549 1730 1640 1775 vulg.

325 1786 376 1808 ιο.
403 1773 457 1806 ἔτι
482 1775 537 1813 Β.,
565 1775 672 1818 Intpr.
700 1772 744 1807 de
773 1783 910 1814 cetero,
935 1771 998 1806 ἐπὶ
1031 1775 1121 1818 vulg.
1262 1785 1311 1808 ιι.
1341 1776 1573 1820 παρέχεσθαι
1601 1777 1640 1809 Β.

326 1831 379 1853 12.
406 1817 631 1864 ιιῖμοσμένως
650 1820 686 1850 R.
775 1822 824 1852 13.
844 1820 980 1852 ἐκεῖνοι
1002 1819 1082 1852 add.
1098 1822 1138 1855 R.
1221 1821 1269 1854 16.
1288 1816 1339 1865 μὴ
1364 1821 1415 1861 R.‚
1433 1819 1526 1866 μηδὲ
1549 1822 1641 1866 vulg.

323 1875 376 1898 20.
402 1867 614 1910 περιτακεὶς
639 1866 698 1905 R.,
723 1866 947 1909 παρατακεὶς
969 1866 1059 1909 vulg.

231 1953 268 1982 et
298 1948 399 1980 letali
424 1948 495 1981 ictu
521 1949 686 1981 miserum
715 1949 849 1981 feriunt
873 1948 1019 1993 (quidni
1046 1948 1167 1981 enim?
1204 1960 1282 1982 cum
1307 1947 1394 1982 adeo
1421 1948 1582 1995 iniquum
1605 1953 1642 1982 et

230 1995 300 2026 vile
326 1995 462 2026 facinus
497 1994 760 2038 perpetrasset),
788 2000 823 2026 et
849 2005 950 2038 aegre
975 1994 1120 2039 quidem
1155 1996 1270 2038 ipsum
1295 1996 1440 2027 comites
1469 1999 1641 2039 gestantes

230 2042 323 2073 intra
348 2039 484 2072 castelli
519 2050 635 2072 muros
673 2039 899 2081 detulerunt3
931 2051 1079 2084 cumque
1116 2040 1161 2072 ad
1199 2039 1348 2072 biduum
1381 2040 1641 2084 supervixisset,

230 2086 383 2127 turpiter
408 2084 579 2123 decessit,
607 2088 644 2116 et
666 2083 835 2128 perfidiae
870 2085 1150 2130 temeritatisque
1186 2096 1268 2117 suae
1298 2085 1392 2117 hunc
1416 2085 1543 2117 habuit
1573 2086 1642 2118 tri-

230 2135 320 2162 stem
344 2131 485 2162 exitum.
533 2130 599 2162 Illo
634 2139 715 2162 Vero
751 2129 890 2162 sublato
925 2131 1110 2163 confestim
1146 2129 1255 2163 Gothi
1289 2130 1418 2175 (neque
1455 2131 1548 2163 enim
1575 2130 1642 2163 ob-

234 2175 408 2208 sidionem
429 2175 520 2207 ferre
533 2186 635 2218 posse
656 2173 887 2215 videbantur)
910 2176 1085 2219 supplices
1110 2175 1247 2208 Narseti
1272 2181 1355 2208 sunt
1379 2176 1481 2216 facti,
1505 2180 1545 2207 ut
1569 2175 1640 2208 fide

236 2220 316 2252 data
334 2221 442 2252 vitam
458 2220 543 2264 ipsis
574 2220 809 2253 condonaret:
833 2225 868 2252 et
891 2220 1034 2264 quidem
1050 2221 1216 2253 citissime
1239 2221 1463 2254 iureiurando
1484 2226 1639 2264 accepto,

231 2277 272 2299 se
299 2266 433 2309 pariter
462 2271 498 2297 ct
524 2265 707 2298 castellum
743 2264 965 2297 dediderunt.
1012 2265 1137 2298 Narses
1171 2277 1253 2298 vero
1286 2267 1464 2298 neminem
1496 2265 1640 2310 quidem

234 2311 433 2353 interfecit3
463 2313 547 2355 quia
576 2311 613 2342 id
637 2311 780 2349 iul-arat,
805 2315 840 2342 et
865 2310 1026 2354 alioquin
1051 2321 1201 2355 aequum
1221 2323 1292 2343 non
1318 2317 1409 2344 esset
1429 2312 1540 2344 victos
1559 2322 1638 2343 cru-

234 2357 413 2390 delissime
435 2355 630 2388 trucidari:
664 2365 709 2388 ne
732 2366 814 2387 vero
839 2356 877 2387 in
901 2361 1079 2399 posterum
1103 2357 1202 2389 novis
1227 2358 1356 2389 iterum
1379 2357 1484 2389 rebus
1514 2355 1640 2388 stude-

234 2407 333 2442 rent,
369 2412 489 2434 omnes
522 2401 567 2433 ad
603 2402 852 2444 imperatorem
877 2401 1082 2443 Byzantium
1113 2402 1221 2436 misit.
1283 2403 1420 2434 Interea
1447 2402 1530 2434 dum
1553 2399 1639 2432 haec

234 2452 403 2493 geruntur
420 2472 429 2487 ‚
456 2445 725 2478 Theodihaldus
755 2445 970 2486 adolescens,
997 2447 1059 2489 qui
1085 2447 1244 2479 finitimis
1269 2447 1391 2479 Italiae
1414 2445 1554 2480 Francis
1571 2447 1639 2477 im-

232 2492 394 2538 perabat,
419 2496 460 2525 ut
483 2502 587 2535 supra
608 2495 662 2523 est
683 2502 702 2522 a
726 2501 782 2523 me
806 2491 950 2531 dictum,
977 2492 1169 2524 miserrime
1185 2493 1254 2524 iam
1280 2503 1300 2525 e
1322 2492 1408 2524 vivis
1433 2495 1638 2530 excesserat,

232 2538 370 2578 morbo,
412 2548 456 2569 uo
473 2536 554 2569 inde
577 2536 621 2568 ab
642 2542 722 2569 ortu
743 2536 931 2576 laborarat,
950 2536 1169 2580 absumptus.
1218 2537 1305 2570 Cum
1328 2548 1409 2571 vero
1427 2534 1638 2569 childeber-

234 2589 311 2616 tum
324 2589 360 2616 et
373 2550 617 2616 &flotharium
645 2586 768 2626 utpote
792 2592 917 2626 genere
940 2584 1118 2626 proximos
1134 2583 1189 2616 lex
1203 2585 1316 2627 patria
1334 2581 1378 2614 ad
1400 2579 1638 2614 hereditatem

236 2629 375 2661 iuvenis
398 2633 561 2668 vocaret,
585 2627 695 2671 gravis
729 2628 847 2659 statim
871 2627 964 2660 inter
988 2638 1047 2660 eos
1071 2629 1252 2661 contentio
1279 2633 1332 2661 est
1355 2631 1449 2666 orta,
1474 2635 1636 2670 quaeque

238 2685 360 2719 parum
374 2673 506 2715 aberat,
520 2673 606 2718 quin
617 2677 731 2706 totum
750 2683 858 2717 genus
869 2672 1047 2718 perderet.
1074 2672 1323 2708 childebertus
1335 2673 1429 2708 enim
1441 2672 1512 2705 iam
1529 2680 1638 2705 senex
