1832 3152
601 127 979 174 msTotzanM
1020 136 1070 174 v.
1105 139 1169 180 Μ,
1324 160 1326 162 »
1501 117 1572 171 30
1587 137 1606 172 1

157 234 313 284 τιόντες
337 236 383 277 δὲ
408 230 522 287 ὅμως
545 233 583 275 οἱ
615 229 768 276 Οιῗννοι
792 236 836 284 ἐς
857 234 908 275 τὰ
933 235 1039 291 πρὸς
1069 235 1187 278 νότον
1216 230 1368 290 ἄνεμον
1384 269 1397 290 ,
1435 231 1483 278 οὗ
1504 236 1612 293 πόρ’-
1627 240 1664 276 Α.
1679 242 1712 276 C.
1729 244 1798 281 558

158 301 218 357 ῥω
240 302 312 357 τῆς
347 295 483 355 ὄχθης
507 301 581 342 τοῦ
616 295 784 356 Ἴστρου
819 303 1011 354 ποταμοῦ
1038 300 1278 357 ηὐλίζοντο,
1308 301 1433 358 ἡνίκα
1457 298 1507 359 ἧν
1532 305 1613 347 αὖ-
1639 290 1702 323 1.1.
1718 292 1764 326 3²
1810 333 1814 338 ·

155 372 243 415 τοῖς
259 366 539 420 βουλομένοις.
572 364 662 408 τότε
689 364 741 421 δι’]
766 362 842 408 οὖν
867 368 942 409 τοῦ
969 370 1178 421 χειμῶνος
1199 370 1504 422 ἐπιλαβομένου
1517 403 1530 422 ,
1557 369 1610 413 τὰ

153 434 234 485 μὲν
255 429 407 488 ῥεῖθρα
426 433 552 473 τοῦδε
570 433 646 473 τοῦ
670 434 862 486 ποταμοῦ
887 431 993 475 κατὰ
1011 432 1058 475 τὸ
1083 432 1236 484 εἰωθὸς
1258 432 1340 476 ὑπὸ
1360 436 1435 475 τοῦ
1458 435 1611 491 κρύους

128 495 352 552 5ἐπήγνυτο
373 498 417 546 ἐς
440 495 598 551 βάθος,
638 497 711 539 καί
732 493 842 553 ἦσαν
875 493 954 554 ἤδη
981 497 1140 555 σκληρά
1167 502 1241 542 καί
1260 497 1424 553 βάσιμα
1451 502 1525 543 καί
1547 500 1617 543 ἶπ-

156 562 332 619 πήλατα.
402 562 626 620 Ζαβεργὰν
671 565 717 606 δὲ
746 563 767 606 ὁ
791 566 876 607 τῶν
907 564 1210 621 Κοτριγούρων
1243 560 1412 608 Οἷίννων
1450 566 1652 622 ἦγεμιὸνΒ

154 629 235 672 miv
265 631 472 680 πλείστοις
503 626 616 680 ὅσοις
645 631 838 682 ἱππόταις
863 630 1108 687 ἐπιδραμών
1138 632 1330 689 καθάπερ
1358 633 1511 689 χέρσον
1541 634 1618 684 τὰς

155 694 294 749 δίνας,
337 696 381 746 ἒς
405 695 482 752 τήν
525 695 757 750 εΡωμαίων
789 697 1055 754 ἐπικράτειαν
1088 693 1352 741 εὖκολοότατα
1382 698 1607 753 διαβαίνει·

155 758 293 818 ἔρημά
331 777 377 804 τε
403 760 541 818 εὑρών
569 760 622 804 ‘cd
655 762 788 820 ἑκεινῃ
818 761 980 819 χωρία,
1031 762 1105 805 καί
1125 763 1306 819 μηδενὸς
1339 760 1458 822 αὐτῷ
1477 764 1618 807 κωλύ-

106 842 286 880 ῐοματος
313 831 556 883 γιγνομένου
588 827 670 870 dvo}
698 827 751 870 τὰ
774 825 915 885 πρόσω
952 830 1233 888 πορευομένῳ,
1262 825 1411 872 αὖτίκα
1433 826 1501 885 ὅγε
1513 833 1618 872 Μυ-

154 895 251 937 σίαν
281 910 325 936 τε
345 896 419 937 καί
443 893 635 937 Σκυθίαν
661 893 1058 952 παραμειψάμενος,
1095 897 1146 953 τῇ
1174 895 1317 954 Θρᾴκῃ
1344 899 1616 951 προσέβαλεν.

154 961 343 1002 ἐνταῦθα
365 961 414 1002 δὲ
440 957 589 1003 διελών
618 959 689 1002 τὸν
715 963 864 1003 οἰκεῖον
887 959 1094 1016 στρατὸν,
1135 958 1377 1017 οῗπόμοιραν
1407 963 1486 1015 μέν
1515 978 1611 1003 τινα

155 1023 336 1076 ἔστειλεν
352 1025 433 1068 ἀνὰ
453 1023 530 1082 τήν
558 1026 748 1080 Ἑλλάδα,
768 1027 1202 1081 καταδραμουμένους
1222 1027 1274 1070 τὰ
1292 1025 1518 1084 οἷφύλακτα
1532 1028 1615 1070 τῶν

153 1093 253 1149 τῇδε
278 1094 451 1149 χωρίων
480 1094 553 1134 καί
578 1091 920 1147 λεηλατήσοντας·
949 1089 1119 1148 ἑτέρους
1147 1094 1196 1135 δὲ
1228 1094 1272 1144 ἐς
1300 1091 1374 1149 τὴν
1398 1090 1615 1149 Χερρόνη-

106 1161 228 1204 ιόσον
262 1155 339 1213 τὴν
367 1157 568 1216 Θρᾳκίαν.

262 1223 330 1278 ιβ’.
391 1223 526 1280 Τῆσδε
554 1225 601 1267 δὲ
629 1226 706 1281 τῆς
734 1225 1012 1281 Χερῥονὴσου
1043 1224 1096 1267 τὰ
1134 1227 1213 1279 μὲν
1249 1224 1355 1281 πρὸς
1384 1224 1612 1281 ἀνίσχοντα

150 1286 270 1345 ἥλιον
296 1287 517 1332 νενευκότα
559 1289 634 1332 καὶ
669 1291 896 1347 εὕρόνοτον
941 1285 1124 1344 ἄνεμον,
1164 1289 1239 1332 καί
1263 1293 1395 1347 μέχρι
1424 1295 1503 1334 τοῦ
1530 1304 1647 1346 με-(ἴ

151 1357 385 1411 σημβρινοῦ
421 1356 594 1412 κέντρου
637 1358 692 1414 τῷ
731 1354 1012 1412 Ἑλλησπόντῳ
1049 1355 1357 1412 παρατείνεται.
1414 1357 1618 1414 περιρρεῖ

152 1419 232 1477 γὰρ
275 1419 424 1475 σχεδόν
466 1437 508 1463 τι
536 1418 732 1475 ἅπασαν,
770 1421 844 1463 καί
867 1427 958 1470 ταῖς
986 1427 1173 1474 καμπαῖς
1203 1424 1288 1463 τῶν
1315 1420 1471 1476 ἦϊόνων
1499 1438 1610 1476 συμ-

102 1484 397 1543 ςοπεριάγεται
433 1489 594 1543 βραχεῖ
626 1503 710 1529 τινι
747 1488 869 1543 μέρει
918 1489 992 1542 τῆς
1020 1486 1224 1542 ἠπείρου,
1254 1489 1328 1529 καί
1351 1485 1495 1540 μόνοις
1517 1504 1610 1530 τεσ-

154 1552 390 1611 σαράκοντά
430 1569 510 1595 που
553 1553 739 1603 σταδίοις
778 1551 1012 1608 εἰργόμενος
1048 1555 1126 1594 τοῦ
1153 1555 1279 1608 νῆσον
1318 1552 1450 1608 αὐτὴν
1479 1550 1611 1610 οἷπερ-

157 1619 386 1674 γάσασθαι.
442 1621 487 1662 ἐν
523 1619 659 1678 τούτῳ
696 1622 743 1662 δὲ
783 1620 841 1677 τῷ
878 1621 1020 1677 ἰσθμῷ
1072 1625 1212 1674 τεῖχος
1239 1618 1416 1661 ἐκταδὸν
1443 1619 1617 1676 ἵδρυται

247 1699 279 1744 4.
317 1697 427 1732 τοῦδε
446 1699 527 1734 add.
553 1711 597 1733 ex
621 1701 659 1733 R.
686 1704 724 1734 et
747 1701 859 1745 Intpr.
884 1700 995 1734 huius
1002 1700 1190 1745 fluminis.
1240 1699 1273 1733 6.
1290 1694 1489 1744 Ζαβεργᾶν
1510 1701 1547 1732 R.
1574 1700 1615 1733 ἰιι

247 1757 315 1792 mg.
350 1751 387 1779 et
403 1748 514 1794 Intpr.
531 1772 541 1788 ,
565 1743 761 1792 Ζαβερνιὶν
792 1748 830 1779 R.
856 1747 894 1779 in
919 1747 1016 1787 ord„
1040 1742 1246 1792 Ζαμεργιὶν
1269 1746 1361 1791 vulg.
1424 1758 1472 1780 ιι.
1490 1754 1613 1788 προσ-

247 1793 396 1837 έβαλλεν
407 1795 445 1827 R.
553 1794 604 1838 14.
631 1794 697 1828 Pro
719 1796 873 1839 χωρίων
896 1795 933 1826 Β.
967 1794 1006 1828 in
1023 1804 1090 1838 mg.
1132 1791 1291 1832 πεδίων.
1363 1792 1417 1828 ι5.
1445 1794 1613 1838 Τρακίαν

247 1839 326 1886 sph.
341 1839 414 1874 Par.
528 1842 578 1876 16.
594 1843 658 1882 τῆς
673 1841 742 1875 del.
766 1843 805 1874 R.
833 1853 866 1876 2.
895 1851 941 1873 m.

155 1932 214 1966 cul
240 1942 261 1965 a
287 1931 364 1978 ripa
387 1933 470 1966 Istri
498 1931 658 1966 fluminis
683 1943 728 1966 ex
754 1932 868 1966 animi
901 1933 958 1966 sui
990 1932 1172 1966 sententia
1206 1930 1461 1965 consederunt.
1511 1932 1606 1966 Tum
1641 1966 1644 1971 ,

154 1979 280 2026 itaque
302 1980 337 2014 vi
363 1985 446 2014 ente
470 1979 592 2014 hieme
621 1980 750 2013 fluvius
788 1991 833 2012 ex
850 1991 948 2013 more
962 1979 996 2013 vi
1010 1979 1153 2024 frigoris
1180 1979 1400 2024 congelatus,
1425 1978 1471 2012 ad
1494 1978 1607 2013 imum

155 2037 271 2072 usque
294 1992 425 2060 vangium
454 2026 506 2060 ita
530 2026 767 2068 obduruerat,
792 2031 833 2060 ut
849 2031 886 2060 et
908 2026 1140 2071 pedestribus
1167 2031 1204 2059 et
1233 2024 1463 2071 equestribus
1488 2026 1604 2070 copiis

154 2072 297 2106 transiri
333 2078 463 2118 posset.
511 2074 692 2119 Zabergan
727 2085 812 2108 vero
847 2073 1080 2114 Hunnorum,
1118 2073 1182 2118 qui
1210 2073 1392 2117 Cotriguri
1418 2072 1603 2113 dicuntur,

154 2117 249 2159 dux,
275 2130 356 2152 cum
379 2121 564 2166 ingentem
589 2121 791 2167 equitatum
815 2132 882 2165 per
906 2119 1041 2153 flumen
1070 2119 1226 2164 perinde
1252 2124 1363 2165 atque
1387 2130 1455 2164 per
1484 2121 1604 2153 conti-

153 2169 302 2199 nentem
326 2166 562 2209 traduxisset,
586 2168 760 2201 facillime
779 2167 818 2201 in
845 2169 1043 2200 Romanum
1066 2167 1262 2211 imperium
1286 2167 1473 2212 pervenit,
1499 2177 1603 2198 cum-

154 2223 226 2257 que
261 2212 393 2256 passim
423 2225 534 2248 vacua
566 2213 612 2247 ab
639 2213 909 2249 habitatoribus
935 2213 1016 2246 loca
1055 2214 1280 2253 invenisset,
1321 2212 1493 2259 nihilque
1528 2213 1604 2257 ipsi

153 2257 414 2304 impedimento
455 2266 561 2302 esset,
589 2261 790 2307 *quominus
821 2261 867 2295 ad
914 2260 1088 2294 ulteriora
1125 2258 1429 2305 progrederetur,
1475 2261 1600 2292 statim

152 2305 306 2349 Mysiam
337 2312 375 2340 et
406 2306 590 2352 Scythiam
627 2313 886 2352 transgressus,
921 2308 961 2341 in
994 2307 1186 2340 Thraciam
1223 2306 1366 2351 irrupit.
1427 2304 1483 2340 Ibi
1514 2317 1601 2339 vero

155 2352 271 2386 diviso
309 2354 488 2396 exercitu,
521 2355 670 2389 alteram
710 2356 788 2388 eius
813 2361 954 2402 partem
990 2353 1029 2386 in
1058 2354 1245 2388 Graeciam
1267 2353 1386 2393 misit,
1419 2353 1483 2398 qui
1520 2353 1603 2386 loc-2

155 2399 414 2441 omniafnullis
439 2403 631 2446 praesidiis
663 2402 806 2435 munita
831 2406 1059 2447 percurreret
1093 2407 1203 2447 atque
1236 2405 1412 2433 vastaret:
1449 2400 1603 2433 alteram

153 2457 239 2480 vero
267 2447 446 2480 exercitus
469 2454 608 2493 partem
629 2449 668 2481 in
695 2447 958 2483 Chersonesum
983 2447 1197 2481 Thracicum
1222 2447 1331 2481 misit.

252 2504 304 2527 12.
352 2493 468 2528 Huius
503 2501 624 2528 autem
659 2494 876 2529 Chersonesi
914 2506 1005 2541 quae
1042 2494 1088 2528 ad
1121 2494 1299 2528 orientem
1331 2493 1442 2526 solem
1471 2497 1508 2525 et
1535 2502 1602 2524 eu·-

154 2544 325 2573 ronotum
350 2546 498 2575 ventum
527 2546 699 2587 vergunt,
738 2546 776 2575 et
810 2542 856 2575 ad
879 2541 1125 2576 meridianum
1149 2552 1265 2588 usque
1296 2545 1473 2585 punctum
1505 2540 1602 2572 circa.

153 2584 431 2632 Hellespontum
462 2588 684 2634 porrigitur3
719 2588 934 2622 circumfluit
968 2589 1066 2622 enim
1101 2593 1214 2621 totam
1240 2584 1522 2632 propemodum,
1560 2589 1599 2618 et

153 2629 309 2668 flexibus
333 2634 498 2669 littorum
521 2646 593 2668 una
617 2636 890 2681 circumagitur,
917 2636 1045 2681 exigua
1071 2634 1227 2679 quadam
1252 2631 1475 2667 continentis
1507 2642 1596 2676 por-

153 2679 278 2720 tione,
305 2679 375 2715 hoc
397 2686 452 2716 est
475 2682 561 2715 solis
591 2680 827 2727 quadraginta
854 2681 998 2722 stadiis,
1029 2682 1217 2720 exclusus,
1260 2680 1453 2725 quominus
1488 2678 1592 2711 insu-

152 2723 224 2759 lam
249 2726 368 2767 faciat.
419 2728 459 2763 ln
498 2728 564 2763 hac
587 2740 671 2764 vero
695 2727 820 2764 isthmi
851 2729 1016 2776 angustia
1037 2739 1158 2763 murus
1187 2728 1226 2761 in
1250 2727 1395 2771 longum
1419 2724 1591 2760 continue
