<?xml version="1.0" encoding="UTF-8"?>
<!DOCTYPE html PUBLIC "-//W3C//DTD XHTML 1.0 Transitional//EN"
    "http://www.w3.org/TR/xhtml1/DTD/xhtml1-transitional.dtd">
<html xmlns="http://www.w3.org/1999/xhtml" xml:lang="en" lang="en">
 <head>
  <title>
</title>
<meta http-equiv="Content-Type" content="text/html;charset=utf-8" />
  <meta name='ocr-system' content='tesseract 3.04.00' />
  <meta name='ocr-capabilities' content='ocr_page ocr_carea ocr_par ocr_line ocrx_word'/>
</head>
<body>
  <div class='ocr_page' id='page_1' title='image "./corpusscriptorum01niebuoft_0279.png"; bbox 0 0 1832 3152; ppageno 0'>
   <div class='ocr_carea' id='block_1_1' title="bbox 566 115 1591 187">
    <p class='ocr_par' dir='ltr' id='par_1_1' title="bbox 566 115 1591 187">
     <span class='ocr_line' id='line_1_1' title="bbox 566 115 1591 187; baseline -0.009 -5"><span class='ocrx_word' id='word_1_1' title='bbox 566 136 944 182; x_wconf 73' lang='lat' dir='ltr'><strong>ffls‘romARUM</strong></span> <span class='ocrx_word' id='word_1_2' title='bbox 982 140 1052 180; x_wconf 74' lang='lat' dir='ltr'><strong>iv.</strong></span> <span class='ocrx_word' id='word_1_3' title='bbox 1090 145 1157 187; x_wconf 69' lang='grc' dir='ltr'><em>ιιι.</em></span> <span class='ocrx_word' id='word_1_4' title='bbox 1480 115 1591 175; x_wconf 79' lang='lat'><strong>235</strong></span> 
     </span>
    </p>
   </div>
   <div class='ocr_carea' id='block_1_2' title="bbox 87 239 1780 1678">
    <p class='ocr_par' dir='ltr' id='par_1_2' title="bbox 87 239 1780 1678">
     <span class='ocr_line' id='line_1_2' title="bbox 155 239 1780 298; baseline 0.001 -14"><span class='ocrx_word' id='word_1_5' title='bbox 155 241 356 284; x_wconf 84' lang='grc' dir='ltr'><em>τοῖναντια</em></span> <span class='ocrx_word' id='word_1_6' title='bbox 379 239 755 294; x_wconf 81' lang='grc' dir='ltr'><strong><em>μεταβαλλόμενον.</em></strong></span> <span class='ocrx_word' id='word_1_7' title='bbox 782 240 981 291; x_wconf 81' lang='grc' dir='ltr'><em>πολλάκις</em></span> <span class='ocrx_word' id='word_1_8' title='bbox 1002 242 1082 295; x_wconf 83' lang='grc' dir='ltr'><strong>μὲν</strong></span> <span class='ocrx_word' id='word_1_9' title='bbox 1113 239 1193 298; x_wconf 80' lang='grc' dir='ltr'><em>γὰρ</em></span> <span class='ocrx_word' id='word_1_10' title='bbox 1225 243 1313 291; x_wconf 79' lang='grc' dir='ltr'><em>τοῖς</em></span> <span class='ocrx_word' id='word_1_11' title='bbox 1349 240 1780 294; x_wconf 71' lang='grc' dir='ltr'><em>“Ρωμαιόις,Α.().556</em></span> 
     </span>
     <span class='ocr_line' id='line_1_3' title="bbox 153 296 1731 364; baseline -0.001 -16"><span class='ocrx_word' id='word_1_12' title='bbox 153 304 347 356; x_wconf 81' lang='grc' dir='ltr'><strong><em>πολλάκις</em></strong></span> <span class='ocrx_word' id='word_1_13' title='bbox 366 307 413 348; x_wconf 81' lang='grc' dir='ltr'><strong>δὲ</strong></span> <span class='ocrx_word' id='word_1_14' title='bbox 440 311 526 354; x_wconf 83' lang='grc' dir='ltr'><em>τοῖς</em></span> <span class='ocrx_word' id='word_1_15' title='bbox 544 307 738 362; x_wconf 78' lang='grc' dir='ltr'><strong><em>Πέρσαις</em></strong></span> <span class='ocrx_word' id='word_1_16' title='bbox 760 311 853 348; x_wconf 84' lang='grc' dir='ltr'><em>κατ’</em></span> <span class='ocrx_word' id='word_1_17' title='bbox 878 307 1068 362; x_wconf 79' lang='grc' dir='ltr'><em>ἀλλήλων</em></span> <span class='ocrx_word' id='word_1_18' title='bbox 1095 307 1476 364; x_wconf 76' lang='grc' dir='ltr'><em>παραταττομένοις</em></span> <span class='ocrx_word' id='word_1_19' title='bbox 1497 308 1595 357; x_wconf 79' lang='grc' dir='ltr'><em>ξυν-</em></span> <span class='ocrx_word' id='word_1_20' title='bbox 1607 296 1670 330; x_wconf 82' lang='grc' dir='ltr'>Ῑ·Ῑ·</span> <span class='ocrx_word' id='word_1_21' title='bbox 1686 298 1731 332; x_wconf 81' lang='lat'><strong>3⁰</strong></span> 
     </span>
     <span class='ocr_line' id='line_1_4' title="bbox 151 367 1596 431; baseline -0.001 -17"><span class='ocrx_word' id='word_1_22' title='bbox 151 371 308 428; x_wconf 84' lang='grc' dir='ltr'><em>η’ραντο</em></span> <span class='ocrx_word' id='word_1_23' title='bbox 340 369 440 420; x_wconf 79' lang='grc' dir='ltr'><strong>τούς</strong></span> <span class='ocrx_word' id='word_1_24' title='bbox 467 371 652 425; x_wconf 78' lang='grc' dir='ltr'><em>α’γῶνας,</em></span> <span class='ocrx_word' id='word_1_25' title='bbox 693 374 738 414; x_wconf 79' lang='grc' dir='ltr'><strong>ἐν</strong></span> <span class='ocrx_word' id='word_1_26' title='bbox 764 368 883 431; x_wconf 74' lang='grc' dir='ltr'><em>ὀλίγῳ</em></span> <span class='ocrx_word' id='word_1_27' title='bbox 914 375 969 431; x_wconf 75' lang='grc' dir='ltr'><strong>τῷ</strong></span> <span class='ocrx_word' id='word_1_28' title='bbox 993 370 1151 426; x_wconf 82' lang='grc' dir='ltr'><em>μεταξύ</em></span> <span class='ocrx_word' id='word_1_29' title='bbox 1179 370 1317 430; x_wconf 73' lang='grc' dir='ltr'><em>χρόνῳ</em></span> <span class='ocrx_word' id='word_1_30' title='bbox 1353 367 1596 426; x_wconf 68' lang='grc' dir='ltr'><em>ἑφ’“ἓκατέ-</em></span> 
     </span>
     <span class='ocr_line' id='line_1_5' title="bbox 152 433 1595 495; baseline -0.001 -16"><span class='ocrx_word' id='word_1_31' title='bbox 152 452 253 493; x_wconf 84' lang='grc' dir='ltr'><em>ρους</em></span> <span class='ocrx_word' id='word_1_32' title='bbox 282 439 507 493; x_wconf 84' lang='grc' dir='ltr'><em>τραπέντες</em></span> <span class='ocrx_word' id='word_1_33' title='bbox 534 439 607 479; x_wconf 83' lang='grc' dir='ltr'><em>καί</em></span> <span class='ocrx_word' id='word_1_34' title='bbox 625 438 1000 495; x_wconf 81' lang='grc' dir='ltr'><em>μισθαρνήσαντες.</em></span> <span class='ocrx_word' id='word_1_35' title='bbox 1025 438 1098 480; x_wconf 74' lang='grc' dir='ltr'>καί</span> <span class='ocrx_word' id='word_1_36' title='bbox 1125 433 1199 481; x_wconf 74' lang='grc' dir='ltr'><strong>οὖν</strong></span> <span class='ocrx_word' id='word_1_37' title='bbox 1224 437 1250 493; x_wconf 85' lang='grc' dir='ltr'><em>ἦ</em></span> <span class='ocrx_word' id='word_1_38' title='bbox 1274 439 1457 493; x_wconf 86' lang='grc' dir='ltr'><em>προτέρα</em></span> <span class='ocrx_word' id='word_1_39' title='bbox 1476 435 1595 492; x_wconf 80' lang='grc' dir='ltr'><em>μαχὴ</em></span> 
     </span>
     <span class='ocr_line' id='line_1_6' title="bbox 115 499 1614 559; baseline 0 -14"><span class='ocrx_word' id='word_1_40' title='bbox 115 500 254 549; x_wconf 75' lang='grc' dir='ltr'><em>’5κοιτοὶ</em></span> <span class='ocrx_word' id='word_1_41' title='bbox 275 504 458 558; x_wconf 80' lang='grc' dir='ltr'><em>Περσῶν</em></span> <span class='ocrx_word' id='word_1_42' title='bbox 481 503 625 552; x_wconf 72' lang='grc' dir='ltr'><em>αὐτοῖς</em></span> <span class='ocrx_word' id='word_1_43' title='bbox 652 504 904 559; x_wconf 75' lang='grc' dir='ltr'><em>ἐπολεμήθη,</em></span> <span class='ocrx_word' id='word_1_44' title='bbox 934 499 1004 545; x_wconf 81' lang='grc' dir='ltr'><strong>ὅτε</strong></span> <span class='ocrx_word' id='word_1_45' title='bbox 1029 502 1206 554; x_wconf 77' lang='grc' dir='ltr'><em>πολλοὺς</em></span> <span class='ocrx_word' id='word_1_46' title='bbox 1232 504 1314 545; x_wconf 77' lang='grc' dir='ltr'><strong>τῶν</strong></span> <span class='ocrx_word' id='word_1_47' title='bbox 1342 503 1614 556; x_wconf 72' lang='grc' dir='ltr'><em>Διλιμνιτῶν</em></span> 
     </span>
     <span class='ocr_line' id='line_1_7' title="bbox 148 565 1632 627; baseline 0.001 -17"><span class='ocrx_word' id='word_1_48' title='bbox 148 565 402 617; x_wconf 71' lang='grc' dir='ltr'><em>ἐπελθόντας</em></span> <span class='ocrx_word' id='word_1_49' title='bbox 434 568 556 624; x_wconf 83' lang='grc' dir='ltr'><em>σφίσι</em></span> <span class='ocrx_word' id='word_1_50' title='bbox 579 571 842 612; x_wconf 86' lang='grc' dir='ltr'><em>κατέκτειναν</em></span> <span class='ocrx_word' id='word_1_51' title='bbox 868 572 913 612; x_wconf 80' lang='grc' dir='ltr'><strong>ἐν</strong></span> <span class='ocrx_word' id='word_1_52' title='bbox 937 572 987 626; x_wconf 78' lang='grc' dir='ltr'><strong>τῇ</strong></span> <span class='ocrx_word' id='word_1_53' title='bbox 1007 570 1288 627; x_wconf 74' lang='grc' dir='ltr'><em>νυκτομαχίᾳ,</em></span> <span class='ocrx_word' id='word_1_54' title='bbox 1323 565 1381 618; x_wconf 72' lang='grc' dir='ltr'><strong>ὥς</strong></span> <span class='ocrx_word' id='word_1_55' title='bbox 1399 583 1474 621; x_wconf 90' lang='grc' dir='ltr'><em>μοι</em></span> <span class='ocrx_word' id='word_1_56' title='bbox 1499 569 1632 612; x_wconf 64' lang='lat' dir='ltr'><strong>Sua-B</strong></span> 
     </span>
     <span class='ocr_line' id='line_1_8' title="bbox 148 632 1600 692; baseline -0.002 -15"><span class='ocrx_word' id='word_1_57' title='bbox 148 651 227 677; x_wconf 82' lang='grc' dir='ltr'><strong>στα</strong></span> <span class='ocrx_word' id='word_1_58' title='bbox 256 632 591 691; x_wconf 76' lang='grc' dir='ltr'><em>προδεδιήγηται.</em></span> <span class='ocrx_word' id='word_1_59' title='bbox 621 635 778 677; x_wconf 76' lang='grc' dir='ltr'><em>ἐκείνου</em></span> <span class='ocrx_word' id='word_1_60' title='bbox 811 637 858 676; x_wconf 74' lang='grc' dir='ltr'><strong>δὲ</strong></span> <span class='ocrx_word' id='word_1_61' title='bbox 884 637 958 678; x_wconf 81' lang='grc' dir='ltr'><strong>τοῦ</strong></span> <span class='ocrx_word' id='word_1_62' title='bbox 986 634 1110 692; x_wconf 83' lang='grc' dir='ltr'><em>ἔργον</em></span> <span class='ocrx_word' id='word_1_63' title='bbox 1136 637 1265 691; x_wconf 89' lang='grc' dir='ltr'><em>πέρας</em></span> <span class='ocrx_word' id='word_1_64' title='bbox 1296 632 1517 687; x_wconf 85' lang='grc' dir='ltr'><em>λαβόντος,</em></span> <span class='ocrx_word' id='word_1_65' title='bbox 1548 634 1600 674; x_wconf 79' lang='grc' dir='ltr'><strong>ἆ-</strong></span> 
     </span>
     <span class='ocr_line' id='line_1_9' title="bbox 149 698 1599 756; baseline -0.001 -14"><span class='ocrx_word' id='word_1_66' title='bbox 149 699 291 756; x_wconf 84' lang='grc' dir='ltr'><em>φίεντο</em></span> <span class='ocrx_word' id='word_1_67' title='bbox 315 702 395 754; x_wconf 83' lang='grc' dir='ltr'><strong>μὲν</strong></span> <span class='ocrx_word' id='word_1_68' title='bbox 415 698 496 742; x_wconf 78' lang='grc' dir='ltr'><em>ὑπὸ</em></span> <span class='ocrx_word' id='word_1_69' title='bbox 531 700 756 753; x_wconf 69' lang='grc' dir='ltr'><strong>ζΡωμαίων</strong></span> <span class='ocrx_word' id='word_1_70' title='bbox 783 699 834 743; x_wconf 81' lang='grc' dir='ltr'><strong>τά</strong></span> <span class='ocrx_word' id='word_1_71' title='bbox 866 701 1114 756; x_wconf 71' lang='grc' dir='ltr'><em>συγκεᾴιενα</em></span> <span class='ocrx_word' id='word_1_72' title='bbox 1141 699 1433 753; x_wconf 86' lang='grc' dir='ltr'><em>κομισάμενοι,</em></span> <span class='ocrx_word' id='word_1_73' title='bbox 1472 699 1599 741; x_wconf 85' lang='grc' dir='ltr'><em>πάλιν</em></span> 
     </span>
     <span class='ocr_line' id='line_1_10' title="bbox 148 762 1599 824; baseline -0.001 -16"><span class='ocrx_word' id='word_1_74' title='bbox 148 767 196 808; x_wconf 76' lang='grc' dir='ltr'><strong>δὲ</strong></span> <span class='ocrx_word' id='word_1_75' title='bbox 237 772 322 815; x_wconf 80' lang='grc' dir='ltr'><em>τοῖς</em></span> <span class='ocrx_word' id='word_1_76' title='bbox 362 765 484 824; x_wconf 70' lang='grc' dir='ltr'><em>ὀλίγῳ</em></span> <span class='ocrx_word' id='word_1_77' title='bbox 526 765 766 822; x_wconf 60' lang='grc' dir='ltr'><em>ἔμπροσθεν</em></span> <span class='ocrx_word' id='word_1_78' title='bbox 805 768 1130 820; x_wconf 84' lang='grc' dir='ltr'><em>πολεμιωτάτοις</em></span> <span class='ocrx_word' id='word_1_79' title='bbox 1169 766 1426 818; x_wconf 80' lang='grc' dir='ltr'><em>ξυνείποντο,</em></span> <span class='ocrx_word' id='word_1_80' title='bbox 1465 762 1599 819; x_wconf 85' lang='grc' dir='ltr'><em>τυχὸν</em></span> 
     </span>
     <span class='ocr_line' id='line_1_11' title="bbox 91 826 1598 889; baseline -0.002 -14"><span class='ocrx_word' id='word_1_81' title='bbox 91 833 228 885; x_wconf 74' lang='grc' dir='ltr'><em>ἰομὲν</em></span> <span class='ocrx_word' id='word_1_82' title='bbox 253 830 291 873; x_wconf 81' lang='grc' dir='ltr'><strong>οἱ</strong></span> <span class='ocrx_word' id='word_1_83' title='bbox 314 831 459 885; x_wconf 69' lang='grc' dir='ltr'><em>αὐτοὶ,</em></span> <span class='ocrx_word' id='word_1_84' title='bbox 487 830 617 886; x_wconf 87' lang='grc' dir='ltr'><em>τυχὸν</em></span> <span class='ocrx_word' id='word_1_85' title='bbox 642 834 688 874; x_wconf 74' lang='grc' dir='ltr'><strong>δὲ</strong></span> <span class='ocrx_word' id='word_1_86' title='bbox 713 833 866 889; x_wconf 77' lang='grc' dir='ltr'><em>ἕτεροι,</em></span> <span class='ocrx_word' id='word_1_87' title='bbox 895 831 1094 889; x_wconf 80' lang='grc' dir='ltr'><em>Σάβειροι</em></span> <span class='ocrx_word' id='word_1_88' title='bbox 1119 833 1164 875; x_wconf 72' lang='grc' dir='ltr'><strong>δὲ</strong></span> <span class='ocrx_word' id='word_1_89' title='bbox 1187 829 1301 885; x_wconf 80' lang='grc' dir='ltr'><em>ὅμως</em></span> <span class='ocrx_word' id='word_1_90' title='bbox 1324 826 1436 880; x_wconf 69' lang='grc' dir='ltr'><em>ὄντες</em></span> <span class='ocrx_word' id='word_1_91' title='bbox 1457 831 1529 872; x_wconf 84' lang='grc' dir='ltr'><em>καί</em></span> <span class='ocrx_word' id='word_1_92' title='bbox 1552 831 1598 873; x_wconf 80' lang='grc' dir='ltr'><strong>ἐκ</strong></span> 
     </span>
     <span class='ocr_line' id='line_1_12' title="bbox 143 893 1390 953; baseline -0.001 -14"><span class='ocrx_word' id='word_1_93' title='bbox 143 897 220 939; x_wconf 74' lang='grc' dir='ltr'><strong>τοῦ</strong></span> <span class='ocrx_word' id='word_1_94' title='bbox 241 898 444 952; x_wconf 82' lang='grc' dir='ltr'><em>σφετέρου</em></span> <span class='ocrx_word' id='word_1_95' title='bbox 471 895 622 947; x_wconf 78' lang='grc' dir='ltr'><em>ἔθνους</em></span> <span class='ocrx_word' id='word_1_96' title='bbox 642 899 684 947; x_wconf 82' lang='grc' dir='ltr'><strong>ές</strong></span> <span class='ocrx_word' id='word_1_97' title='bbox 705 896 782 953; x_wconf 72' lang='grc' dir='ltr'><strong>τὴν</strong></span> <span class='ocrx_word' id='word_1_98' title='bbox 808 898 1054 953; x_wconf 76' lang='grc' dir='ltr'><em>’ξυμμαχίαν</em></span> <span class='ocrx_word' id='word_1_99' title='bbox 1077 893 1390 951; x_wconf 70' lang='grc' dir='ltr'><em>ἀπεσταλμένοι.</em></span> 
     </span>
     <span class='ocr_line' id='line_1_13' title="bbox 253 958 1596 1020; baseline -0.001 -17"><span class='ocrx_word' id='word_1_100' title='bbox 253 962 320 1005; x_wconf 64' lang='grc' dir='ltr'><strong>ιδ’.</strong></span> <span class='ocrx_word' id='word_1_101' title='bbox 373 961 538 1005; x_wconf 81' lang='grc' dir='ltr'><em>Τούτων</em></span> <span class='ocrx_word' id='word_1_102' title='bbox 562 961 612 1018; x_wconf 74' lang='grc' dir='ltr'><strong>δη</strong></span> <span class='ocrx_word' id='word_1_103' title='bbox 639 958 711 1004; x_wconf 76' lang='grc' dir='ltr'><strong>οὖν</strong></span> <span class='ocrx_word' id='word_1_104' title='bbox 727 965 810 1005; x_wconf 76' lang='grc' dir='ltr'><strong>τῶν</strong></span> <span class='ocrx_word' id='word_1_105' title='bbox 821 964 1036 1019; x_wconf 69' lang='grc' dir='ltr'><em>Σαβειρων</em></span> <span class='ocrx_word' id='word_1_106' title='bbox 1064 958 1211 1020; x_wconf 71' lang='grc' dir='ltr'><em>ἄνδρες</em></span> <span class='ocrx_word' id='word_1_107' title='bbox 1233 965 1276 1012; x_wconf 79' lang='grc' dir='ltr'><strong>ἐς</strong></span> <span class='ocrx_word' id='word_1_108' title='bbox 1299 963 1596 1011; x_wconf 87' lang='grc' dir='ltr'><em>πεντακοσίους</em></span> 
     </span>
     <span class='ocr_line' id='line_1_14' title="bbox 141 1024 1596 1086; baseline -0.002 -14"><span class='ocrx_word' id='word_1_109' title='bbox 141 1030 188 1072; x_wconf 74' lang='grc' dir='ltr'><strong>ἒν</strong></span> <span class='ocrx_word' id='word_1_110' title='bbox 205 1025 403 1086; x_wconf 75' lang='grc' dir='ltr'><em>ὖπαίθρῳ</em></span> <span class='ocrx_word' id='word_1_111' title='bbox 430 1028 515 1071; x_wconf 83' lang='grc' dir='ltr'><strong>τινί</strong></span> <span class='ocrx_word' id='word_1_112' title='bbox 542 1032 870 1085; x_wconf 76' lang='grc' dir='ltr'><em>περιαυλίσματι</em></span> <span class='ocrx_word' id='word_1_113' title='bbox 901 1026 1048 1085; x_wconf 73' lang='grc' dir='ltr'><em>πόρ’ῥω</em></span> <span class='ocrx_word' id='word_1_114' title='bbox 1084 1046 1162 1071; x_wconf 89' lang='grc' dir='ltr'><em>που</em></span> <span class='ocrx_word' id='word_1_115' title='bbox 1194 1031 1278 1071; x_wconf 76' lang='grc' dir='ltr'><strong>τῶν</strong></span> <span class='ocrx_word' id='word_1_116' title='bbox 1306 1024 1444 1071; x_wconf 76' lang='grc' dir='ltr'><em>ἄλλων</em></span> <span class='ocrx_word' id='word_1_117' title='bbox 1468 1045 1596 1084; x_wconf 81' lang='grc' dir='ltr'><em>στρα-</em></span> 
     </span>
     <span class='ocr_line' id='line_1_15' title="bbox 140 1093 1595 1152; baseline -0.002 -16"><span class='ocrx_word' id='word_1_118' title='bbox 140 1095 359 1148; x_wconf 85' lang='grc' dir='ltr'><em>τευμάτων</em></span> <span class='ocrx_word' id='word_1_119' title='bbox 384 1094 613 1149; x_wconf 78' lang='grc' dir='ltr'><em>ἐτύγχανον</em></span> <span class='ocrx_word' id='word_1_120' title='bbox 638 1096 920 1150; x_wconf 76' lang='grc' dir='ltr'><em>ἐσκηνημένοι.</em></span> <span class='ocrx_word' id='word_1_121' title='bbox 954 1094 979 1135; x_wconf 74' lang='grc' dir='ltr'>ὃ</span> <span class='ocrx_word' id='word_1_122' title='bbox 1004 1093 1053 1150; x_wconf 76' lang='grc' dir='ltr'><strong>δη</strong></span> <span class='ocrx_word' id='word_1_123' title='bbox 1083 1093 1304 1152; x_wconf 74' lang='grc' dir='ltr'><em>Μαξεντίῳ</em></span> <span class='ocrx_word' id='word_1_124' title='bbox 1326 1110 1370 1135; x_wconf 94' lang='grc' dir='ltr'><strong>τε</strong></span> <span class='ocrx_word' id='word_1_125' title='bbox 1396 1093 1468 1135; x_wconf 84' lang='grc' dir='ltr'><em>καί</em></span> <span class='ocrx_word' id='word_1_126' title='bbox 1488 1095 1595 1136; x_wconf 88' lang='grc' dir='ltr'><em>Θεο-</em></span> 
     </span>
     <span class='ocr_line' id='line_1_16' title="bbox 93 1155 1596 1219; baseline -0.001 -17"><span class='ocrx_word' id='word_1_127' title='bbox 93 1159 263 1219; x_wconf 73' lang='grc' dir='ltr'><em>ιόδώρῳ</em></span> <span class='ocrx_word' id='word_1_128' title='bbox 285 1161 529 1217; x_wconf 76' lang='grc' dir='ltr'><em>σαφέστατα</em></span> <span class='ocrx_word' id='word_1_129' title='bbox 551 1160 836 1215; x_wconf 78' lang='grc' dir='ltr'><em>ἐγνωσμένον,</em></span> <span class='ocrx_word' id='word_1_130' title='bbox 876 1161 950 1202; x_wconf 81' lang='grc' dir='ltr'><em>καί</em></span> <span class='ocrx_word' id='word_1_131' title='bbox 976 1157 1042 1201; x_wconf 76' lang='grc' dir='ltr'><strong>ὅτι</strong></span> <span class='ocrx_word' id='word_1_132' title='bbox 1072 1155 1250 1202; x_wconf 70' lang='grc' dir='ltr'><em>ἄνοπλον</em></span> <span class='ocrx_word' id='word_1_133' title='bbox 1277 1157 1386 1202; x_wconf 78' lang='grc' dir='ltr'><em>οὕτω</em></span> <span class='ocrx_word' id='word_1_134' title='bbox 1415 1175 1502 1208; x_wconf 88' lang='grc' dir='ltr'><strong>πως</strong></span> <span class='ocrx_word' id='word_1_135' title='bbox 1522 1158 1596 1200; x_wconf 77' lang='grc' dir='ltr'><em>καί</em></span> 
     </span>
     <span class='ocr_line' id='line_1_17' title="bbox 140 1221 1596 1282; baseline -0.001 -14"><span class='ocrx_word' id='word_1_136' title='bbox 140 1223 360 1281; x_wconf 78' lang='grc' dir='ltr'><em>ἆνειμένην</em></span> <span class='ocrx_word' id='word_1_137' title='bbox 394 1223 489 1267; x_wconf 79' lang='grc' dir='ltr'><em>τινά</em></span> <span class='ocrx_word' id='word_1_138' title='bbox 520 1225 689 1268; x_wconf 76' lang='grc' dir='ltr'><em>δίαιταν</em></span> <span class='ocrx_word' id='word_1_139' title='bbox 724 1221 892 1280; x_wconf 72' lang='grc' dir='ltr'><em>ἄγοντες</em></span> <span class='ocrx_word' id='word_1_140' title='bbox 926 1228 1211 1281; x_wconf 79' lang='grc' dir='ltr'><em>διατελοῦσιν,</em></span> <span class='ocrx_word' id='word_1_141' title='bbox 1251 1221 1430 1282; x_wconf 74' lang='grc' dir='ltr'><em>ἤλαυνον</em></span> <span class='ocrx_word' id='word_1_142' title='bbox 1460 1224 1596 1275; x_wconf 75' lang='grc' dir='ltr'><em>εὕθὺς</em></span> 
     </span>
     <span class='ocr_line' id='line_1_18' title="bbox 140 1289 1597 1349; baseline -0.001 -15"><span class='ocrx_word' id='word_1_143' title='bbox 140 1293 204 1334; x_wconf 77' lang='grc' dir='ltr'><em>ἐπ’</em></span> <span class='ocrx_word' id='word_1_144' title='bbox 228 1289 381 1340; x_wconf 73' lang='grc' dir='ltr'><em>αὖτοὺς</em></span> <span class='ocrx_word' id='word_1_145' title='bbox 414 1291 676 1347; x_wconf 86' lang='grc' dir='ltr'><em>τριακοσίους</em></span> <span class='ocrx_word' id='word_1_146' title='bbox 711 1290 962 1346; x_wconf 79' lang='grc' dir='ltr'><em>ἐπαγόμενοι</em></span> <span class='ocrx_word' id='word_1_147' title='bbox 1006 1292 1195 1341; x_wconf 84' lang='grc' dir='ltr'><em>ἱππότας.</em></span> <span class='ocrx_word' id='word_1_148' title='bbox 1250 1291 1516 1349; x_wconf 82' lang='grc' dir='ltr'><em>περιστάντες</em></span> <span class='ocrx_word' id='word_1_149' title='bbox 1548 1293 1597 1332; x_wconf 78' lang='grc' dir='ltr'><strong>δὲ</strong></span> 
     </span>
     <span class='ocr_line' id='line_1_19' title="bbox 140 1353 1633 1415; baseline -0.001 -17"><span class='ocrx_word' id='word_1_150' title='bbox 140 1355 276 1415; x_wconf 77' lang='grc' dir='ltr'><em>κύκλῳ</em></span> <span class='ocrx_word' id='word_1_151' title='bbox 301 1354 348 1398; x_wconf 88' lang='grc' dir='ltr'>τὸ</span> <span class='ocrx_word' id='word_1_152' title='bbox 375 1358 505 1412; x_wconf 75' lang='grc' dir='ltr'><em>ἕρκος,</em></span> <span class='ocrx_word' id='word_1_153' title='bbox 528 1353 598 1414; x_wconf 73' lang='grc' dir='ltr'><strong>(ἢν</strong></span> <span class='ocrx_word' id='word_1_154' title='bbox 620 1355 703 1413; x_wconf 81' lang='grc' dir='ltr'><strong>γάρ</strong></span> <span class='ocrx_word' id='word_1_155' title='bbox 726 1353 776 1398; x_wconf 77' lang='grc' dir='ltr'><strong>οὖ</strong></span> <span class='ocrx_word' id='word_1_156' title='bbox 800 1357 892 1399; x_wconf 91' lang='grc' dir='ltr'><em>λίαν</em></span> <span class='ocrx_word' id='word_1_157' title='bbox 916 1359 960 1406; x_wconf 78' lang='grc' dir='ltr'><strong>ἐς</strong></span> <span class='ocrx_word' id='word_1_158' title='bbox 986 1355 1098 1412; x_wconf 73' lang='grc' dir='ltr'><em>ὕψος</em></span> <span class='ocrx_word' id='word_1_159' title='bbox 1121 1358 1285 1413; x_wconf 75' lang='grc' dir='ltr'><em>ἀνέχον,</em></span> <span class='ocrx_word' id='word_1_160' title='bbox 1315 1354 1408 1400; x_wconf 71' lang='grc' dir='ltr'><em>ἀλλ’</em></span> <span class='ocrx_word' id='word_1_161' title='bbox 1425 1359 1469 1407; x_wconf 81' lang='grc' dir='ltr'><strong>ές</strong></span> <span class='ocrx_word' id='word_1_162' title='bbox 1496 1353 1633 1400; x_wconf 75' lang='grc' dir='ltr'><em>ὅσονῦ</em></span> 
     </span>
     <span class='ocr_line' id='line_1_20' title="bbox 141 1419 1595 1479; baseline -0.001 -14"><span class='ocrx_word' id='word_1_163' title='bbox 141 1421 314 1466; x_wconf 79' lang='grc' dir='ltr'><em>ἱππότου</em></span> <span class='ocrx_word' id='word_1_164' title='bbox 334 1419 485 1478; x_wconf 75' lang='grc' dir='ltr'><em>ἀνδρὸς</em></span> <span class='ocrx_word' id='word_1_165' title='bbox 500 1421 697 1464; x_wconf 79' lang='grc' dir='ltr'><em>ἔκτοσθεν</em></span> <span class='ocrx_word' id='word_1_166' title='bbox 716 1422 994 1479; x_wconf 78' lang='grc' dir='ltr'><em>ἐφεστηκότος</em></span> <span class='ocrx_word' id='word_1_167' title='bbox 1025 1421 1071 1465; x_wconf 85' lang='grc' dir='ltr'><strong>τὸ</strong></span> <span class='ocrx_word' id='word_1_168' title='bbox 1096 1422 1314 1479; x_wconf 88' lang='grc' dir='ltr'><em>πρόσωπον</em></span> <span class='ocrx_word' id='word_1_169' title='bbox 1336 1423 1595 1479; x_wconf 81' lang='grc' dir='ltr'><em>ὖπερφαίνε-</em></span> 
     </span>
     <span class='ocr_line' id='line_1_21' title="bbox 87 1482 1595 1546; baseline -0.001 -14"><span class='ocrx_word' id='word_1_170' title='bbox 87 1489 282 1546; x_wconf 67' lang='grc' dir='ltr'><em>αοσθαι,&gt;</em></span> <span class='ocrx_word' id='word_1_171' title='bbox 306 1485 434 1546; x_wconf 73' lang='grc' dir='ltr'><em>τούτῳ</em></span> <span class='ocrx_word' id='word_1_172' title='bbox 468 1487 519 1544; x_wconf 74' lang='grc' dir='ltr'><strong>δὴ</strong></span> <span class='ocrx_word' id='word_1_173' title='bbox 548 1482 623 1529; x_wconf 78' lang='grc' dir='ltr'><strong>οὖν</strong></span> <span class='ocrx_word' id='word_1_174' title='bbox 652 1488 916 1542; x_wconf 81' lang='grc' dir='ltr'><em>πελάσαντες,</em></span> <span class='ocrx_word' id='word_1_175' title='bbox 945 1488 1117 1543; x_wconf 81' lang='grc' dir='ltr'><em>ἔβαλλον</em></span> <span class='ocrx_word' id='word_1_176' title='bbox 1141 1490 1344 1531; x_wconf 81' lang='grc' dir='ltr'><em>πάντοθεν</em></span> <span class='ocrx_word' id='word_1_177' title='bbox 1367 1486 1464 1537; x_wconf 77' lang='grc' dir='ltr'><em>τοὺς</em></span> <span class='ocrx_word' id='word_1_178' title='bbox 1485 1492 1595 1546; x_wconf 84' lang='grc' dir='ltr'><em>βαρ-</em></span> 
     </span>
     <span class='ocr_line' id='line_1_22' title="bbox 137 1551 1594 1611; baseline -0.001 -15"><span class='ocrx_word' id='word_1_179' title='bbox 137 1553 301 1610; x_wconf 86' lang='grc' dir='ltr'><em>βάρους</em></span> <span class='ocrx_word' id='word_1_180' title='bbox 334 1551 539 1605; x_wconf 80' lang='grc' dir='ltr'><em>άκοντίοις</em></span> <span class='ocrx_word' id='word_1_181' title='bbox 566 1570 611 1596; x_wconf 88' lang='grc' dir='ltr'><strong>τε</strong></span> <span class='ocrx_word' id='word_1_182' title='bbox 639 1557 712 1596; x_wconf 82' lang='grc' dir='ltr'><em>καί</em></span> <span class='ocrx_word' id='word_1_183' title='bbox 732 1553 870 1603; x_wconf 88' lang='grc' dir='ltr'><em>λίθοις</em></span> <span class='ocrx_word' id='word_1_184' title='bbox 898 1557 972 1597; x_wconf 82' lang='grc' dir='ltr'>καί</span> <span class='ocrx_word' id='word_1_185' title='bbox 1004 1555 1253 1608; x_wconf 79' lang='grc' dir='ltr'><em>τοξεύμασι,</em></span> <span class='ocrx_word' id='word_1_186' title='bbox 1283 1554 1357 1596; x_wconf 83' lang='grc' dir='ltr'><em>καί</em></span> <span class='ocrx_word' id='word_1_187' title='bbox 1380 1554 1510 1596; x_wconf 81' lang='grc' dir='ltr'><em>παντί</em></span> <span class='ocrx_word' id='word_1_188' title='bbox 1533 1555 1594 1611; x_wconf 71' lang='grc' dir='ltr'><strong>τῷ</strong></span> 
     </span>
     <span class='ocr_line' id='line_1_23' title="bbox 136 1614 1591 1678; baseline -0.001 -15"><span class='ocrx_word' id='word_1_189' title='bbox 136 1618 431 1678; x_wconf 80' lang='grc' dir='ltr'><em>προστυχόντι.</em></span> <span class='ocrx_word' id='word_1_190' title='bbox 460 1619 500 1662; x_wconf 83' lang='grc' dir='ltr'><strong>οἱ</strong></span> <span class='ocrx_word' id='word_1_191' title='bbox 522 1621 568 1662; x_wconf 74' lang='grc' dir='ltr'><strong>δὲ</strong></span> <span class='ocrx_word' id='word_1_192' title='bbox 592 1614 667 1663; x_wconf 76' lang='grc' dir='ltr'><strong>οὖν</strong></span> <span class='ocrx_word' id='word_1_193' title='bbox 695 1622 865 1672; x_wconf 90' lang='grc' dir='ltr'><em>πλειόυς</em></span> <span class='ocrx_word' id='word_1_194' title='bbox 890 1617 1000 1663; x_wconf 83' lang='grc' dir='ltr'><em>εἶναι</em></span> <span class='ocrx_word' id='word_1_195' title='bbox 1022 1619 1121 1671; x_wconf 82' lang='grc' dir='ltr'><strong>τούς</strong></span> <span class='ocrx_word' id='word_1_196' title='bbox 1148 1619 1402 1668; x_wconf 79' lang='grc' dir='ltr'><em>ἐπελθόντας</em></span> <span class='ocrx_word' id='word_1_197' title='bbox 1426 1616 1454 1675; x_wconf 79' lang='grc' dir='ltr'><em>ἢ</em></span> <span class='ocrx_word' id='word_1_198' title='bbox 1482 1618 1591 1662; x_wconf 76' lang='grc' dir='ltr'><em>κατὰ</em></span> 
     </span>
    </p>
   </div>
   <div class='ocr_carea' id='block_1_3' title="bbox 227 1696 1590 1840">
    <p class='ocr_par' dir='ltr' id='par_1_3' title="bbox 227 1696 1590 1840">
     <span class='ocr_line' id='line_1_24' title="bbox 230 1696 1590 1745; baseline -0.001 -11"><span class='ocrx_word' id='word_1_199' title='bbox 230 1710 263 1734; x_wconf 79' lang='lat'><strong>2.</strong></span> <span class='ocrx_word' id='word_1_200' title='bbox 288 1697 618 1745; x_wconf 80' lang='grc' dir='ltr'><em>παραταττόμενοι</em></span> <span class='ocrx_word' id='word_1_201' title='bbox 642 1701 681 1733; x_wconf 85' lang='lat' dir='ltr'><strong>R.</strong></span> <span class='ocrx_word' id='word_1_202' title='bbox 813 1701 846 1734; x_wconf 88' lang='grc'><strong>6.</strong></span> <span class='ocrx_word' id='word_1_203' title='bbox 881 1701 946 1734; x_wconf 91' lang='lat' dir='ltr'><strong>Pro</strong></span> <span class='ocrx_word' id='word_1_204' title='bbox 973 1700 1219 1735; x_wconf 79' lang='grc' dir='ltr'><em>κατέκτειναν</em></span> <span class='ocrx_word' id='word_1_205' title='bbox 1243 1700 1282 1733; x_wconf 89' lang='lat' dir='ltr'><strong>R.</strong></span> <span class='ocrx_word' id='word_1_206' title='bbox 1309 1696 1395 1731; x_wconf 73' lang='grc' dir='ltr'><em>κατ’</em></span> <span class='ocrx_word' id='word_1_207' title='bbox 1416 1697 1590 1736; x_wconf 74' lang='grc' dir='ltr'><em>ἐκείνοις.</em></span> 
     </span>
     <span class='ocr_line' id='line_1_25' title="bbox 232 1741 1590 1792; baseline -0.002 -11"><span class='ocrx_word' id='word_1_208' title='bbox 232 1749 283 1782; x_wconf 78' lang='lat'><strong>16.</strong></span> <span class='ocrx_word' id='word_1_209' title='bbox 307 1747 364 1780; x_wconf 79' lang='grc' dir='ltr'><strong>ἐπ’</strong></span> <span class='ocrx_word' id='word_1_210' title='bbox 387 1743 526 1783; x_wconf 75' lang='grc' dir='ltr'><em>αὐτοὺς</em></span> <span class='ocrx_word' id='word_1_211' title='bbox 549 1744 668 1784; x_wconf 68' lang='grc' dir='ltr'><em>εὐθὺς</em></span> <span class='ocrx_word' id='word_1_212' title='bbox 692 1748 728 1780; x_wconf 85' lang='lat' dir='ltr'><strong>R.</strong></span> <span class='ocrx_word' id='word_1_213' title='bbox 809 1758 859 1792; x_wconf 89' lang='lat'><strong>¹9·</strong></span> <span class='ocrx_word' id='word_1_214' title='bbox 888 1747 1050 1783; x_wconf 69' lang='grc' dir='ltr'><em>ἔκτοθεν</em></span> <span class='ocrx_word' id='word_1_215' title='bbox 1072 1749 1110 1780; x_wconf 87' lang='lat' dir='ltr'><strong>R.</strong></span> <span class='ocrx_word' id='word_1_216' title='bbox 1186 1758 1240 1782; x_wconf 80' lang='lat'><strong>22.</strong></span> <span class='ocrx_word' id='word_1_217' title='bbox 1266 1741 1336 1781; x_wconf 82' lang='grc' dir='ltr'><strong>οὖν</strong></span> <span class='ocrx_word' id='word_1_218' title='bbox 1362 1743 1411 1780; x_wconf 77' lang='grc' dir='ltr'><strong>ου’</strong></span> <span class='ocrx_word' id='word_1_219' title='bbox 1434 1746 1590 1783; x_wconf 82' lang='grc' dir='ltr'><em>πλείους</em></span> 
     </span>
     <span class='ocr_line' id='line_1_26' title="bbox 227 1788 866 1840; baseline -0.003 -12"><span class='ocrx_word' id='word_1_220' title='bbox 227 1794 267 1828; x_wconf 83' lang='grc' dir='ltr'><strong>Β.</strong></span> <span class='ocrx_word' id='word_1_221' title='bbox 290 1799 328 1828; x_wconf 89' lang='lat' dir='ltr'><strong>et</strong></span> <span class='ocrx_word' id='word_1_222' title='bbox 357 1794 458 1840; x_wconf 87' lang='lat' dir='ltr'><strong>Lugd</strong></span> <span class='ocrx_word' id='word_1_223' title='bbox 479 1819 489 1835; x_wconf 89' lang='lat'><em>‚</em></span> <span class='ocrx_word' id='word_1_224' title='bbox 515 1793 579 1828; x_wconf 87' lang='lat' dir='ltr'><strong>sed</strong></span> <span class='ocrx_word' id='word_1_225' title='bbox 608 1805 678 1839; x_wconf 85' lang='lat' dir='ltr'><strong>mg.</strong></span> <span class='ocrx_word' id='word_1_226' title='bbox 713 1788 783 1828; x_wconf 79' lang='grc' dir='ltr'><strong>οὖν</strong></span> <span class='ocrx_word' id='word_1_227' title='bbox 806 1794 866 1827; x_wconf 82' lang='grc' dir='ltr'><em>πλ.</em></span> 
     </span>
    </p>
   </div>
   <div class='ocr_carea' id='block_1_4' title="bbox 133 1876 1640 2342">
    <p class='ocr_par' dir='ltr' id='par_1_4' title="bbox 133 1876 1640 2342">
     <span class='ocr_line' id='line_1_27' title="bbox 135 1876 1587 1924; baseline 0.001 -13"><span class='ocrx_word' id='word_1_228' title='bbox 135 1876 176 1912; x_wconf 79' lang='lat' dir='ltr'><strong>in</strong></span> <span class='ocrx_word' id='word_1_229' title='bbox 200 1877 381 1911; x_wconf 85' lang='lat' dir='ltr'><strong>contraria</strong></span> <span class='ocrx_word' id='word_1_230' title='bbox 403 1877 561 1912; x_wconf 80' lang='lat' dir='ltr'>subinde</span> <span class='ocrx_word' id='word_1_231' title='bbox 586 1882 754 1911; x_wconf 81' lang='lat' dir='ltr'><strong>mutatur.</strong></span> <span class='ocrx_word' id='word_1_232' title='bbox 804 1877 1032 1924; x_wconf 81' lang='lat' dir='ltr'><strong>Frequenter</strong></span> <span class='ocrx_word' id='word_1_233' title='bbox 1064 1877 1161 1912; x_wconf 90' lang='lat' dir='ltr'><strong>enim</strong></span> <span class='ocrx_word' id='word_1_234' title='bbox 1193 1889 1273 1911; x_wconf 88' lang='lat' dir='ltr'><strong>cum</strong></span> <span class='ocrx_word' id='word_1_235' title='bbox 1295 1876 1475 1918; x_wconf 87' lang='lat' dir='ltr'><strong>Romanis,</strong></span> <span class='ocrx_word' id='word_1_236' title='bbox 1511 1877 1587 1912; x_wconf 85' lang='lat' dir='ltr'><strong>sre-</strong></span> 
     </span>
     <span class='ocr_line' id='line_1_28' title="bbox 141 1924 1640 1970; baseline 0.001 -12"><span class='ocrx_word' id='word_1_237' title='bbox 141 1930 294 1970; x_wconf 83' lang='lat' dir='ltr'><strong>quenter</strong></span> <span class='ocrx_word' id='word_1_238' title='bbox 315 1935 400 1959; x_wconf 85' lang='lat' dir='ltr'><strong>vero</strong></span> <span class='ocrx_word' id='word_1_239' title='bbox 427 1936 508 1958; x_wconf 88' lang='lat' dir='ltr'><strong>cum</strong></span> <span class='ocrx_word' id='word_1_240' title='bbox 531 1926 659 1966; x_wconf 84' lang='lat' dir='ltr'><strong>Persis,</strong></span> <span class='ocrx_word' id='word_1_241' title='bbox 685 1926 781 1958; x_wconf 88' lang='lat' dir='ltr'><strong>inter</strong></span> <span class='ocrx_word' id='word_1_242' title='bbox 805 1935 882 1958; x_wconf 85' lang='lat' dir='ltr'><strong>sese</strong></span> <span class='ocrx_word' id='word_1_243' title='bbox 912 1925 1051 1958; x_wconf 88' lang='lat' dir='ltr'><strong>bellum</strong></span> <span class='ocrx_word' id='word_1_244' title='bbox 1076 1925 1297 1970; x_wconf 86' lang='lat' dir='ltr'><strong>gerentibus,</strong></span> <span class='ocrx_word' id='word_1_245' title='bbox 1323 1924 1504 1969; x_wconf 90' lang='lat' dir='ltr'><strong>proelium</strong></span> <span class='ocrx_word' id='word_1_246' title='bbox 1527 1927 1588 1959; x_wconf 89' lang='lat' dir='ltr'><strong>in-</strong></span> <span class='ocrx_word' id='word_1_247' title='bbox 1636 1966 1640 1970; x_wconf 23' lang='lat'><strong><em>⁴</em></strong></span> 
     </span>
     <span class='ocr_line' id='line_1_29' title="bbox 138 1970 1587 2017; baseline 0.002 -14"><span class='ocrx_word' id='word_1_248' title='bbox 138 1971 277 2011; x_wconf 84' lang='lat' dir='ltr'><strong>ierunt,</strong></span> <span class='ocrx_word' id='word_1_249' title='bbox 313 1976 350 2004; x_wconf 84' lang='lat' dir='ltr'><strong>et</strong></span> <span class='ocrx_word' id='word_1_250' title='bbox 385 1971 515 2017; x_wconf 83' lang='lat' dir='ltr'><strong>exiguo</strong></span> <span class='ocrx_word' id='word_1_251' title='bbox 550 1972 723 2017; x_wconf 83' lang='lat' dir='ltr'><strong>temporis</strong></span> <span class='ocrx_word' id='word_1_252' title='bbox 749 1972 866 2016; x_wconf 84' lang='lat' dir='ltr'><strong>spatio</strong></span> <span class='ocrx_word' id='word_1_253' title='bbox 898 1971 1115 2016; x_wconf 74' lang='lat' dir='ltr'><strong>interposito</strong></span> <span class='ocrx_word' id='word_1_254' title='bbox 1142 1971 1251 2005; x_wconf 86' lang='lat' dir='ltr'><strong>modo</strong></span> <span class='ocrx_word' id='word_1_255' title='bbox 1280 1971 1352 2012; x_wconf 86' lang='lat' dir='ltr'><strong>his,</strong></span> <span class='ocrx_word' id='word_1_256' title='bbox 1379 1970 1487 2004; x_wconf 90' lang='lat' dir='ltr'><strong>modo</strong></span> <span class='ocrx_word' id='word_1_257' title='bbox 1511 1972 1587 2006; x_wconf 85' lang='lat' dir='ltr'><strong>illis</strong></span> 
     </span>
     <span class='ocr_line' id='line_1_30' title="bbox 135 2017 1589 2064; baseline 0.002 -15"><span class='ocrx_word' id='word_1_258' title='bbox 135 2019 392 2051; x_wconf 78' lang='lat' dir='ltr'><strong>mercenariam</strong></span> <span class='ocrx_word' id='word_1_259' title='bbox 411 2030 512 2052; x_wconf 85' lang='lat' dir='ltr'><strong>suam</strong></span> <span class='ocrx_word' id='word_1_260' title='bbox 533 2030 677 2063; x_wconf 81' lang='lat' dir='ltr'><strong>operam</strong></span> <span class='ocrx_word' id='word_1_261' title='bbox 695 2018 870 2052; x_wconf 80' lang='lat' dir='ltr'><strong>locarunt.</strong></span> <span class='ocrx_word' id='word_1_262' title='bbox 923 2017 1018 2050; x_wconf 83' lang='lat' dir='ltr'><strong>Nam</strong></span> <span class='ocrx_word' id='word_1_263' title='bbox 1043 2019 1165 2064; x_wconf 86' lang='lat' dir='ltr'><strong>priore</strong></span> <span class='ocrx_word' id='word_1_264' title='bbox 1191 2018 1290 2051; x_wconf 91' lang='lat' dir='ltr'><strong>bello</strong></span> <span class='ocrx_word' id='word_1_265' title='bbox 1322 2017 1489 2051; x_wconf 79' lang='lat' dir='ltr'><strong>adversus</strong></span> <span class='ocrx_word' id='word_1_266' title='bbox 1501 2018 1589 2052; x_wconf 88' lang='lat' dir='ltr'><strong>Per-</strong></span> 
     </span>
     <span class='ocr_line' id='line_1_31' title="bbox 135 2064 1584 2108; baseline 0.002 -13"><span class='ocrx_word' id='word_1_267' title='bbox 135 2073 192 2096; x_wconf 82' lang='lat' dir='ltr'><strong>sas</strong></span> <span class='ocrx_word' id='word_1_268' title='bbox 216 2070 439 2108; x_wconf 82' lang='lat' dir='ltr'><strong>pugnarunt,</strong></span> <span class='ocrx_word' id='word_1_269' title='bbox 467 2075 547 2097; x_wconf 88' lang='lat' dir='ltr'><strong>cum</strong></span> <span class='ocrx_word' id='word_1_270' title='bbox 569 2065 703 2098; x_wconf 83' lang='lat' dir='ltr'><strong>multos</strong></span> <span class='ocrx_word' id='word_1_271' title='bbox 735 2064 1008 2098; x_wconf 79' lang='lat' dir='ltr'><strong>Dilimnitarum</strong></span> <span class='ocrx_word' id='word_1_272' title='bbox 1040 2067 1079 2098; x_wconf 89' lang='lat' dir='ltr'><strong>in</strong></span> <span class='ocrx_word' id='word_1_273' title='bbox 1115 2076 1152 2098; x_wconf 89' lang='lat' dir='ltr'><strong>se</strong></span> <span class='ocrx_word' id='word_1_274' title='bbox 1191 2065 1370 2098; x_wconf 80' lang='lat' dir='ltr'><strong>irruentes</strong></span> <span class='ocrx_word' id='word_1_275' title='bbox 1406 2069 1584 2099; x_wconf 83' lang='lat' dir='ltr'><strong>nocturno</strong></span> 
     </span>
     <span class='ocr_line' id='line_1_32' title="bbox 134 2109 1585 2158; baseline 0.002 -16"><span class='ocrx_word' id='word_1_276' title='bbox 134 2109 275 2154; x_wconf 83' lang='lat' dir='ltr'><strong>proelio</strong></span> <span class='ocrx_word' id='word_1_277' title='bbox 300 2110 543 2151; x_wconf 81' lang='lat' dir='ltr'><strong>trucidarunt,</strong></span> <span class='ocrx_word' id='word_1_278' title='bbox 571 2111 878 2158; x_wconf 82' lang='lat' dir='ltr'><strong>quemadmodum</strong></span> <span class='ocrx_word' id='word_1_279' title='bbox 898 2123 1005 2156; x_wconf 89' lang='lat' dir='ltr'><strong>supra</strong></span> <span class='ocrx_word' id='word_1_280' title='bbox 1032 2111 1186 2148; x_wconf 83' lang='lat' dir='ltr'><strong>narravi.</strong></span> <span class='ocrx_word' id='word_1_281' title='bbox 1245 2111 1327 2157; x_wconf 87' lang='lat' dir='ltr'><strong>Quo</strong></span> <span class='ocrx_word' id='word_1_282' title='bbox 1353 2111 1476 2144; x_wconf 83' lang='lat' dir='ltr'><strong>statim</strong></span> <span class='ocrx_word' id='word_1_283' title='bbox 1501 2111 1585 2145; x_wconf 84' lang='lat' dir='ltr'><strong>bel-</strong></span> 
     </span>
     <span class='ocr_line' id='line_1_33' title="bbox 134 2155 1585 2204; baseline 0.003 -16"><span class='ocrx_word' id='word_1_284' title='bbox 134 2155 171 2188; x_wconf 93' lang='lat' dir='ltr'><strong>lo</strong></span> <span class='ocrx_word' id='word_1_285' title='bbox 199 2156 382 2198; x_wconf 85' lang='lat' dir='ltr'><strong>confecto,</strong></span> <span class='ocrx_word' id='word_1_286' title='bbox 409 2156 548 2192; x_wconf 83' lang='lat' dir='ltr'><strong>dimissi</strong></span> <span class='ocrx_word' id='word_1_287' title='bbox 572 2158 721 2204; x_wconf 87' lang='lat' dir='ltr'><strong>quidem</strong></span> <span class='ocrx_word' id='word_1_288' title='bbox 746 2164 832 2192; x_wconf 82' lang='lat' dir='ltr'><strong>sunt</strong></span> <span class='ocrx_word' id='word_1_289' title='bbox 855 2170 876 2191; x_wconf 88' lang='lat' dir='ltr'>a</span> <span class='ocrx_word' id='word_1_290' title='bbox 905 2158 1084 2199; x_wconf 86' lang='lat' dir='ltr'><strong>Romanis,</strong></span> <span class='ocrx_word' id='word_1_291' title='bbox 1107 2157 1287 2199; x_wconf 86' lang='lat' dir='ltr'><strong>mercede,</strong></span> <span class='ocrx_word' id='word_1_292' title='bbox 1317 2157 1362 2190; x_wconf 87' lang='lat' dir='ltr'><strong>de</strong></span> <span class='ocrx_word' id='word_1_293' title='bbox 1389 2169 1460 2203; x_wconf 88' lang='lat' dir='ltr'><strong>qua</strong></span> <span class='ocrx_word' id='word_1_294' title='bbox 1486 2158 1585 2192; x_wconf 83' lang='lat' dir='ltr'><strong>inter</strong></span> 
     </span>
     <span class='ocr_line' id='line_1_34' title="bbox 133 2203 1584 2252; baseline 0.003 -17"><span class='ocrx_word' id='word_1_295' title='bbox 133 2203 233 2247; x_wconf 85' lang='lat' dir='ltr'><strong>ipsos</strong></span> <span class='ocrx_word' id='word_1_296' title='bbox 253 2209 478 2246; x_wconf 83' lang='lat' dir='ltr'><strong>convenerat,</strong></span> <span class='ocrx_word' id='word_1_297' title='bbox 511 2210 670 2250; x_wconf 79' lang='lat' dir='ltr'><strong>accepta3</strong></span> <span class='ocrx_word' id='word_1_298' title='bbox 697 2211 823 2250; x_wconf 86' lang='lat' dir='ltr'><strong>postea</strong></span> <span class='ocrx_word' id='word_1_299' title='bbox 851 2211 970 2238; x_wconf 83' lang='lat' dir='ltr'><strong>autem</strong></span> <span class='ocrx_word' id='word_1_300' title='bbox 1001 2206 1160 2252; x_wconf 86' lang='lat' dir='ltr'><strong>eos,qui</strong></span> <span class='ocrx_word' id='word_1_301' title='bbox 1184 2210 1290 2238; x_wconf 82' lang='lat' dir='ltr'><strong>antea</strong></span> <span class='ocrx_word' id='word_1_302' title='bbox 1314 2205 1410 2249; x_wconf 57' lang='lat' dir='ltr'><strong>ipsis</strong></span> <span class='ocrx_word' id='word_1_303' title='bbox 1436 2206 1584 2239; x_wconf 83' lang='lat' dir='ltr'><strong>fuerant</strong></span> 
     </span>
     <span class='ocr_line' id='line_1_35' title="bbox 135 2249 1584 2296; baseline 0.003 -14"><span class='ocrx_word' id='word_1_304' title='bbox 135 2249 298 2283; x_wconf 84' lang='lat' dir='ltr'><strong>acerrimi</strong></span> <span class='ocrx_word' id='word_1_305' title='bbox 330 2249 470 2292; x_wconf 86' lang='lat' dir='ltr'><strong>hostes,</strong></span> <span class='ocrx_word' id='word_1_306' title='bbox 506 2257 591 2284; x_wconf 84' lang='lat' dir='ltr'><strong>sunt</strong></span> <span class='ocrx_word' id='word_1_307' title='bbox 613 2253 750 2294; x_wconf 85' lang='lat' dir='ltr'><strong>secuti,</strong></span> <span class='ocrx_word' id='word_1_308' title='bbox 782 2253 856 2285; x_wconf 86' lang='lat' dir='ltr'><strong>sive</strong></span> <span class='ocrx_word' id='word_1_309' title='bbox 885 2251 924 2285; x_wconf 85' lang='lat' dir='ltr'><strong>hi</strong></span> <span class='ocrx_word' id='word_1_310' title='bbox 949 2252 1046 2296; x_wconf 86' lang='lat' dir='ltr'><strong>ipsi,</strong></span> <span class='ocrx_word' id='word_1_311' title='bbox 1087 2254 1162 2286; x_wconf 85' lang='lat' dir='ltr'><strong>sive</strong></span> <span class='ocrx_word' id='word_1_312' title='bbox 1186 2252 1273 2294; x_wconf 83' lang='lat' dir='ltr'><strong>alii,</strong></span> <span class='ocrx_word' id='word_1_313' title='bbox 1310 2251 1428 2285; x_wconf 82' lang='lat' dir='ltr'><strong>Sahiri</strong></span> <span class='ocrx_word' id='word_1_314' title='bbox 1461 2258 1584 2286; x_wconf 87' lang='lat' dir='ltr'><strong>tamen</strong></span> 
     </span>
     <span class='ocr_line' id='line_1_36' title="bbox 134 2297 1229 2342; baseline 0.004 -14"><span class='ocrx_word' id='word_1_315' title='bbox 134 2300 172 2329; x_wconf 77' lang='lat' dir='ltr'><strong>et</strong></span> <span class='ocrx_word' id='word_1_316' title='bbox 196 2307 240 2329; x_wconf 83' lang='lat' dir='ltr'><strong>ex</strong></span> <span class='ocrx_word' id='word_1_317' title='bbox 263 2307 328 2329; x_wconf 85' lang='lat' dir='ltr'><strong>sna</strong></span> <span class='ocrx_word' id='word_1_318' title='bbox 353 2302 458 2342; x_wconf 82' lang='lat' dir='ltr'><strong>gente</strong></span> <span class='ocrx_word' id='word_1_319' title='bbox 484 2297 530 2331; x_wconf 82' lang='lat' dir='ltr'><strong>ad</strong></span> <span class='ocrx_word' id='word_1_320' title='bbox 553 2298 686 2331; x_wconf 84' lang='lat' dir='ltr'><strong>sociale</strong></span> <span class='ocrx_word' id='word_1_321' title='bbox 711 2310 791 2332; x_wconf 88' lang='lat' dir='ltr'><strong>cum</strong></span> <span class='ocrx_word' id='word_1_322' title='bbox 816 2299 930 2332; x_wconf 83' lang='lat' dir='ltr'><strong>Persis</strong></span> <span class='ocrx_word' id='word_1_323' title='bbox 956 2299 1095 2332; x_wconf 89' lang='lat' dir='ltr'><strong>bellum</strong></span> <span class='ocrx_word' id='word_1_324' title='bbox 1120 2299 1229 2332; x_wconf 82' lang='lat' dir='ltr'><strong>missi.</strong></span> 
     </span>
    </p>
   </div>
   <div class='ocr_carea' id='block_1_5' title="bbox 129 2352 1583 2775">
    <p class='ocr_par' dir='ltr' id='par_1_5' title="bbox 129 2352 1583 2775">
     <span class='ocr_line' id='line_1_37' title="bbox 230 2352 1582 2402; baseline 0.001 -15"><span class='ocrx_word' id='word_1_325' title='bbox 230 2352 280 2397; x_wconf 73' lang='grc'><strong>14.</strong></span> <span class='ocrx_word' id='word_1_326' title='bbox 327 2353 378 2387; x_wconf 82' lang='lat' dir='ltr'><strong>Ex</strong></span> <span class='ocrx_word' id='word_1_327' title='bbox 395 2354 450 2387; x_wconf 84' lang='lat' dir='ltr'><strong>his</strong></span> <span class='ocrx_word' id='word_1_328' title='bbox 472 2355 597 2402; x_wconf 79' lang='lat' dir='ltr'><strong>itaque</strong></span> <span class='ocrx_word' id='word_1_329' title='bbox 618 2355 754 2390; x_wconf 88' lang='lat' dir='ltr'><strong>Sabiris</strong></span> <span class='ocrx_word' id='word_1_330' title='bbox 774 2357 843 2389; x_wconf 90' lang='lat' dir='ltr'><strong>viri</strong></span> <span class='ocrx_word' id='word_1_331' title='bbox 866 2357 1055 2402; x_wconf 78' lang='lat' dir='ltr'><strong>quingenti</strong></span> <span class='ocrx_word' id='word_1_332' title='bbox 1081 2358 1120 2390; x_wconf 89' lang='lat' dir='ltr'><strong>in</strong></span> <span class='ocrx_word' id='word_1_333' title='bbox 1146 2356 1290 2390; x_wconf 84' lang='lat' dir='ltr'><strong>stabulo</strong></span> <span class='ocrx_word' id='word_1_334' title='bbox 1316 2355 1471 2402; x_wconf 88' lang='lat' dir='ltr'><strong>quodam</strong></span> <span class='ocrx_word' id='word_1_335' title='bbox 1493 2355 1582 2389; x_wconf 88' lang='lat' dir='ltr'><strong>sub-</strong></span> 
     </span>
     <span class='ocr_line' id='line_1_38' title="bbox 132 2398 1578 2448; baseline 0.001 -15"><span class='ocrx_word' id='word_1_336' title='bbox 132 2398 215 2433; x_wconf 87' lang='lat' dir='ltr'><strong>divo</strong></span> <span class='ocrx_word' id='word_1_337' title='bbox 238 2400 463 2446; x_wconf 84' lang='lat' dir='ltr'><strong>longiuscule</strong></span> <span class='ocrx_word' id='word_1_338' title='bbox 480 2413 500 2435; x_wconf 86' lang='lat' dir='ltr'>a</span> <span class='ocrx_word' id='word_1_339' title='bbox 517 2403 657 2448; x_wconf 87' lang='lat' dir='ltr'><strong>reliquo</strong></span> <span class='ocrx_word' id='word_1_340' title='bbox 675 2405 836 2437; x_wconf 84' lang='lat' dir='ltr'><strong>exercitu</strong></span> <span class='ocrx_word' id='word_1_341' title='bbox 864 2404 990 2438; x_wconf 85' lang='lat' dir='ltr'><strong>dissito</strong></span> <span class='ocrx_word' id='word_1_342' title='bbox 1008 2403 1263 2446; x_wconf 75' lang='lat' dir='ltr'><strong>consederant3</strong></span> <span class='ocrx_word' id='word_1_343' title='bbox 1296 2402 1395 2447; x_wconf 87' lang='lat' dir='ltr'><strong>quod</strong></span> <span class='ocrx_word' id='word_1_344' title='bbox 1428 2403 1578 2447; x_wconf 86' lang='lat' dir='ltr'><strong>quidem</strong></span> 
     </span>
     <span class='ocr_line' id='line_1_39' title="bbox 130 2446 1583 2495; baseline 0.002 -17"><span class='ocrx_word' id='word_1_345' title='bbox 130 2457 212 2479; x_wconf 90' lang='lat' dir='ltr'><strong>cum</strong></span> <span class='ocrx_word' id='word_1_346' title='bbox 243 2446 449 2480; x_wconf 83' lang='lat' dir='ltr'><strong>Maxentius</strong></span> <span class='ocrx_word' id='word_1_347' title='bbox 487 2453 524 2482; x_wconf 84' lang='lat' dir='ltr'><strong>et</strong></span> <span class='ocrx_word' id='word_1_348' title='bbox 551 2449 764 2483; x_wconf 84' lang='lat' dir='ltr'><strong>Theodorus</strong></span> <span class='ocrx_word' id='word_1_349' title='bbox 793 2451 899 2495; x_wconf 84' lang='lat' dir='ltr'><strong>plane</strong></span> <span class='ocrx_word' id='word_1_350' title='bbox 932 2451 1200 2495; x_wconf 83' lang='lat' dir='ltr'><strong>cognovissent,</strong></span> <span class='ocrx_word' id='word_1_351' title='bbox 1232 2448 1405 2494; x_wconf 86' lang='lat' dir='ltr'><strong>quodque</strong></span> <span class='ocrx_word' id='word_1_352' title='bbox 1432 2449 1485 2481; x_wconf 81' lang='lat' dir='ltr'><strong>rbi</strong></span> <span class='ocrx_word' id='word_1_353' title='bbox 1510 2460 1583 2492; x_wconf 91' lang='lat' dir='ltr'><strong>po-</strong></span> 
     </span>
     <span class='ocr_line' id='line_1_40' title="bbox 130 2493 1577 2540; baseline 0.002 -15"><span class='ocrx_word' id='word_1_354' title='bbox 130 2493 210 2526; x_wconf 80' lang='lat' dir='ltr'><strong>sitis</strong></span> <span class='ocrx_word' id='word_1_355' title='bbox 243 2494 349 2527; x_wconf 82' lang='lat' dir='ltr'><strong>armis</strong></span> <span class='ocrx_word' id='word_1_356' title='bbox 382 2494 606 2540; x_wconf 80' lang='lat' dir='ltr'><strong>negligenter</strong></span> <span class='ocrx_word' id='word_1_357' title='bbox 629 2497 812 2536; x_wconf 80' lang='lat' dir='ltr'><strong>viverent,</strong></span> <span class='ocrx_word' id='word_1_358' title='bbox 843 2497 1032 2530; x_wconf 82' lang='lat' dir='ltr'><strong>confestim</strong></span> <span class='ocrx_word' id='word_1_359' title='bbox 1058 2497 1098 2530; x_wconf 89' lang='lat' dir='ltr'><strong>in</strong></span> <span class='ocrx_word' id='word_1_360' title='bbox 1135 2507 1195 2530; x_wconf 85' lang='lat' dir='ltr'><strong>eos</strong></span> <span class='ocrx_word' id='word_1_361' title='bbox 1222 2501 1403 2528; x_wconf 82' lang='lat' dir='ltr'><strong>trecentos</strong></span> <span class='ocrx_word' id='word_1_362' title='bbox 1434 2495 1577 2540; x_wconf 81' lang='lat' dir='ltr'><strong>equites</strong></span> 
     </span>
     <span class='ocr_line' id='line_1_41' title="bbox 129 2538 1582 2588; baseline 0.003 -16"><span class='ocrx_word' id='word_1_363' title='bbox 129 2538 325 2578; x_wconf 74' lang='lat' dir='ltr'><strong>duxerunt.</strong></span> <span class='ocrx_word' id='word_1_364' title='bbox 371 2541 475 2574; x_wconf 89' lang='lat' dir='ltr'><strong>Muro</strong></span> <span class='ocrx_word' id='word_1_365' title='bbox 495 2542 616 2588; x_wconf 83' lang='lat' dir='ltr'><strong>itaque</strong></span> <span class='ocrx_word' id='word_1_366' title='bbox 637 2543 676 2575; x_wconf 89' lang='lat' dir='ltr'><strong>in</strong></span> <span class='ocrx_word' id='word_1_367' title='bbox 702 2543 824 2576; x_wconf 89' lang='lat' dir='ltr'><strong>orbem</strong></span> <span class='ocrx_word' id='word_1_368' title='bbox 843 2544 1086 2584; x_wconf 87' lang='lat' dir='ltr'><strong>circumsesso,</strong></span> <span class='ocrx_word' id='word_1_369' title='bbox 1111 2543 1244 2587; x_wconf 87' lang='lat' dir='ltr'><strong>(neque</strong></span> <span class='ocrx_word' id='word_1_370' title='bbox 1267 2542 1361 2575; x_wconf 89' lang='lat' dir='ltr'><strong>enim</strong></span> <span class='ocrx_word' id='word_1_371' title='bbox 1387 2541 1450 2574; x_wconf 86' lang='lat' dir='ltr'><strong>ille</strong></span> <span class='ocrx_word' id='word_1_372' title='bbox 1473 2540 1582 2576; x_wconf 83' lang='lat' dir='ltr'><strong>valde</strong></span> 
     </span>
     <span class='ocr_line' id='line_1_42' title="bbox 131 2586 1578 2635; baseline 0 -16"><span class='ocrx_word' id='word_1_373' title='bbox 131 2591 211 2620; x_wconf 79' lang='lat' dir='ltr'><strong>erat</strong></span> <span class='ocrx_word' id='word_1_374' title='bbox 233 2587 340 2628; x_wconf 81' lang='lat' dir='ltr'><strong>altus,</strong></span> <span class='ocrx_word' id='word_1_375' title='bbox 366 2586 431 2620; x_wconf 86' lang='lat' dir='ltr'><strong>sed</strong></span> <span class='ocrx_word' id='word_1_376' title='bbox 451 2587 502 2620; x_wconf 81' lang='lat' dir='ltr'><strong>ita</strong></span> <span class='ocrx_word' id='word_1_377' title='bbox 520 2593 674 2629; x_wconf 83' lang='lat' dir='ltr'><strong>tantum,</strong></span> <span class='ocrx_word' id='word_1_378' title='bbox 693 2594 735 2622; x_wconf 84' lang='lat' dir='ltr'><strong>ut</strong></span> <span class='ocrx_word' id='word_1_379' title='bbox 752 2591 886 2635; x_wconf 85' lang='lat' dir='ltr'><strong>equitis</strong></span> <span class='ocrx_word' id='word_1_380' title='bbox 909 2595 1009 2623; x_wconf 84' lang='lat' dir='ltr'><strong>extra</strong></span> <span class='ocrx_word' id='word_1_381' title='bbox 1028 2590 1156 2622; x_wconf 83' lang='lat' dir='ltr'><strong>stantis</strong></span> <span class='ocrx_word' id='word_1_382' title='bbox 1183 2590 1294 2621; x_wconf 77' lang='lat' dir='ltr'><strong>facies</strong></span> <span class='ocrx_word' id='word_1_383' title='bbox 1314 2588 1473 2632; x_wconf 84' lang='lat' dir='ltr'><strong>prospici</strong></span> <span class='ocrx_word' id='word_1_384' title='bbox 1491 2599 1578 2632; x_wconf 81' lang='lat' dir='ltr'><strong>pos-</strong></span> 
     </span>
     <span class='ocr_line' id='line_1_43' title="bbox 129 2633 1578 2682; baseline 0.001 -17"><span class='ocrx_word' id='word_1_385' title='bbox 129 2633 212 2678; x_wconf 48' lang='lat' dir='ltr'><strong>sem)</strong></span> <span class='ocrx_word' id='word_1_386' title='bbox 229 2633 327 2674; x_wconf 86' lang='lat' dir='ltr'><strong>huic,</strong></span> <span class='ocrx_word' id='word_1_387' title='bbox 346 2634 506 2679; x_wconf 85' lang='lat' dir='ltr'><strong>inquam,</strong></span> <span class='ocrx_word' id='word_1_388' title='bbox 526 2645 626 2668; x_wconf 89' lang='lat' dir='ltr'><strong>muro</strong></span> <span class='ocrx_word' id='word_1_389' title='bbox 647 2637 990 2682; x_wconf 82' lang='lat' dir='ltr'><strong>appropinquantes,</strong></span> <span class='ocrx_word' id='word_1_390' title='bbox 1015 2635 1114 2669; x_wconf 89' lang='lat' dir='ltr'><strong>omni</strong></span> <span class='ocrx_word' id='word_1_391' title='bbox 1134 2647 1178 2668; x_wconf 77' lang='lat' dir='ltr'><strong>ex</strong></span> <span class='ocrx_word' id='word_1_392' title='bbox 1194 2640 1297 2679; x_wconf 81' lang='lat' dir='ltr'><strong>parte</strong></span> <span class='ocrx_word' id='word_1_393' title='bbox 1322 2634 1493 2668; x_wconf 83' lang='lat' dir='ltr'><strong>barbaros</strong></span> <span class='ocrx_word' id='word_1_394' title='bbox 1522 2635 1578 2667; x_wconf 81' lang='lat' dir='ltr'><strong>ia-</strong></span> 
     </span>
     <span class='ocr_line' id='line_1_44' title="bbox 131 2680 1576 2727; baseline 0 -12"><span class='ocrx_word' id='word_1_395' title='bbox 131 2680 244 2727; x_wconf 63' lang='lat' dir='ltr'><strong>C²J¹¹⁸›</strong></span> <span class='ocrx_word' id='word_1_396' title='bbox 264 2681 382 2721; x_wconf 84' lang='lat' dir='ltr'><strong>saxis,</strong></span> <span class='ocrx_word' id='word_1_397' title='bbox 410 2681 547 2726; x_wconf 80' lang='lat' dir='ltr'><strong>sagittis</strong></span> <span class='ocrx_word' id='word_1_398' title='bbox 578 2686 616 2714; x_wconf 81' lang='lat' dir='ltr'><strong>et</strong></span> <span class='ocrx_word' id='word_1_399' title='bbox 645 2683 771 2727; x_wconf 79' lang='lat' dir='ltr'><strong>quovis</strong></span> <span class='ocrx_word' id='word_1_400' title='bbox 802 2683 874 2716; x_wconf 79' lang='lat' dir='ltr'><strong>alio</strong></span> <span class='ocrx_word' id='word_1_401' title='bbox 895 2683 1052 2716; x_wconf 83' lang='lat' dir='ltr'><strong>telorum</strong></span> <span class='ocrx_word' id='word_1_402' title='bbox 1080 2693 1210 2727; x_wconf 82' lang='lat' dir='ltr'><strong>genere</strong></span> <span class='ocrx_word' id='word_1_403' title='bbox 1241 2680 1432 2714; x_wconf 80' lang='lat' dir='ltr'><strong>feriebant.</strong></span> <span class='ocrx_word' id='word_1_404' title='bbox 1482 2680 1576 2715; x_wconf 86' lang='lat' dir='ltr'><strong>Tum</strong></span> 
     </span>
     <span class='ocr_line' id='line_1_45' title="bbox 131 2717 1575 2775; baseline -0.003 -8"><span class='ocrx_word' id='word_1_405' title='bbox 131 2717 171 2755; x_wconf 72' lang='lat'><strong>¹³²</strong></span> <span class='ocrx_word' id='word_1_406' title='bbox 200 2721 320 2766; x_wconf 66' lang='lat' dir='ltr'><strong>Plures</strong></span> <span class='ocrx_word' id='word_1_407' title='bbox 343 2738 419 2763; x_wconf 81' lang='lat' dir='ltr'><strong>esse</strong></span> <span class='ocrx_word' id='word_1_408' title='bbox 440 2726 563 2764; x_wconf 72' lang='lat' dir='ltr'><strong>hostes</strong></span> <span class='ocrx_word' id='word_1_409' title='bbox 576 2752 586 2770; x_wconf 93' lang='lat'>‚</span> <span class='ocrx_word' id='word_1_410' title='bbox 610 2738 718 2775; x_wconf 81' lang='lat' dir='ltr'><strong>quam</strong></span> <span class='ocrx_word' id='word_1_411' title='bbox 742 2739 866 2764; x_wconf 76' lang='lat' dir='ltr'><strong>revera</strong></span> <span class='ocrx_word' id='word_1_412' title='bbox 888 2734 1010 2770; x_wconf 76' lang='lat' dir='ltr'><strong>erant,</strong></span> <span class='ocrx_word' id='word_1_413' title='bbox 1033 2727 1216 2774; x_wconf 62' lang='lat' dir='ltr'><strong>*suspicati</strong></span> <span class='ocrx_word' id='word_1_414' title='bbox 1244 2727 1425 2774; x_wconf 76' lang='lat' dir='ltr'><strong>simulque</strong></span> <span class='ocrx_word' id='word_1_415' title='bbox 1450 2726 1575 2775; x_wconf 75' lang='lat' dir='ltr'><strong>inopi-</strong></span> 
     </span>
    </p>
   </div>
  </div>
 </body>
</html>
