1794 3112
299 132 397 186 162
868 142 1144 186 -AGATfflAE

119 257 157 289 Α.
173 257 209 289 C.
223 254 286 291 551⁸
297 246 427 288 ἔνεστι
449 244 655 300 κρείττονα
678 242 831 284 τούτων
851 239 1030 284 ἑλέσθαι·
1068 240 1138 283 καὶ
1158 241 1204 282 τὸ
1221 240 1373 297 ῥᾳδίως
1395 238 1690 292 ἀναπεισθῆναι

151 303 174 334 ¹·
191 303 214 333 ¹·
239 303 283 337 ²8
295 309 506 363 τεκμήριον
525 308 625 359 ὑμῖν
643 308 810 361 ἐναργὲς
827 307 898 359 τῆς
920 306 1076 360 ἀπάτης
1095 307 1282 359 γινέσθω.
1305 306 1360 359 τῷ
1381 302 1458 358 γὰρ
1481 302 1532 343 τὰ
1556 302 1690 356 ψευδῆ

289 372 608 425 συμβουλεύοντι
622 368 806 423 μείζονάς
817 384 859 410 τε
881 367 1030 420 κόσμου
1052 369 1124 410 καί
1139 367 1340 416 ποικιλίας
1355 366 1545 421 ῥημάτων
1563 379 1692 419 προσ,-

294 439 367 478 δεῐ·
391 435 612 476 κάντεῦθεν
641 435 774 490 πολλῷ
795 434 852 488 τῷ
879 435 1066 486 θέλγοντι
1091 432 1320 486 χρώμενος,
1346 433 1497 471 θᾶττον
1527 429 1693 483 ἐφέλκε-

292 516 359 541 ται
384 497 479 547 τοὺς
500 498 805 551 εὖηθεστέρους.
833 494 940 536 οὕτω
970 498 1014 536 δὲ
1037 498 1106 536 καί
1129 493 1256 546 ὑμεῖς,
1288 496 1360 535 τοῦ
1387 491 1545 546 Αἰήτου
1567 490 1713 546 ampl-5

292 579 429 616 σματα
456 563 678 616 προθέντος
698 558 886 613 ἐπαγωγά
906 562 977 600 καί
1000 558 1232 614 παράλογα,
1270 553 1340 598 οὔκ
1361 554 1446 598 ἴστε
1468 552 1574 602 ὅπως
1594 556 1691 610 ἕψε-

291 626 522 680 νακίσθητε·
571 625 703 666 καίτοι
738 626 776 665 εἰ
811 625 882 664 καί
913 624 1040 677 μηδὲν
1069 626 1229 677 ἕτερον,
1278 621 1367 661 ἀλλ’
1399 618 1524 660 ἐκεῖνό
1551 633 1595 671 γε
1623 615 1695 659 καί

290 693 383 733 λίαν
401 691 445 732 ἐν
471 688 660 745 προδήλῳ
681 687 861 740 κείμενον
881 684 998 742 εὕροι
1021 702 1083 734 τις
1108 682 1159 727 ἂν
1173 718 1186 737 ,
1228 684 1284 732 ὥς
1303 679 1425 737 ἄλλης
1441 680 1549 730 τινὸς
1575 679 1693 735 ζητή-

257 761 395 802 (ἶσεως
418 751 550 809 ἀρχήν
571 752 787 805 ἐμβάλλειν
807 751 1000 806 προήχθη
1018 752 1096 792 τῶν
1116 752 1184 805 ἐφ’
1200 746 1226 788 ἃ
1250 747 1455 802 πάρεσμεν
1475 745 1692 799 ἀλλοτριω-

291 818 426 871 τάτην.
471 817 656 870 καθάπερ
687 814 764 870 γάρ
793 815 907 868 ὑμῶν
939 815 1129 856 ἁπάντων
1159 812 1205 854 οὖ
1236 809 1348 853 δεινὰ
1371 805 1614 851 καθεστάναι
1637 804 1743 848 τάῐο

291 879 576 934 συμβεβηκότα
601 878 864 935 φασκόντων,
910 878 981 919 καί
1005 881 1078 932 τῆς
1103 873 1252 918 ἆτόπου
1283 871 1522 928 μιαιφονίας
1545 868 1691 925 ἥκιστα

291 944 693 999 καταμεμφομὲνων,
734 941 804 982 καί
822 945 942 984 τοῦτο
973 941 1097 993 μόνον
1126 936 1452 981 διασκοπούντων
1488 933 1598 989 εἴπερ
1635 933 1692 982 ὥς

290 1005 456 1061 ἀληθῶς
479 1004 760 1061 ἡμαρτήκασιν
781 1006 818 1046 οἱ
840 1003 910 1046 τὸν
938 1007 978 1046 Γ
977 1002 1151 1058 ουβάζην
1172 1000 1432 1048 ἀπεκτονότες
1440 1031 1453 1052 ,
1481 999 1691 1052 παρῆλθεν

289 1072 525 1125 κατηγορῶν
547 1071 732 1121 ἐκείνων,
768 1067 838 1110 καί
858 1067 1065 1116 πλείστους
1089 1064 1206 1114 ὅσους
1226 1061 1524 1120 προφερόμενος
1547 1059 1691 1114 λόγους

289 1133 360 1174 ἐπὶ
375 1139 459 1181 τοῖς
473 1129 550 1187 ἤδη
571 1134 887 1186 διεγνωσμένοις.
915 1130 992 1185 ἐγώ
1016 1133 1060 1172 δὲ
1079 1129 1333 1185 καταράτους
1355 1129 1432 1180 μὲν
1453 1123 1563 1168 εἶναί
1581 1125 1742 1180 φημιιᾷ

288 1195 359 1237 καί
380 1198 702 1248 κακοδαίμονας,
728 1196 799 1237 καί
822 1198 931 1244 οἴους
951 1194 1096 1250 ἥδιστα
1122 1193 1353 1246 θεασαίμην
1375 1188 1428 1232 ἂν
1457 1189 1613 1245 ὀλέθρῳ
1633 1188 1688 1242 τῷ

288 1258 450 1301 πάντων
466 1258 740 1316 χαλεπωτάτῳ
763 1261 1080 1311 διωλλυμένους,
1110 1259 1159 1298 ου’
1182 1255 1307 1309 μόνον
1335 1253 1428 1302 τοὺς
1449 1252 1687 1307 πλήξαντας,

246 1335 277 1367 1)
290 1326 360 1364 καί
379 1322 451 1377 τὴν
465 1322 627 1377 σφαγήν
651 1330 742 1370 ταῖς
761 1324 904 1377 χερσῖν
927 1320 1207 1374 ἐπενεγκόντας
1219 1352 1230 1371 ,
1259 1316 1363 1360 ἄλλά
1382 1317 1453 1358 καί
1472 1315 1568 1363 τσὺς
1589 1311 1687 1366 ὅσοι,

288 1384 420 1440 παρὸν
449 1385 644 1438 κωλύειν,
671 1387 843 1440 ἐφῆκαν,
883 1384 982 1440 πρὸς
1008 1378 1052 1425 δέ
1079 1399 1122 1437 γε
1150 1382 1223 1424 καί
1249 1380 1345 1430 τούς
1368 1380 1591 1436 ἡσθέντας,
1619 1376 1692 1418 καὶ

285 1448 380 1496 Τοὺς
404 1448 462 1502 μή
487 1448 579 1490 λίαν
602 1447 972 1503 ὖπεραλγὴσαντας.
1009 1447 1110 1502 πλὴν
1142 1448 1229 1488 ἀλλ’
1252 1446 1349 1497 οὐκ,
1387 1441 1525 1497 ἐπειδὴ
1556 1443 1740 1483 woman

282 1511 510 1565 γιγνώσκω,
550 1507 628 1566 ἤδη
661 1527 740 1552 που
772 1512 843 1553 καί
873 1518 1130 1567 προσχωρεῖν
1167 1516 1250 1558 τοῖς
1276 1510 1463 1564 Πέρσαις
1493 1504 1687 1548 συνοίσει·

373 1604 406 1626 2.
431 1592 598 1636 γινέσθω
620 1593 671 1632 Β.,
694 1593 860 1636 γενέσθω
883 1593 975 1637 vulg.
1069 1592 1099 1636 4.
1124 1592 1348 1636 ἐφέλκεσθαι
1370 1590 1408 1622 R.
1467 1588 1506 1625 6.
1522 1585 1687 1631 προθένη

371 1648 435 1674 τος
457 1640 494 1671 Β.
516 1644 552 1671 ct
568 1639 676 1682 Intpr.
693 1646 926 1683 proponente,
956 1639 1187 1681 προσθέντος
1209 1638 1301 1680 vulg.
1396 1633 1445 1675 ¹4·
1469 1629 1686 1677 προσφερό-

370 1692 483 1727 μενος
509 1685 545 1716 R.
643 1685 692 1716 15.
715 1684 787 1728 μὲν
805 1689 886 1727 post
907 1683 1136 1729 καταράτους
1155 1684 1221 1716 ins.
1245 1683 1280 1713 R.
1294 1705 1305 1721 ‚
1329 1691 1396 1714 om.
1418 1678 1512 1722 vulg.

286 1759 339 1786 cta
364 1759 463 1793 sunt,
493 1765 512 1786 a
542 1755 642 1788 vobis
665 1756 923 1800 approbentur,
942 1754 1259 1793 considerantibus,
1283 1752 1379 1797 quod
1401 1749 1588 1794 repentino
1607 1751 1686 1779 tau-

284 1804 358 1830 tum
380 1804 415 1831 et
438 1800 588 1840 insuetn,
614 1811 685 1833 non
706 1806 823 1833 autem
844 1801 993 1833 honesto
1021 1805 1056 1833 et
1079 1801 1161 1832 utili
1178 1799 1378 1843 probabilia
1398 1798 1470 1829 sint
1491 1795 1578 1827 visa.
1624 1793 1685 1824 In-

282 1844 434 1887 telligite
456 1855 537 1877 vero
554 1847 686 1887 potius,
711 1845 808 1890 quod
830 1847 970 1878 tametsi
995 1845 1082 1878 haec
1107 1844 1207 1876 valde
1236 1844 1336 1877 vobis
1364 1847 1461 1886 grata
1486 1839 1684 1877 videantur,

282 1889 430 1921 meliora
460 1895 579 1922 tamen
612 1890 667 1923 his
703 1891 868 1933 amplecti
899 1892 1002 1924 licet:
1037 1889 1251 1934 evidensque
1285 1888 1385 1920 vobis
1416 1885 1550 1918 fraudis
1583 1894 1686 1926 argu-

283 1940 442 1966 mentum
467 1936 514 1966 sit
539 1935 642 1968 facile
666 1935 881 1979 persuaderi.
937 1936 1026 1968 Nam
1053 1936 1087 1968 ei
1115 1936 1176 1978 qui
1202 1935 1291 1966 falsa
1315 1933 1403 1965 velit
1426 1930 1585 1968 suadere,
1609 1939 1684 1960 ma-

282 1979 359 2011 iore
392 1985 519 2012 ornatu
542 1981 781 2025 varietateque
805 1981 991 2014 verborum
1022 1985 1075 2013 est
1100 1990 1204 2022 opus3
1244 1979 1408 2023 quocirca
1438 1976 1549 2009 multo
1576 1973 1685 2006 orati-

281 2025 359 2056 onis
395 2024 573 2058 lcnocinio
609 2032 736 2066 utens,
774 2027 1004 2070 simpliciores
1039 2026 1143 2058 citius
1177 2023 1332 2056 attrahit.
1393 2023 1445 2054 Ita
1469 2031 1550 2054 vero
1576 2019 1684 2051 etiam

279 2079 340 2120 vos
355 2093 364 2108 ‚
399 2081 476 2101 cum
499 2069 625 2103 Aeetes
650 2071 875 2104 illecebrosas
901 2071 1066 2116 quasdam
1096 2070 1308 2113 fallacesque
1333 2067 1486 2112 argutias
1510 2063 1686 2098 adhibuc*

280 2119 348 2152 rlt,
373 2115 516 2147 nescitis
542 2117 630 2158 ipsi,
657 2116 833 2160 quomodo
860 2116 998 2159 decepti
1023 2116 1114 2150 sitis.
1160 2115 1205 2147 Et
1227 2114 1371 2158 quidem
1390 2118 1430 2145 ut
1455 2110 1548 2144 nihil
1571 2108 1686 2147 aliud,

279 2158 370 2210 illud
403 2165 496 2191 certe
532 2162 750 2204 apertissime
783 2161 892 2194 cuivis
917 2165 1073 2194 constare
1097 2165 1234 2203 potest,
1261 2158 1357 2203 quod
1380 2158 1484 2190 aliam
1508 2153 1685 2200 quandam

279 2208 397 2236 statim
431 2205 536 2237 initio
568 2208 809 2249 quaestionem
843 2207 1023 2246 iniecerit,
1055 2205 1098 2237 ab
1123 2206 1180 2244 iis,
1213 2215 1363 2249 quorum
1386 2213 1490 2235 causa
1517 2199 1686 2232 conveni-¹

278 2259 368 2300 Μῦες
392 2249 654 2286 alienissimam.
702 2250 848 2284 Perinde
877 2252 971 2283 enim
994 2257 1100 2296 atque
1123 2250 1223 2283 vobis
1249 2249 1424 2287 omnibus,
1449 2257 1521 2279 nou
1545 2254 1619 2278 esse
1643 2253 1686 2275 a—

278 2297 391 2325 trocia
423 2305 515 2338 quae
538 2296 760 2335 acciderunt,
785 2295 1007 2336 dicentibus,
1041 2301 1076 2328 et
1105 2301 1243 2338 turpem
1265 2293 1357 2325 hanc
1380 2292 1521 2326 caedem
1547 2299 1686 2333 nequa-

278 2349 382 2377 quam
398 2340 670 2390 accusantibus,
696 2346 803 2385 atque
826 2340 894 2373 hoc
917 2342 1028 2373 solum
1053 2339 1376 2378 considerantibus,
1406 2349 1452 2370 an
1474 2346 1593 2369 revera
1618 2333 1683 2366 de·-

276 2383 468 2435 liquermt,
504 2386 565 2429 qui
590 2385 770 2417 Gubazem
794 2386 1066 2426 interfecerunt,
1098 2386 1240 2418 illorum
1267 2385 1523 2416 accusationem
1545 2383 1685 2423 praete⁴

277 2433 360 2467 rut,
389 2429 570 2474 multaque
594 2430 700 2464 verba
726 2430 771 2463 de
794 2430 836 2462 iis
863 2441 951 2475 quae
975 2433 1045 2464 iam
1070 2430 1207 2474 cognita
1231 2434 1332 2469 sunt,
1358 2426 1562 2461 consumsit.
1609 2423 1681 2466 Ego

275 2483 358 2526 vero
382 2474 595 2508 execrabiles
620 2484 694 2508 esse
720 2475 799 2507 dico
820 2475 966 2520 Deoque
991 2477 1139 2515 invisos,
1172 2485 1330 2520 quosque
1355 2471 1590 2506 libentissime
1624 2468 1682 2502 vi—

275 2518 388 2570 deflm
421 2530 507 2552 nece
532 2519 689 2552 omnium
725 2522 941 2553 atrocissima
976 2523 1145 2565 periisse,
1182 2531 1255 2552 non
1281 2524 1419 2552 tantum
1441 2523 1682 2561 percussores,

275 2574 409 2607 qulque
439 2565 512 2597 suis
546 2565 703 2610 ipsorum
732 2566 895 2598 manibus
927 2566 1069 2600 caedem
1110 2569 1358 2610 perpetrarunt
1379 2588 1389 2603 ,
1412 2571 1539 2595 -verum
1574 2558 1682 2591 etiam

275 2618 396 2640 omncs
421 2621 500 2650 eos,
534 2610 596 2655 qui
626 2621 705 2643 cum
736 2610 927 2655 prohibere
962 2617 1127 2655 possent,
1157 2611 1414 2655 permiserunt,
1438 2611 1475 2639 et.
1500 2615 1558 2638 eos
1582 2604 1685 2635 imu-

274 2662 337 2695 Pe‘
368 2655 432 2698 qui
461 2655 568 2700 SRViSi
599 2661 704 2697 Sunt,
746 2661 783 2690 et
814 2657 876 2702 qui
905 2668 977 2691 non
1007 2667 1216 2702 magnopere
1247 2655 1486 2688 indoluerunt.
1556 2647 1685 2692 Neque
