1832 3152
596 106 598 109 ·
669 100 725 139 IN
763 99 1064 139 AGATmAM.
1314 133 1316 135 .
1472 81 1580 134 353

144 204 295 246 tandus
317 209 378 244 est
399 201 503 244 ordo
530 208 572 242 et
595 203 726 243 series
751 203 839 256 ipsa
861 204 1066 243 festorum
1082 232 1094 252 ,
1123 214 1230 256 quae
1251 201 1364 242 inter
1378 200 1582 241 Saturna-

144 261 202 300 lia
231 259 391 300 censeri
418 263 609 311 possunt,
633 263 679 296 ut
713 264 755 296 et.
771 260 1035 307 Strenarum,
1065 272 1172 310 quac
1197 258 1309 297 inter
1336 270 1480 296 omncs
1504 271 1582 310 po-

110 337 113 341 ,
142 317 310 370 pulares
339 312 628 366 agitabantur,
659 319 706 351 ut
724 312 976 366 Septimonii
1005 314 1116 352 inter
1137 318 1372 361 montanos,
1409 318 1450 351 et
1476 312 1584 350 Bru-

140 374 232 409 inae
261 369 314 408 de
339 367 494 421 quibus
521 368 645 407 etiam
664 367 766 405 alibi
793 368 1099 410 Tertullianus.
1135 368 1270 407 Erant
1288 367 1401 404 inter
1437 366 1584 404 Satur-

141 425 252 463 nalia
271 421 396 462 etiam
413 423 524 461 inter
536 422 796 462 Christianos
820 430 862 461 et
878 422 1130 462 Nominalia.
1169 423 1241 462 lin.
1256 423 1320 474 59.
1336 421 1408 468 [ΑΒ
1423 420 1494 469 ]ἐκ
1505 417 1583 459 τοῦ

138 475 351 527 Εὐξείνου.
377 479 549 517 Rectius
579 478 752 516 sortasse
784 474 854 515 διὰ
885 477 962 515 τοῦ
992 472 1204 526 Εὔξεινον,
1234 483 1281 515 ut
1313 477 1581 515 Ptolemaeus

138 533 343 587 loquitur.
411 532 564 584 lin-49·
585 533 627 580 [l.
648 532 724 580 16.]
739 529 810 570 καί
829 527 931 585 ἦχός
949 545 1013 578 τις
1028 527 1166 584 βαρύς
1185 528 1259 570 καί
1280 524 1422 582 ἄγριος
1442 524 1579 582 ὥσπερ

134 587 289 638 χθονία
313 582 466 640 βροντὴ
506 587 550 626 ἐκ
576 587 647 639 τῆς
678 587 751 639 γῆς
790 585 1136 638 ἀναπεμπομένη,
1176 591 1255 629 etc.
1322 586 1412 624 Hoc
1448 598 1582 639 genus

134 646 435 693 terraemotus,
461 642 712 682 Aristoteles
740 641 812 681 lib.
846 643 909 682 De
928 641 1088 680 mundo
1109 639 1316 693 μυκητίαν
1346 647 1496 687 vocat,
1521 640 1582 678 in·

137 697 314 751 quiens,
353 694 536 748 γίνονται
577 696 622 735 δὲ
651 693 726 735 καί
755 697 956 749 μυκητίαι
987 694 1152 745 σεισμοὶ
1190 695 1367 740 σείοντες
1407 691 1480 747 τὴν
1505 693 1581 747 γῆν

135 748 243 802 μετὰ
275 748 453 804 βρόμου.
493 751 655 791 Seneca
681 751 826 794 Natur.
850 757 1011 804 quaest.
1040 749 1189 789 lib.13.
1233 750 1475 802 Antequam
1497 755 1581 788 ter-

136 821 182 845 ra
219 811 466 856 moveatur,
505 807 614 846 solet
643 805 827 860 mugitus
861 805 1030 855 audiri,
1070 805 1208 845 ventis
1239 804 1283 843 in
1328 804 1471 845 abdito
1509 811 1580 844 tu·-

134 860 458 902 multuantibus.

244 926 346 978 Pag.
369 926 457 976 146.
470 927 543 966 lin.
561 925 620 967 15.
636 926 747 976 [283,
761 931 817 978 9.]
831 925 984 979 νιφετῶ
999 921 1119 980 ὀλίγῳ
1133 918 1449 978 ὖπεᾷῥαίναντο.
1468 924 1578 965 verti

133 981 348 1032 Ningum-e
381 982 548 1022 minuto.
573 981 687 1022 Pers.
717 981 869 1019 leviter
888 964 1061 1020 cadente
1082 981 1189 1022 nive.
1231 980 1359 1033 longe
1386 994 1410 1017 a
1437 986 1577 1019 mente

134 1034 336 1075 authoris.
377 1035 671 1075 Differentiam
693 1035 801 1075 nivis
828 1040 869 1073 et
885 1034 1104 1088 ninguoris
1129 1034 1223 1073 vide
1248 1035 1359 1087 apud
1381 1034 1581 1073 Aristote-

133 1089 219 1128 lem
232 1090 283 1130 de
297 1090 469 1140 mundo,
487 1095 529 1130 et
547 1090 674 1129 Notas
688 1089 732 1127 in
757 1103 855 1129 eum
876 1103 1003 1129 meas.
1077 1089 1377 1137 lin.5o.[l.22‚]
1390 1086 1578 1129 s'm'vaov.

132 1144 304 1187 Navale.
334 1144 451 1186 Pers.
471 1158 612 1184 arcem
637 1144 749 1183 facit.

242 1209 614 1262 Pag.147.lin.21.
634 1210 746 1260 [285‚
764 1209 842 1256 15]
873 1202 935 1247 ὅτι
955 1222 999 1247 τε
1023 1204 1066 1247 αἱ
1097 1204 1283 1261 γραπταὶ
1310 1207 1475 1254 σανίδες
1507 1207 1580 1248 καὶ

133 1258 186 1303 τὰ
213 1259 318 1318 ῥάκη
335 1260 388 1302 τὰ
407 1261 688 1317 ὖποπὸρφυρα
710 1263 769 1310 εἷς
794 1259 890 1302 τόδε
913 1257 1028 1318 αὐτῷ
1052 1261 1389 1315 ἅπετελεύτησαν.
1404 1263 1579 1317 Signifi-

134 1325 201 1358 cat
213 1318 329 1358 falsis
340 1318 706 1359 criminationibus
731 1318 884 1358 divites
901 1318 952 1356 ab
971 1317 1171 1357 Anatolio
1193 1318 1422 1356 maiestatis
1439 1319 1578 1371 pulsa-

133 1379 215 1424 tos,
238 1380 284 1412 ut
309 1387 359 1412 eo
385 1374 556 1412 nomine
574 1373 954 1428 proscriberentur,
987 1378 1028 1411 et.
1055 1386 1201 1412 eorum
1226 1372 1338 1411 bona
1360 1373 1459 1412 fisco
1482 1375 1579 1412 viu-

135 1428 392 1468 dicarentur.
422 1429 564 1478 Quare
587 1428 825 1482 applicabat
843 1441 989 1467 eorum
1018 1427 1208 1480 postibus
1222 1427 1377 1480 Apices
1403 1428 1578 1480 imperi-

133 1484 220 1523 ales
243 1497 340 1522 cum
366 1497 566 1536 purpura,
592 1483 745 1536 quibus
766 1482 1154 1536 proscribebantur„
1207 1482 1283 1522 Est
1303 1482 1466 1536 aliquid
1492 1483 1575 1522 tale

134 1537 249 1592 apud
268 1537 525 1578 cedrenum.
581 1538 683 1577 Nam
705 1537 828 1576 liberi
852 1538 1143 1576 damnatorum
1168 1537 1395 1577 maiestatis
1411 1531 1459 1574 οὗ
1482 1539 1622 1590 xlvj-V.
1652 1541 1710 1578 131

136 1591 355 1643 ρονομοῦσι
377 1592 459 1630 τῶν
470 1592 656 1643 πατρίων
670 1589 958 1645 ὑπαρχόντων.
1029 1593 1101 1634 lin.
1114 1592 1175 1630 23.
1193 1593 1322 1639 [l‚15,]
1337 1589 1412 1644 τὴν
1426 1591 1484 1638 εἰς
1497 1593 1576 1642 βα-

134 1647 254 1685 σιλέα
281 1639 449 1685 εὔνοιαν
478 1643 786 1699 προϊσχόμενος.
841 1646 920 1685 Hic
957 1645 1076 1685 locus
1098 1647 1212 1697 facit,
1246 1653 1294 1685 ut
1319 1661 1427 1699 quae
1453 1653 1575 1685 antea

134 1698 233 1751 περὶ
250 1701 443 1752 γραπτῶν
462 1699 644 1740 σανίδων
672 1702 803 1752 dixit,
832 1716 918 1739 non
947 1701 1215 1741 incommode
1243 1700 1426 1754 intelligi
1453 1715 1574 1754 posse

132 1755 360 1794 videantur
377 1756 428 1794 de
456 1756 644 1795 Crimine
675 1756 978 1805 concussionis,
1009 1757 1123 1808 quod
1157 1757 1356 1794 nimirum
1378 1762 1577 1810 praetex-

133 1815 182 1848 tu
199 1809 385 1848 mandati
417 1810 680 1864 Imperatorii
698 1817 740 1849 et
761 1818 922 1850 terrore
947 1810 1190 1863 potestatis,
1223 1810 1374 1850 illicite
1395 1811 1447 1849 ab
1471 1824 1573 1863 opu-

132 1864 382 1904 lentioribus
406 1866 541 1904 multa
562 1866 803 1904 extorsisset
828 1872 955 1918 atque
980 1865 1243 1916 abstulisset,
1268 1866 1383 1918 quod
1405 1872 1446 1903 et
1466 1865 1575 1904 indi-

133 1924 202 1958 cat
218 1933 294 1972 per
316 1933 363 1958 ea
386 1933 494 1973 quae
517 1919 686 1970 subdit,
707 1919 779 1959 καί
805 1918 932 1974 ταύτῃ
964 1914 1128 1958 ἅπαντα
1152 1916 1447 1974 ἐσφετερίζετο.
1496 1921 1570 1962 lin,
1630 1938 1633 1942 ·

133 1973 196 2013 56.
210 1973 328 2023 [286‚
341 1974 398 2024 4.]
413 1970 648 2026 ξυνεχώρει.
666 1974 799 2013 utitur
811 1975 958 2014 eodem
975 1975 1103 2013 verbo
1117 1974 1224 2014 infra
1240 1989 1330 2029 pag.
1349 1973 1517 2013 163.lin.
1531 1975 1571 2017 8.

134 2029 245 2080 [517,
259 2028 315 2075 8.]
400 2029 472 2070 lin.
489 2029 556 2082 47.
569 2029 700 2077 [l.13‚]
719 2026 906 2082 καθάπερ
925 2026 962 2068 οἱ
985 2027 1233 2080 στιγματίαι.
1254 2031 1323 2068 Ad
1343 2029 1448 2068 haec
1468 2042 1570 2068 vero

133 2082 324 2136 stigmata
352 2083 506 2136 quibus
542 2084 738 2124 scelerati
782 2099 868 2123 non
915 2084 1071 2137 expiati
1102 2085 1144 2122 in
1187 2085 1268 2123 hac
1312 2084 1422 2134 vita,
1458 2084 1572 2137 apud

131 2136 291 2176 inferos
313 2145 642 2191 cognoscuntur,
671 2140 843 2191 elegans
865 2145 978 2178 extat
1004 2140 1122 2178 locus
1152 2140 1265 2195 apud
1287 2139 1571 2179 Claudianum

132 2187 206 2231 lib;
230 2191 370 2231 2..ubi
399 2192 715 2234 Rhadamantus
742 2195 798 2232 ita
822 2194 875 2234 ad
898 2194 1131 2233 Ruffinurn.

243 2257 360 2311 Quid
390 2257 557 2298 demens
584 2259 806 2313 mam-‘festa
842 2274 965 2311 negas
981 2261 1000 2298 ,7
1020 2274 1070 2298 en
1091 2267 1235 2314 pectus
1272 2261 1432 2301 inustae

237 2311 491 2363 Deformant
513 2314 727 2361 maculae,
755 2315 953 2368 vitiisque
979 2315 1156 2354 inolevit
1178 2315 1341 2366 imago,

238 2367 328 2406 Nec
350 2381 438 2405 sese
462 2369 680 2407 commissa
707 2377 860 2420 tegunt.

127 2442 261 2483 Cuius
282 2443 364 2483 loci
379 2444 543 2482 monuit
557 2458 622 2483 me
637 2444 901 2485 doctissimus
925 2445 1090 2485 iuvenis
1109 2444 1185 2485 flos
1207 2440 1437 2485 nobilitatis
1463 2443 1566 2486 Hola

129 2497 322 2537 landicae
349 2499 475 2537 lanus
488 2498 628 2538 Dousa
639 2500 687 2541 F.
761 2501 835 2541 lin.
852 2501 1063 2552 49.[l.16.]
1082 2497 1373 2551 εὖτυχέστερος
1393 2493 1479 2551 ἄρα
1513 2495 1566 2553 ἦν

129 2550 173 2590 ἐν
193 2551 338 2599 αὕτοῖς
369 2548 390 2591 ὃ
414 2549 630 2600 πεπονθώς
661 2553 739 2592 τοῦ
765 2553 977 2605 ἐσομένου.
998 2555 1178 2608 felicior
1195 2554 1334 2606 suerit
1370 2557 1441 2609 qui
1480 2556 1565 2595 iam

124 2608 294 2658 punitas
314 2615 376 2646 est
403 2608 468 2654 (in
494 2605 573 2646 bac
593 2607 675 2647 vita
700 2607 887 2660 scilicet,
928 2616 1076 2663 utpote
1106 2608 1175 2648 vel
1199 2608 1386 2649 violenta
1406 2616 1561 2659 morte,

126 2660 195 2699 vel
215 2661 301 2700 alio
324 2662 469 2715 aliquo
491 2662 706 2716 supplicio
733 2663 904 2705 affectus
922 2691 937 2711 ,
959 2671 1087 2717 atque
1105 2663 1163 2702 ita
1196 2662 1412 2717 expiatus)
1439 2674 1563 2717 quam

218 2725 404 2769 Agathi'as.
1330 2726 1374 2761 23
