1794 3112
304 137 371 206 76
865 146 1135 188 AGATfflAE

107 262 146 294 Δ.
169 261 285 296 (2553
304 250 544 304 παράταξις,
571 245 717 287 πολλαί
733 247 778 287 δὲ
804 243 993 300 φρουραί,
1020 243 1090 285 καί
1114 241 1351 299 ἅγρυπνίαι,
1383 244 1453 285 καί
1473 245 1552 285 τῶν
1568 258 1692 298 στρα-

150 308 177 340 ¹·
195 307 223 341 ¹·
241 318 280 350 27
294 315 423 368 τηγῶν
452 309 528 352 dv&
551 310 602 352 τὰ
621 308 762 364 πλήθη
781 309 1098 364 περινοστὴσεις·
1125 308 1236 357 ἐλπίς
1263 310 1307 350 δὲ
1327 308 1398 349 καὶ
1422 309 1509 357 δέος
1526 306 1598 348 καὶ
1615 323 1692 348 πα,

292 374 506 428 λιμβολιά,
544 373 614 414 καί
634 370 712 414 ὅσα
732 378 815 420 τοῖς
833 371 928 426 περὶ
940 372 1124 424 μεγάλων
1147 369 1458 424 ἆγωνιουμένοις
1485 371 1692 426 παράλογα

295 439 515 494 ἐγγίγνεται
534 436 647 491 πάθη
661 471 672 489 ‚
711 431 849 477 ἄλλοτε
873 430 1006 483 ἄλλοις
1029 436 1238 489 ἐπεφοίτα·
1274 434 1324 476 τὰ
1346 437 1391 476 δὲ
1412 436 1484 489 τῆς
1510 431 1694 480 Ἰταλίας

293 504 519 555 πολίσματα
545 502 732 555 μετέωρα
761 495 814 554 ἧν
846 495 1009 540 ἅπαντα
1041 497 1111 539 καὶ
1138 500 1405 552 δεδονημένα,
1452 500 1520 554 ἐφ’
1545 495 1616 545 οὓς
1645 490 1720 540 ἂνὸ

296 566 370 608 καί
389 566 615 622 χωρήσοιεν
634 561 957 620 οἷμφιγνοοῦντα.
983 563 1028 603 ἒν
1048 559 1173 618 τούτῳ
1190 563 1235 603 δὲ
1257 561 1294 603 οἱ
1311 563 1492 617 Φράγγοι
1513 559 1587 610 τὰς
1601 563 1695 614 ἔχο-

297 634 424 684 μένας
456 629 594 683 κώμας
623 630 838 685 δῃοῦντες,
875 625 926 666 τὰ
955 626 1163 679 ἐπιτήδεια
1183 624 1324 680 σφίσιν
1347 624 1585 682 ἀναφανδὸν
1613 627 1697 666 διε-

260 694 476 748 Βκόμιζον.
533 693 701 747 Ναρσῆς
731 693 776 732 δὲ
804 691 926 731 τοῦτο
947 689 1072 741 ἰδών,
1111 685 1253 742 αἶσχος
1288 691 1431 731 οἰκεῖον
1470 689 1600 744 ἡγεῖτο
1629 689 1700 730 καὶ

295 760 582 811 ἐχαλέπαινεν,
620 755 699 809 εἴγε
729 754 832 808 ἐξείη
863 759 947 802 τοῖς
975 756 1055 795 τῶν
1079 754 1290 805 δυσμενῶν
1321 752 1570 809 ἀχθοφόροις
1592 749 1698 793 οὕτω

297 823 347 876 δὴ
377 838 438 862 τοι
467 821 703 872 ἀνειμένους
734 820 934 872 ἐγγύτατα
958 817 1297 872 διαπορεύεσθαι,
1350 814 1482 873 ὥσπερ
1519 818 1751 860 οὗδενότιιο

296 886 510 927 ἀντίπαλον
538 883 768 935 θεωμένοις.
798 880 927 935 ἐδόκει
951 875 1023 935 οὖν
1067 881 1175 937 αὐτῷ
1210 881 1282 921 οὐκ
1311 882 1550 936 ἐπιτρεπτέα
1573 885 1702 922 τολοι-

298 948 400 1000 πὸν,
429 945 530 988 ἀλλὰ
553 946 677 988 παντί
699 947 836 988 σθένει
862 945 1141 986 διακωλυτέον.
1208 945 1426 999 Χαράγγης
1447 945 1494 986 δέ
1511 961 1572 994 τις
1599 943 1699 1000 ἀνὴρ

294 1013 539 1066 Ἀρμὲνιος,
579 1009 823 1065 ἕνηρίθμητο
857 1010 932 1061 μὲν
951 1013 1034 1058 τοῖς
1060 1009 1310 1061 (Ρωμαϊκοῑς
1339 1007 1594 1063 ταξιάρχοις,
1630 1007 1704 1048 ἅν-

300 1074 525 1131 δρειότατος
556 1075 602 1116 δὲ
625 1069 674 1128 ἦν
693 1074 734 1122 ἐς
765 1071 817 1114 τὰ
841 1073 1019 1125 μάλιστα
1044 1071 1116 1114 καί
1138 1073 1361 1127 φρενήρης,
1398 1071 1470 1114 καί
1492 1072 1536 1114 ἐν
1571 1073 1704 1114 δέοντι

302 1138 590 1195 φιλοκίνδυνος.
624 1139 750 1194 τούτῳ
784 1135 832 1191 δὴ
873 1133 945 1178 οὖν
978 1138 1032 1194 τῷ
1062 1135 1259 1192 Χαράγγῃ
1288 1138 1458 1191 (ἵδρυτο
1486 1134 1562 1192 γὰρ
1592 1135 1774 1192 οἷμφίιᾶ

301 1202 348 1245 τὸ
364 1204 494 1258 τέρμα
519 1203 593 1243 τοῦ
613 1202 881 1256 στρατοπέδου
901 1201 1168 1255 πλησιαίτατα
1190 1201 1271 1240 τῶν
1302 1198 1505 1252 πολεμίων
1524 1202 1706 1254 ἐσκηνω-

302 1268 456 1322 μένος,)
484 1267 802 1320 παρακελεύεται
824 1263 845 1304 ὅ
863 1266 1032 1319 Ναρσῆς
1055 1267 1211 1306 ε’πιέναι
1231 1269 1316 1312 τοῖς
1340 1261 1622 1316 ἇμαξελάταις,
1639 1266 1711 1304 καί

203 1334 239 1367 Ρ.
249 1331 293 1369 42
305 1333 490 1372 σίνεσθαι
501 1325 802 1380 αὖτούςκαθ’ὅ,
822 1345 864 1369 τι
878 1324 928 1368 ἂν
941 1327 1119 1379 δύναιτο,
1146 1326 1201 1375 ὥς
1224 1323 1272 1368 ἂν
1283 1329 1423 1381 μηκέτι
1436 1325 1556 1379 χιλὸν
1575 1327 1710 1368 διακο-

305 1394 439 1448 μίζειν
461 1395 649 1449 τολμῷεν.
677 1391 748 1432 καί
768 1390 813 1440 ὃς
840 1389 991 1447 α’θρόον
1018 1389 1334 1443 ἐξιππασάμενος
1353 1387 1441 1442 ἅμα
1461 1386 1609 1444 ὀλίγοις
1636 1390 1710 1431 τοῦ

305 1456 411 1513 ἄμφ’
435 1454 558 1499 αὐτὸν
578 1455 801 1509 τάγματος,
827 1454 899 1503 τὰς
919 1457 996 1507 μὲν
1010 1450 1140 1503 οἷ’λλας
1163 1454 1319 1506 ἁμάξας
1350 1454 1613 1509 ἀφαιρεῖται,
1639 1451 1760 1499 καίιο

304 1522 397 1571 τοὺς
423 1516 595 1575 ἄγοντας
623 1519 778 1562 κτείνει·
818 1519 918 1572 μίαν
947 1521 992 1561 δέ
1018 1536 1109 1560 τινα
1137 1518 1276 1560 αὐτῶν
1305 1518 1437 1575 χόρτῳ
1459 1520 1708 1572 σεσαγμένην

396 1612 427 1634 2.
453 1599 674 1644 παλιμβολία
713 1599 772 1638 Κ,
801 1598 1044 1642 παλιμβολίαι
1066 1597 1173 1641 Lugd.
1214 1609 1240 1629 1.
1270 1607 1314 1630 m.
1347 1602 1384 1630 et
1417 1595 1513 1628 Suid.
1537 1606 1562 1627 s.
1583 1605 1628 1635 v.,
1651 1594 1711 1627 id-

395 1656 465 1691 que
491 1645 663 1688 explicat:
691 1643 712 1684 ἤ
735 1642 994 1688 εὐμετάβλητος
1016 1642 1152 1687 γνώμη.
1173 1642 1279 1686 Lugd.
1311 1653 1396 1675 corr.
1427 1640 1710 1685 παλιμβουλίαι,

397 1691 494 1736 quod
522 1690 611 1734 vulg.
641 1689 795 1722 exhibet.
969 1690 999 1722 3.
1031 1688 1321 1732 ἀγωνιζομένοις
1349 1687 1384 1720 R.
1521 1686 1552 1720 5.
1578 1680 1711 1729 ἐφόἷς

398 1738 435 1769 R.
526 1747 557 1780 9.
579 1732 673 1767 οὕτω
699 1734 746 1775 δή
770 1744 829 1767 τοι
859 1735 895 1767 Β.
911 1758 920 1775 ,
951 1733 1045 1766 οὕτω
1075 1732 1118 1774 δή
1146 1745 1182 1765 τι
1209 1733 1298 1777 vulg.
1438 1743 1487 1766 12.
1511 1729 1713 1776 Χαρᾶγγης

396 1783 434 1814 R.
469 1786 505 1814 ct
533 1782 639 1823 Intpr.
664 1779 722 1812 hic
739 1785 775 1812 et
793 1790 882 1811 mox.
911 1779 1011 1824 Vulg.
1027 1777 1284 1823 Χαναράγγης,
1310 1777 1416 1822 quod,
1441 1781 1550 1821 puto,
1574 1787 1712 1808 memo-

396 1828 450 1859 ria
477 1836 519 1858 ex
559 1826 718 1867 Procopii
745 1825 887 1857 Persicis
923 1824 1172 1868 suppeditabat
1206 1824 1396 1863 scribenti,
1429 1823 1621 1855 immemori
1658 1821 1709 1854 ibi

398 1871 580 1916 dignitatis
607 1881 736 1902 nomen
762 1879 846 1902 esse.
917 1870 967 1902 16.
994 1869 1244 1913 ἐσκηνωμένος
1268 1871 1330 1909 R„
1355 1869 1598 1912 ἐσκηνημένος
1620 1867 1713 1911 vulg.

400 1928 452 1962 ¹9·
479 1914 686 1955 ἐξιππάσας
711 1916 747 1947 R.

308 1995 493 2038 variaeque
520 1993 715 2026 animorum
735 1992 999 2030 fluctuationes,
1025 1995 1060 2023 et
1082 1991 1285 2037 quicunque
1305 1991 1446 2022 affectus
1466 1989 1642 2034 inopinati
1668 1988 1715 2024 de

309 2041 412 2073 rebus
439 2039 571 2083 magnis
591 2038 818 2071 decertaturis
841 2037 992 2070 suboriri
1013 2037 1128 2068 solent
1142 2061 1151 2076 ‚
1181 2046 1274 2068 nunc
1293 2035 1355 2068 hos
1375 2047 1468 2068 nunc
1490 2035 1571 2068 illos
1594 2037 1710 2068 inces-

309 2086 443 2118 sebant.
493 2085 620 2117 Omnia
638 2094 719 2116 vero
739 2083 861 2116 Italiae
885 2083 1014 2127 oppida
1038 2081 1146 2113 dubia
1170 2092 1405 2125 suspensaque
1425 2081 1630 2120 haerebant,
1656 2081 1713 2114 eui

311 2130 453 2164 tandem
467 2131 558 2174 parti
582 2129 757 2162 cederent.
797 2129 935 2161 Interea
955 2128 1079 2160 Franci
1099 2128 1275 2170 proximos
1294 2127 1389 2159 vicos
1409 2131 1593 2167 vastantes,
1617 2137 1711 2159 eom-

310 2181 464 2208 meatum
484 2175 765 2208 transvehebant.
814 2173 920 2218 Quod
938 2173 1000 2206 ubi
1020 2173 1264 2206 animadvertit
1285 2172 1408 2206 Narses
1421 2197 1431 2214 ,
1466 2172 1510 2204 ad
1529 2180 1629 2207 suum
1647 2171 1711 2204 ‹le-

308 2221 414 2254 decus
437 2220 504 2253 hoc
535 2221 715 2264 pertinere
741 2219 907 2252 censebat
938 2219 1168 2262 molesteque·
1183 2218 1344 2258 ferebat,
1376 2219 1406 2251 si
1442 2217 1597 2255 hosti‘urn
1616 2217 1712 2250 calo·-

306 2278 369 2300 nes
396 2267 444 2299 ita
464 2266 577 2298 libere
598 2266 675 2298 loca
698 2276 803 2310 quam
826 2265 974 2299 maxime
997 2264 1112 2296 vicina
1137 2265 1410 2308 pertransirent,
1445 2263 1595 2307 perinde
1614 2274 1659 2296 ac
1682 2262 1712 2295 si

307 2312 444 2346 nullum
469 2312 606 2344 hostem
628 2311 809 2345 vidissent.
862 2311 984 2343 Visum
1001 2310 1119 2353 itaque
1138 2310 1172 2342 ei
1191 2321 1263 2342 non
1291 2315 1343 2342 est
1367 2309 1516 2352 amplius
1537 2308 1575 2342 id
1598 2307 1713 2341 feren-

309 2358 410 2397 dum,
434 2356 495 2389 sed
524 2355 688 2389 omnihus
718 2355 850 2389 viribus
880 2355 1149 2400 prohibendum.
1205 2354 1398 2399 Charanges
1422 2365 1524 2394 vero,
1551 2354 1605 2391 vir
1630 2353 1713 2398 qui-

309 2402 390 2435 dam
408 2402 614 2442 Armenius,
639 2402 798 2433 Romanis
823 2402 976 2434 tribunis
1007 2411 1169 2433 accensus
1190 2405 1274 2439 erat,
1298 2405 1458 2434 strenuus
1486 2400 1646 2444 inprimis
1678 2403 1715 2432 et

308 2447 466 2492 prudens
491 2453 528 2480 et
561 2448 598 2480 in
630 2447 800 2480 adeundis
820 2448 987 2492 periculis
1005 2446 1183 2479 moderate
1205 2445 1328 2478 audax.
1374 2446 1464 2479 Huic
1483 2447 1602 2489 itaque
1621 2443 1713 2476 Cha-

309 2494 409 2536 rangi
446 2491 573 2538 (erant
611 2493 706 2524 enim
731 2494 805 2524 eius
835 2494 988 2526 tentoria
1017 2493 1055 2525 in
1085 2493 1247 2525 extremis
1283 2493 1403 2527 castris
1431 2501 1535 2535 quam
1554 2490 1714 2534 proxime

308 2538 465 2570 hostium
487 2537 584 2582 flxa‚)
605 2537 747 2570 mandat
766 2537 890 2571 Narses
910 2543 948 2570 ut
966 2539 1005 2570 in
1025 2548 1186 2570 curruum
1205 2542 1360 2570 vectores
1383 2538 1552 2580 impetum
1570 2536 1714 2574 faceret,

313 2585 434 2627 eisque
456 2588 624 2628 quantum
646 2587 765 2626 posset
786 2588 948 2623 noceret,
981 2594 1025 2615 ne
1045 2583 1194 2627 amplius
1213 2583 1340 2626 pabula
1365 2581 1585 2615 transvehere
1603 2578 1713 2612 aude-

312 2634 399 2662 rent.
449 2629 527 2672 Ipse
550 2638 630 2661 vero
650 2628 835 2660 confestim
851 2629 970 2672 paucis
997 2640 1016 2660 e
1041 2640 1102 2661 sua
1126 2629 1266 2671 legione
1293 2627 1472 2672 equitibus
1502 2636 1618 2658 secum
1645 2622 1712 2655 du-

314 2675 376 2707 ctis
392 2699 400 2713 ,
425 2675 559 2719 reliqua
580 2673 723 2719 quidem
742 2673 895 2718 plaustra
925 2675 1108 2719 intercipit
1145 2679 1181 2707 ct
1212 2678 1366 2709 vectores
1390 2670 1548 2708 trucidat.
1578 2670 1604 2705 E
1631 2669 1715 2719 qui-
