1794 3112
543 151 917 206 fflsTORIARUM
957 169 1009 206 11.
1038 170 1106 211 23.
1303 171 1306 173 *
1466 167 1485 200 1
1505 146 1567 201 15

120 267 338 322 χάνοντας.
363 266 403 307 εἰ
421 266 468 306 δέ
482 282 545 314 τις
567 261 698 316 οὕτως
718 266 922 323 ἐπανήξει,
941 268 1213 324 ἐκτρέπονταί
1222 282 1268 321 γε
1289 266 1418 322 αὐτὸν
1438 262 1572 310 ἅπαν·
1582 282 1622 316 Α,
1635 281 1672 315 c.
1693 282 1762 326 554

123 348 211 384 τες,
249 329 322 372 καί
361 329 671 386 ἀποφεύγουσιν
707 331 764 382 ὥς
794 334 1088 387 ἐναγέστατον,
1115 332 1189 375 καί
1226 331 1307 374 ὑπὸ
1332 330 1431 381 τούς
1460 329 1703 387 χθο-Ῑ·Ῑ·28

122 395 235 451 νίους
256 394 317 437 ἔτι
348 398 573 449 τελοῦντα,
609 399 682 438 καί
709 398 758 439 οὗ
783 397 987 454 πρότερόν
1018 399 1057 440 οἱ
1085 401 1249 454 ἐφεῖται
1272 400 1355 440 τῶν
1381 399 1571 453 ξυνηθῶν
1767 393 1773 436 3

120 465 370 516 μεταλαχεῖν
395 462 711 517 διαιτημάτων,
763 463 861 519 πρίν
893 462 975 506 ὑπὸ
1024 466 1105 506 τῶν
1133 462 1280 517 μα’γων
1326 464 1572 519 ἀποκαθαρ-

97 527 219 581 ὄθείη
252 525 298 573 τὸ,
338 527 504 580 μίασμα
542 529 670 583 δῆθεν
703 531 779 571 τοῦ
811 531 1075 579 ἑλπισθέντος
1106 529 1322 581 θανάτου,
1380 528 1452 570 καὶ
1487 525 1572 571 οἷον

123 591 399 646 ἀνταπολάβοι
419 592 464 634 τὸ
492 588 618 643 αὖθις
642 596 805 647 βιῶναι.
835 597 908 636 καί
924 589 1096 649 εὔδηλον
1122 595 1202 646 μὲν
1225 590 1291 634 ὅτι
1312 591 1364 649 δὴ
1390 596 1474 635 τῶν
1498 595 1572 635 ἆν-

122 657 344 713 θρωπείων
372 660 509 700 ἐθνῶν
535 657 591 709 (ὃς
618 662 795 713 ἕκαστοι,
825 659 870 702 εἴ
884 677 930 714 γε
953 657 1159 716 ὃτῳὸηοῦν
1176 657 1285 716 νόμῳ
1309 660 1355 700 ἐκ
1379 660 1570 700 πλείστου

123 722 345 778 νενικηκότι
372 725 706 779 ἑμβιοτεύσαιεν,
734 727 879 767 τοῦτον
908 723 958 780 δὴ
991 721 1160 781 ἄριστον
1186 724 1382 779 ἡγοῦνται
1405 725 1478 764 καί
1499 727 1574 764 θε-

123 791 314 842 σπέσιον,
345 789 418 831 καί
442 788 558 831 εἵπου
584 808 626 832 τι
650 796 748 847 παρ’
769 793 923 833 ἐκεῖνον
948 791 1183 847 πράττοιτο,
1225 787 1401 845 φευκτόν
1427 804 1471 830 τε
1496 788 1606 834 aii-C

73 859 208 903 ιοτοῖς
234 852 341 897 εἶναι
370 857 488 896 δοκεῖ
505 855 579 897 καί
605 859 910 911 καταγέλαστον
937 858 1010 898 καί
1031 855 1169 898 ὁποῖον
1191 851 1270 911 ἤδη
1293 857 1365 896 καί
1389 855 1578 896 ἀπιστεῖ.

125 921 238 960 σθαι.
269 918 508 975 ἐξεύρηνται
534 923 581 962 δὲ
603 918 715 974 ὅμως
738 922 870 963 αἰτίαι
898 927 983 971 τοῖς
1003 920 1238 977 ἀνθρώποις
1265 920 1340 961 καί
1358 919 1467 975 λόγοι
1491 920 1575 961 τῶν

123 984 286 1026 οἰκείων
324 986 421 1039 πέρι
455 983 591 1038 νόμων
639 981 787 1027 ἄλλοθι
812 981 952 1038 ἄλλοι,
980 985 1112 1040 τυχὸν
1128 988 1208 1039 μὲν
1231 987 1413 1041 ἀληθεῖς,
1445 983 1576 1039 τυχὸν

124 1049 173 1108 δὲ
198 1048 271 1090 καί
294 1050 338 1099 ἐς
358 1047 405 1090 τὸ
431 1051 721 1106 πιθανώτερον
744 1052 1052 1104 ἐσκευασμένοι.
1080 1051 1154 1092 καί
1178 1053 1302 1093 οὐδὲν
1324 1048 1440 1104 οἶμαι
1459 1054 1572 1091 θαυ-

122 1113 300 1168 μαστὸν,
338 1116 378 1156 εἰ
400 1114 472 1156 καί
498 1116 668 1172 Πέρσαι
703 1115 755 1157 τὰ
789 1115 904 1172 παρὰ
943 1115 1088 1172 σφίσιν
1117 1116 1254 1166 αὐτοῖς
1287 1115 1367 1171 ἔθη
1397 1116 1573 1157 αἰτιολο-

77 1181 302 1233 ι5γοῦντες,
331 1180 531 1232 ἆμείνονα
548 1183 771 1236 πειρῶνται
789 1183 872 1223 τῶν
895 1178 1132 1235 ἑκασταχοῦ
1153 1178 1411 1238 ἀποφαίνειν·
1441 1182 1574 1223 ἐκεῖνο

126 1246 173 1287 δὲ
196 1234 270 1286 καί
292 1247 386 1287 λιάν
413 1247 686 1299 θαυμάσαιμι
713 1243 790 1300 ἂν,
829 1244 893 1288 ὅτι
919 1245 969 1302 δὴ
993 1246 1030 1288 οἱ
1055 1247 1302 1288 παλαίτατοι
1324 1248 1396 1301 τῆς
1427 1246 1573 1301 χώρας

126 1309 340 1365 οἰκήτορες,
367 1307 448 1353 εἶεν
473 1313 514 1352 δ’
534 1308 587 1353 ἂν
616 1306 730 1353 οὗτοι
759 1311 987 1367 Ἀσσύριοί
1003 1328 1048 1353 τε
1067 1314 1141 1353 καί
1158 1314 1369 1353 Χαλδαῖοι
1388 1313 1572 1367 καὶΜῆ-

127 1377 216 1428 (iot,
255 1375 348 1416 ἀλλ’
381 1378 548 1426 ἐκείνοις
582 1393 628 1431 γε
658 1374 707 1418 οὗ
735 1374 868 1418 ταῦτὰ
895 1375 1038 1419 ἐδόκει.
1087 1376 1255 1432 καὶγὰρ
1295 1377 1410 1433 ἀμφὶ
1440 1382 1575 1421 Νῖνον

127 1439 200 1494 την
231 1441 352 1482 πόλιν
401 1440 475 1483 καί
511 1441 589 1483 ἀνὰ
621 1440 696 1497 τὴν
720 1442 1004 1495 Βαβυλωνίαν
1034 1443 1182 1498 χώραν
1230 1442 1304 1484 καί
1327 1440 1426 1498 πρός
1451 1458 1495 1497 γε
1526 1446 1570 1484 ἐν

75 1506 178 1561 20τῇ
199 1507 376 1562 Μηδικῇ
399 1505 548 1560 τύμβοι
566 1524 611 1549 τε
629 1509 702 1549 καί
725 1510 854 1562 θῆκαι
876 1510 959 1549 τῶν
984 1507 1114 1549 πάλαι
1131 1506 1368 1550 τεθνεώτων
1388 1510 1569 1564 ἵδρυντο,
1584 1519 1616 1552 D

128 1567 204 1612 οὖκ
237 1565 364 1614 ἄλλον
387 1571 478 1614 τινὰ
502 1569 529 1628 ἢ
555 1571 630 1615 τὸν
651 1573 852 1629 ἡμέτερον
873 1572 1167 1625 οἷποσιόζουσαι
1186 1571 1359 1629 τρόπον,
1389 1575 1460 1615 καί
1489 1572 1571 1615 εἴτε

220 1677 253 1710 3.
279 1675 456 1710 τελοῦντα
481 1677 524 1714 Β,
550 1676 663 1722 Lugd.
688 1678 820 1722 Intpr.,
846 1678 1042 1711 τελοῦνται
1070 1677 1149 1712 edd.
1221 1678 1253 1723 4.
1280 1677 1570 1726 ἅποκαθαρθείη

219 1723 282 1763 R„
312 1721 600 1770 ύποκαθαρθείη
626 1725 719 1768 vulg.
813 1725 846 1761 6.
877 1723 1173 1768 α’νταπολιέβοιτο
1206 1721 1320 1761 αὖθις
1356 1726 1392 1757 R.
1535 1727 1571 1762 8.

219 1769 331 1802 τοῦτο
357 1767 397 1802 δὲ
416 1771 454 1801 R.
558 1783 592 1816 9.
612 1770 732 1804 ἐκεῖνο
755 1771 794 1805 R.
893 1770 942 1814 14.
963 1769 1066 1817 παρὰ
1095 1774 1233 1816 σφίσιν
1255 1773 1386 1807 αὐτοῖς
1405 1772 1458 1811 R„
1481 1773 1571 1817 παρ’

188 1819 190 1821 “
218 1813 462 1861 adron-'vulg
562 1819 612 1851 18.
639 1818 765 1850 Νῖνον
793 1818 831 1850 R.
857 1829 937 1850 cum
961 1818 1137 1851 Herodoti
1165 1818 1424 1864 Strabonisque
1450 1818 1569 1859 libris,

219 1863 344 1896 ,Νίνον
375 1863 472 1908 vulg.
606 1875 660 1897 21.
688 1862 804 1900 ἄλλως
828 1865 866 1897 R.
995 1861 1017 1905 ἢ
1039 1866 1091 1905 R„
1117 1866 1181 1898 καὶ
1204 1866 1297 1910 vulg.

238 1916 250 1944 J

131 1953 211 2000 quis
231 1957 349 1986 autem
365 1953 416 1986 ita
437 1952 579 1994 redeat,
607 1954 816 1987 aversantur
837 1965 917 1987 eum
938 1965 1059 1987 omnes
1083 1959 1119 1987 et
1138 1954 1341 2000 defugiunt,
1358 1959 1399 1988 ut
1415 1957 1570 1989 maxime

129 1999 361 2044 piacularem,
393 2005 431 2032 et
462 2000 558 2033 inter
591 2000 844 2033 subterraneos
868 2000 986 2034 adhuc
1014 2012 1096 2033 eum
1126 2006 1292 2043 censent3
1317 2012 1436 2046 neque
1463 2008 1570 2035 antea

130 2045 323 2091 pristinum
339 2046 436 2079 vitae
455 2046 662 2079 institutum
682 2047 800 2080 colere
814 2047 847 2079 ei
865 2048 1101 2092 permittitur,
1126 2048 1241 2080 donec
1261 2059 1281 2080 a
1306 2049 1418 2092 magis
1441 2049 1567 2092 expia-

130 2097 208 2124 tum
226 2092 338 2126 fuerit
357 2093 540 2138 piaculum
563 2098 790 2138 exspectatae
821 2094 965 2134 mortis,
993 2099 1029 2127 et
1055 2093 1320 2138 quodammodo
1359 2095 1431 2127 vita
1461 2094 1569 2128 redo*

130 2143 248 2171 netur.
296 2139 342 2173 Et
361 2145 459 2172 certe
478 2140 709 2172 manifestum
737 2145 792 2172 est
826 2140 981 2184 singulas
1012 2140 1199 2173 hominum
1230 2141 1415 2180 nationes,
1447 2142 1477 2173 si
1509 2142 1567 2174 cui

130 2184 215 2229 legi,
234 2196 326 2231 quae
354 2198 374 2219 a
403 2187 517 2219 multo
553 2192 713 2231 tempore
741 2186 963 2227 obtinuerit,
990 2187 1232 2227 assueverint,
1277 2187 1450 2231 optimam
1489 2199 1567 2220 eam

130 2231 456 2280 aequissimamque
481 2232 662 2276 iudicare3
688 2238 724 2266 et
749 2232 866 2266 sicubi
892 2233 980 2279 quid
1006 2238 1150 2277 praeter
1179 2243 1257 2266 eam
1292 2234 1376 2274 fiat,
1411 2233 1567 2267 reiecta-

129 2287 240 2310 neum
264 2277 302 2310 id
332 2278 418 2324 ipsis
448 2290 488 2312 ac
512 2279 705 2313 ridiculum
737 2279 854 2313 videri
894 2280 1129 2325 dignumque,
1159 2280 1217 2312 cui
1249 2278 1337 2312 fides
1362 2279 1562 2325 abrogetur.

130 2324 302 2357 Inventae
323 2327 406 2358 sunt
433 2330 554 2359 tamen
586 2325 631 2359 ab
656 2325 865 2358 bominibus
893 2337 1036 2358 suarum
1061 2327 1179 2371 legum
1206 2327 1363 2359 rationes
1385 2333 1421 2359 et
1438 2338 1564 2360 causae

131 2370 225 2402 aliae
243 2376 351 2416 atque
367 2371 480 2412 aliae,
506 2372 656 2406 sortasse
677 2373 824 2417 quidem
846 2383 970 2413 verae,
997 2373 1157 2405 fortassis
1188 2378 1308 2405 autem
1335 2378 1371 2406 et
1399 2373 1446 2406 ad
1477 2385 1565 2418 per-

130 2415 355 2449 suadendum
378 2423 612 2461 comparatae.
664 2418 746 2463 Quo
767 2419 828 2457 fit,
854 2423 894 2450 ut
912 2419 1042 2452 mirum
1061 2418 1151 2451 mihi
1169 2430 1243 2452 non
1269 2419 1447 2460 videatur,
1472 2421 1501 2452 si
1528 2426 1564 2452 et

130 2463 256 2496 Persae
274 2465 408 2496 rituum
429 2474 575 2497 suorum
597 2466 775 2498 rationem
794 2464 986 2498 reddentes
1003 2489 1014 2505 ,
1041 2476 1101 2498 eos
1131 2466 1238 2498 etiam
1266 2466 1453 2510 quibusvis
1483 2467 1563 2498 aliis

128 2515 310 2554 praestare
340 2514 518 2542 censeant.
576 2511 672 2544 Illud
704 2522 789 2544 vero
822 2517 858 2544 et
885 2511 1030 2557 quidem
1063 2511 1296 2544 vehementer
1314 2513 1442 2553 miror,
1465 2512 1563 2557 quod

128 2556 367 2588 vetustissimi
385 2556 483 2587 illius
501 2557 656 2600 regionis
676 2557 899 2590 habitatores
914 2583 923 2598 ‚
949 2558 1083 2601 Assyrii
1103 2558 1292 2596 videlicet,
1321 2558 1495 2591 Chaldaei
1526 2564 1563 2591 et

129 2601 252 2643 Medi,
277 2609 351 2635 n'on
385 2601 509 2634 eadem
543 2604 766 2636 cumPersis
796 2605 963 2637 sentiant.
1012 2604 1103 2637 Nam
1132 2606 1222 2637 cirea
1266 2603 1351 2636 Nini
1377 2605 1502 2637 urbem
1530 2610 1566 2637 et

131 2647 223 2681 circa
250 2647 503 2691 Babylonicam
532 2659 572 2681 ac
593 2654 775 2693 praeterea
804 2650 984 2683 Medicam
1011 2652 1193 2695 regionem
1218 2651 1347 2683 tumuli
1374 2656 1410 2683 et
1435 2662 1560 2695 capsae

132 2696 268 2735 eorum,
289 2696 352 2740 qui
370 2695 457 2727 olim
478 2696 611 2728 mortui
641 2696 798 2737 fuerunt,
819 2702 960 2730 exstant
975 2721 986 2736 ,
1020 2709 1094 2729 non
1132 2698 1242 2729 alium
1264 2707 1372 2774 (Fiam
1400 2703 1561 2730 nostrum

131 2749 267 2774 morem
290 2747 489 2784 servantes;
526 2746 562 2774 et
578 2741 651 2776 sive
676 2753 823 2787 corpora
845 2743 938 2784 sint,
963 2745 1036 2778 sive
1058 2744 1160 2782 cinis,
1187 2754 1272 2788 qum
1315 2743 1358 2776 iis
1383 2743 1560 2785 conditur,
