1794 3112
239 125 257 158 1
276 124 298 165 1>
309 125 338 158 2
813 119 1087 163 AGATHIAE

44 231 82 265 A.
107 231 144 264 c.
159 232 225 275 554
346 221 422 274 κβ.
468 220 522 262 ‘O
542 221 592 260 δὲ
613 218 864 274 Μερμερόης
882 222 925 269 ἐς
936 219 984 262 τοὶ
1005 222 1282 277 Χυτροπώλια
1301 220 1638 279 παραγενόμενος,

81 279 126 323 ιῙ·
139 279 163 310 1·
178 280 304 325 '²3va
331 282 461 324 πολλὰ
484 285 557 336 τῆς
589 283 814 337 ἀνανδρίας
850 284 1113 333 ἐπιτωθάσας
1151 284 1250 335 τούς
1283 287 1358 327 οὐκ
1379 284 1545 334 ἆΐοντας
1567 285 1640 327 καὶ

230 346 592 401 λοιδορησάμενος,
632 345 734 400 ἔγνω
769 343 826 399 μή
855 350 1078 402 περαιτέρω
1118 351 1250 401 ἰέναι,
1289 351 1395 404 μηδὲ
1427 352 1477 406 τῇ
1506 349 1634 406 Νήσῳ

227 409 525 465 προσβάλλειν.
565 404 655 451 οὔτε
702 407 778 464 γάρ
809 408 859 451 τά
895 409 1102 465 ἐπιτήδεια
1133 413 1419 468 ἐκπορίζεσθαι
1454 412 1633 468 τοσούτῳ

230 475 392 530 στρατῷ
419 475 462 515 ἐν
475 476 580 530 μέσῃ
604 476 653 530 τῇ
683 474 856 531 πολεμίᾳ
877 471 960 522 οἷός
981 490 1024 515 τε
1046 469 1108 528 ἦν,
1139 470 1232 516 οὔτε
1257 472 1387 525 ἄλλως
1409 475 1661 532 numerasti-5

127 546 217 582 1160
231 554 330 579 αστο
363 540 405 586 ές
437 538 686 592 πολιορκίαν.
715 537 922 593 τοιγάρτοι
952 539 1235 593 ἅποπορευτέα
1260 541 1338 591 μὲν
1372 536 1498 597 αὖθις
1523 540 1636 597 αὐτῷ

224 601 295 644 ἐπὶ
323 601 502 657 Τήλεφίν
533 617 575 643 τε
603 601 675 642 καί
707 601 781 657 τήν
816 603 946 658 ἐκείνῃ
984 603 1221 657 δυσχωρίαν
1254 604 1303 644 οὕ
1333 605 1448 656 μάλα
1490 603 1637 656 ἐδόκει,

230 666 366 717 ξύλοις
389 668 434 708 δὲ
458 665 529 706 καί
558 665 738 718 ἀκάτοις,
768 663 796 706 ἃ
822 664 872 720 δὴ
905 667 947 714 ἐς
970 669 1086 708 τοῦτο
1122 668 1366 721 ἐπεποίηντο,
1396 667 1538 717 ζεύξας
1561 666 1636 715 τάς

235 733 311 772 τοῦ
326 729 510 778 Φάσιδος
520 725 653 783 ὄχθας
673 730 745 771 καί
768 727 1060 785 οἶονζγέφυραν
1072 729 1375 785 τεκτηνάμενος,
1403 732 1635 784 διεβίβασεν

234 791 367 843 ἆδεῶς
390 792 497 836 ἅπαν
518 792 564 834 τὸ
592 794 849 850 στράτευμα,
878 793 1043 843 οὐδενὸς
1067 797 1343 848 ἐνοχλοῦντος.
1371 794 1444 836 καί
1467 793 1517 850 δὴ
1540 793 1696 843 τοὺςιοΔ

227 861 286 907 εἰς
311 856 546 913 Ὀνόγουριν
568 861 742 914 Πέρσας
771 857 1017 914 ἱδρυμένους
1045 857 1090 901 τὸ
1117 858 1344 915 φρούριον,
1374 856 1397 900 ὃ
1419 858 1470 914 δὴ
1493 857 1638 914 πρότε-

227 938 301 976 ρον
344 918 468 970 αὖτὸς
496 924 540 964 ἐν
573 926 620 979 τῇ
659 920 990 978 Ἀρχαιοπόλεως
1019 925 1237 979 περιοικίδι
1258 924 1513 977 ἐπιτείχισμα
1537 921 1649 964 κατὰ-

226 989 307 1028 τῶν
334 986 560 1038 εΡαῃιαίων
592 985 892 1042 κατεστήσατο,
921 986 1027 1029 ἀλλὰ
1057 986 1226 1036 τούτους
1258 1004 1302 1042 γε
1333 987 1431 1036 τούς
1465 989 1639 1042 Πέρσας

226 1051 530 1105 ἐπιθαρσύνας,
570 1050 642 1092 καί
675 1049 818 1106 ἑτέραν
844 1050 1024 1103 δύναμιν
1043 1050 1258 1104 ἐμβαλών,
1292 1050 1364 1092 καί
1390 1049 1552 1092 ἅπαντα
1583 1048 1636 1091 τὰ

222 1116 334 1170 τῇδε,
354 1113 410 1162 ὥς
429 1115 534 1168 ἐνῆν,
555 1114 864 1170 κρατυνάμενος,
895 1115 1019 1157 πάλιν
1053 1115 1094 1164 ἔς
1119 1131 1162 1156 τε
1191 1113 1391 1157 Κοτάϊσιν
1420 1114 1493 1156 καί
1511 1115 1696 1157 Meu-15>

219 1181 398 1233 χείρισιν
419 1180 627 1233 ἐπανῆκεν.
657 1180 805 1220 αὐτίκα
825 1181 870 1220 δὲ
900 1177 1006 1236 νόσῳ
1025 1179 1106 1221 τινί
1126 1178 1482 1232 πεπιεσμένοςκαί
1503 1180 1639 1219 διατε-

221 1241 314 1291 θεὶς
344 1244 634 1296 χαλεπώτατα,
666 1241 710 1284 τὸ
730 1245 807 1295 μὲν
834 1249 1023 1285 πλεῖστον
1058 1246 1131 1285 τοῦ
1156 1245 1332 1299 στρατοῦ
1355 1242 1427 1284 καὶ
1456 1240 1639 1294 ἀλκιμώ-

222 1322 348 1348 τατον
386 1307 519 1347 αὐτοῦ
546 1309 835 1348 καταλέλοιπεν
871 1307 1197 1362 διαφυλάξοντας
1240 1304 1292 1348 τὰ
1318 1308 1466 1358 οἰκεῖα,
1510 1304 1639 1353 αὐτὸς

189 1384 216 1415 Β
231 1373 276 1412 δὲ
297 1372 339 1419 ἐς
361 1371 548 1425 Ἰβηρίαν
566 1370 640 1424 την
658 1370 800 1426 χώραν
819 1374 1034 1424 μετῆλθεν.
1060 1370 1132 1411 καὶ
1166 1370 1302 1413 τοίνυν
1341 1372 1384 1419 ἐς
1405 1368 1523 1412 πόλιν
1543 1372 1639 1411 Με-

224 1434 353 1488 σχιθὰ
391 1432 499 1476 οὕτω
532 1437 783 1490 καλουμένην
811 1433 932 1487 μόλις
961 1435 1143 1489 ἠγμένος,
1174 1434 1247 1476 καί
1279 1435 1354 1476 οὔκ
1387 1432 1556 1488 ἐνεγκὼν
1589 1431 1691 1476 τόαο

311 1529 344 1561 7.
372 1517 435 1549 Pro
467 1515 529 1549 ἐπὶ
561 1517 639 1557 Τηλ.
669 1534 718 1541 —-
744 1514 958 1561 δυσχωρίαν
989 1516 1087 1549 Suid.
1120 1527 1194 1551 s-v.
1217 1515 1473 1562 οἷποπορευτέα
1497 1516 1637 1560 inepte:

309 1563 384 1595 τῶν
411 1562 473 1594 ἐπὶ
507 1561 628 1594 Φᾶσιν
654 1564 833 1606 ποταμῶν
865 1564 930 1595 καὶ
963 1564 1036 1596 τῶν
1061 1563 1182 1607 ἐκείνῃ
1208 1561 1438 1607 δυσχωριῶν.
1566 1559 1639 1601 Τή-

309 1608 421 1652 λεφιν
444 1609 501 1647 R.‚
533 1607 700 1651 Τήλεφον
718 1608 809 1651 vulg.
900 1609 931 1641 8.
961 1607 1084 1646 ξύλοις
1110 1607 1150 1640 δὲ
1181 1611 1242 1640 καὶ
1263 1606 1426 1646 οἷκάτοις,
1450 1604 1475 1638 ἃ
1505 1603 1548 1646 δὴ
1573 1608 1637 1646 R„

309 1654 418 1695 Intpr.
437 1654 568 1698 parvis
592 1654 754 1697 navigiis
770 1672 814 1677 —
833 1652 992 1687 cratibus
1004 1654 1207 1700 pluteisque
1228 1652 1523 1698 superimpositis,
1544 1651 1638 1684 Pha-

310 1697 399 1732 sidis
420 1699 521 1743 ripas
539 1717 586 1722 —
605 1700 734 1743 iungit.
749 1723 758 1738 ,
779 1697 867 1736 ξύλα
889 1698 928 1731 δὲ
945 1702 1007 1731 καὶ
1025 1698 1206 1737 α’κάτους,
1232 1699 1272 1731 αἳ
1297 1695 1339 1739 δι)
1361 1698 1456 1742 vulg.
1601 1697 1638 1729 ἐ-

309 1746 513 1785 πεποίηντο
535 1745 572 1778 R.
586 1767 595 1782 ,
626 1746 826 1784 πεποίηντο
853 1745 946 1788 vulg.
1081 1755 1112 1787 9.
1139 1742 1342 1786 διεβίβασεν
1364 1743 1416 1783 R.‚
1439 1741 1639 1786 διεβίβαζεν

311 1790 403 1833 vulg.
525 1800 575 1823 ιι.
591 1788 808 1833 Ὀνόγουριν
826 1790 861 1820 R.
875 1795 910 1821 et
927 1791 1056 1834 Intpr.‚
1079 1789 1320 1832 Ὀνούγουριν
1342 1789 1436 1834 vulg.
1505 1789 1554 1821 18.
1575 1788 1639 1820 καὶ

312 1836 431 1867 οἰκεῖα
454 1835 491 1866 R.
577 1845 626 1878 ¹9·
647 1834 700 1866 Ad
723 1834 907 1880 μετῆλθεν
929 1834 1008 1867 add.
1036 1836 1143 1879 Intpr.
1169 1836 1209 1868 in
1234 1834 1400 1869 hiberna.
1453 1825 1633 1878 Μεσχιθοέ

316 1882 376 1922 R„
401 1879 573 1914 Mischita
600 1881 722 1924 Iutpr.,
747 1878 950 1923 Μεσχισθὰ
975 1881 1067 1926 vulg.
1094 1888 1100 1895 ’

315 1964 367 1986 22.
416 1953 628 1985 Mermeroes
659 1961 740 1983 vero
780 1961 859 1984 cum
893 1950 937 1985 ad
963 1951 1095 1992 Ollaria
1126 1953 1302 1992 venisset,
1334 1949 1526 1994 multisque
1550 1960 1638 1982 con-

225 1999 380 2031 tumeliis
398 1999 582 2031 verborum
605 1997 793 2029 mollitiem
814 1998 1059 2042 ignaviamque
1081 2009 1153 2030 non
1179 1996 1406 2030 audientibus
1434 1995 1637 2035 obiecisset,

222 2045 360 2077 censuit
394 2045 540 2076 ulterius
570 2043 640 2075 sibi
671 2042 970 2086 progrediendum
1000 2055 1072 2076 non
1098 2054 1196 2082 esse,
1215 2053 1331 2086 neque
1353 2041 1508 2073 Insulam
1533 2041 1635 2072 inva—

222 2089 384 2122 dendam.
439 2089 563 2134 Neque
589 2089 684 2120 enim
713 2093 813 2120 tanto
854 2089 1024 2121 exercitui
1048 2094 1257 2121 commeatus
1285 2088 1322 2119 in
1351 2085 1468 2119 medio
1497 2085 1640 2119 hostilis

221 2141 335 2168 terrae
358 2141 545 2178 suppetere
567 2133 761 2178 potuisset,
789 2143 905 2178 neque
933 2134 1094 2178 alioquin
1114 2134 1157 2166 ad
1177 2133 1400 2166 obsidionem
1422 2131 1515 2164 bene
1541 2142 1639 2164 com-

220 2185 362 2224 paratus
383 2185 466 2212 erat.
515 2179 692 2223 Quocirca
715 2177 932 2211 redeundum
949 2179 1018 2211 sibi
1039 2179 1215 2222 Telephin
1233 2184 1268 2211 et
1299 2177 1343 2210 ad
1367 2178 1447 2209 illas
1482 2177 1641 2209 locorum

222 2226 450 2259 difficultates
471 2235 695 2269 nequaquam
722 2234 890 2264 censens,
918 2225 1049 2257 tabulis
1074 2225 1300 2269 cratibusque
1327 2228 1363 2255 et
1393 2221 1527 2255 ratibus
1560 2231 1641 2255 eum

223 2273 261 2304 in
288 2283 388 2303 usum
422 2271 590 2303 confectis
617 2269 774 2301 Phasidis
806 2270 895 2312 ripas
921 2271 1089 2315 iungens,
1120 2282 1158 2302 ac
1186 2270 1297 2302 veluti
1329 2274 1438 2312 ponte
1458 2272 1617 2300 sternens
1629 2290 1644 2309 ,‚

225 2318 426 2350 universum
454 2317 645 2348 exereitum
669 2314 858 2358 intrepide,
884 2316 1024 2348 nemine
1049 2316 1256 2354 obsistente,
1283 2314 1445 2352 traiecit,
1464 2323 1503 2345 ac
1520 2313 1638 2346 Persas

223 2363 380 2409 quidem,
414 2373 501 2407 quos
532 2362 568 2393 in
594 2360 750 2403 Onogori
785 2360 933 2401 locarat,
956 2362 1113 2401 castello,
1138 2361 1234 2405 quod
1261 2359 1335 2403 ipse
1362 2359 1525 2404 antea·in
1549 2357 1638 2390 diti-

224 2419 292 2441 one
323 2407 651 2451 Archaeopolitana,
676 2411 716 2437 ut
750 2403 913 2438 adversus
941 2408 1111 2439 Romanos
1142 2404 1396 2449 propugnaculi
1428 2404 1505 2436 loco
1535 2408 1639 2441 esset,

225 2459 417 2493 struxerat,
435 2463 513 2485 cum
543 2452 731 2484 animasset
761 2451 1006 2496 validioreque
1039 2451 1214 2495 praesidio
1244 2450 1418 2488 auxisset,
1449 2449 1638 2491 omniaque

226 2501 302 2532 illic
319 2504 490 2544 quantum
518 2501 657 2540 poterat
681 2499 950 2536 communisset,
985 2498 1185 2530 Cotacsium
1211 2494 1327 2528 denuo
1353 2499 1389 2526 et
1416 2492 1638 2526 Muchirisim

227 2557 263 2577 se
288 2546 435 2588 recepit.
482 2545 637 2586 Repente
659 2546 778 2573 autem
803 2543 928 2574 morbo
960 2543 1111 2588 quodam
1149 2546 1346 2585 correptus,
1374 2549 1452 2572 cum
1486 2538 1636 2582 pessime

226 2591 395 2630 haberet,
427 2590 576 2622 maxima
604 2586 888 2632 validissimaque
917 2590 1088 2621 exercitus
1120 2593 1232 2632 parte,
1265 2587 1326 2631 qui
1358 2595 1419 2616 sua
1442 2587 1638 2622 tuerentur,

229 2636 280 2668 ibi
297 2637 431 2675 relicta,
453 2634 582 2680 ipsein
612 2633 763 2666 Iberiam
781 2635 965 2672 concessit,
995 2645 1167 2679 aegreque
1188 2633 1226 2664 in
1249 2630 1417 2676 oppidum
1438 2627 1639 2661 Meschitha

229 2683 278 2714 ita
313 2680 446 2714 dictum
493 2680 649 2719 delatus,
690 2689 767 2711 cum
805 2679 876 2715 vim
916 2679 1030 2712 morbi
1065 2680 1156 2714 ferre
1192 2688 1264 2712 non
1297 2679 1438 2722 posset,
1477 2674 1529 2707 ibi
1563 2679 1638 2707 tum
