1794 3112
597 125 972 170 ms'romARUM
1011 130 1064 169 11.
1093 134 1133 174 ιι.
1333 167 1335 170 ⁴
1525 126 1553 182 7
1570 127 1589 161 1

161 227 237 287 ρίῳ
263 230 342 282 μὲν
363 220 439 269 οὖν
459 229 532 270 καί
552 228 610 286 τῷ
632 227 670 270 οῖ
693 225 879 287 ἑπομένῳ
897 228 1027 288 ὁμίλῳ
1039 264 1052 284 ,
1091 232 1135 281 ἐς
1167 228 1261 272 τόδε
1289 227 1417 283 τύχης
1450 226 1502 270 τὰ
1524 228 1596 283 τῆς
1608 239 1647 274 Α,
1662 241 1698 274 c,
1721 242 1789 279 553

150 290 412 349 ἐκστρατειῖκς
445 291 645 336 ἐτελεύτα.
1587 288 1625 332 λΙ.
1651 289 1677 322 1.
1700 301 1742 335 ²7

256 356 308 400 δ’.
359 356 434 399 Ἔν
462 352 494 414 ᾧ
530 359 576 400 δὲ
607 360 737 402 ταῦτα
774 361 820 403 ἐν
856 362 1032 418 Βενετίᾳ
1066 362 1310 415 ξυνέβαινε,
1353 361 1635 407 ΒουτιλΐνοςΡ,
1651 371 1699 414 39

147 416 294 480 ἅτερος
320 420 568 479 στρατηγὸς,
608 422 661 466 τὰ
685 425 814 480 μέχρι
842 427 920 467 τοῦ
957 427 1159 482 πορθμοῦ
1183 440 1255 480 της
1274 425 1464 473 Σικελίας
1483 423 1600 464 πολί-

119 489 284 543 Ξσματά
307 503 353 530 τε
376 487 448 530 καί
471 490 651 546 φρούρια
674 490 826 544 σχεδόν
850 508 890 532 τι
912 486 1072 533 ἅπαντα
1089 487 1391 545 λυμηνάμενος,
1419 488 1592 544 ἐπανῄει

145 549 273 604 αὖθις
301 554 358 604 ὥς
380 553 555 608 τάχιστα
577 554 654 597 ἰθὺ
676 555 934 608 Καμπανίας
954 571 999 598 τε
1022 555 1093 598 καὶ
1115 556 1300 610 ιΡοόμης.
1326 553 1490 610 ἠκηκόει
1506 551 1586 609 γὰρ

141 618 211 663 τὸν
230 622 407 677 Ναρσῆν
428 619 502 662 καί
524 619 598 672 τὰς
623 622 829 675 βασιλέως
854 619 1052 675 δυνάμεις
1080 621 1213 662 αὐτοῦ
1239 635 1321 662 που
1352 619 1594 675 ἠθροῖσθαι.

142 684 216 727 καὶ
235 684 430 741 ἠβούλετο
460 684 519 742 μὴ
550 688 717 740 μέλλειν
746 685 809 729 ἔτι
842 687 950 742 μηδὲ
987 686 1196 739 ἀλᾶσθαι,
1235 682 1342 728 ἀλλὰ
1377 686 1502 727 παν-τί
1538 686 1595 740 τῷ

142 754 302 810 στρατῷ
325 755 684 808 παραταξάμενος,
714 750 788 795 τὸν
811 752 916 809 ὖπὲρ
940 754 1022 794 τῶν
1055 748 1163 793 ὅλων
1205 750 1396 792 κίνδυνον
1421 749 1597 804 ἆναῤῥί-

91 828 236 872 toulon·
268 818 362 860 ἐπεὶ
373 817 445 859 καί
462 820 587 874 μέρος
607 835 648 860 τι
676 819 751 860 οῦκ
773 818 995 872 ἐλάχιστον
1023 818 1095 859 καί
1114 818 1186 872 τῆς
1199 816 1310 873 ἄμφ’
1328 812 1455 857 αὐτὸν
1466 830 1594 870 στρα-

139 885 233 934 τιᾶς
255 883 362 942 νόσῳ
385 880 558 926 ἑαλώκει
583 884 656 924 καί
679 883 951 939 διεφθείρετο.
983 878 1037 939 ἦδ
1042 901 1067 938 η
1079 881 1157 939 γὰρ
1179 884 1252 924 τοῦ
1272 881 1426 937 θέρους
1449 879 1595 943 λη’γονῑ

137 964 230 1001 τος,
259 950 332 990 καί
350 951 426 990 τοῦ
437 949 706 1005 φθινοπώρου
725 949 974 1004 ἀρχομένου,
1005 947 1049 990 αἱ
1072 950 1151 1001 μὲν
1174 943 1352 1001 ἄμπελοι
1375 946 1432 1003 τῷ
1444 961 1587 1002 καρπῳ

137 1014 380 1070 ἑβρίθοντο,
409 1013 447 1055 οἱ
474 1014 520 1055 δὲ
546 1013 666 1069 χήτει
703 1015 784 1056 τῶν
817 1009 956 1056 ἄλλων
985 1014 1227 1070 ἐπιτηδείων
1237 1048 1250 1066 ,
1297 1007 1483 1068 (ἅπαντα
1506 1008 1585 1065 γὰρ

138 1074 196 1137 τῷ
234 1081 387 1136 Ναρσῇ
417 1081 731 1136 ἐμφρονέστατα
765 1081 1114 1136 προδιὴρπαστο,)
1155 1078 1193 1135 οἱ
1230 1079 1276 1120 δὲ
1311 1076 1406 1126 τοὺς
1434 1077 1618 1132 βότρυςΒ

90 1143 465 1202 ιόἄφαιρούμενοι,
494 1147 566 1186 καί
585 1151 675 1194 ταῖς
694 1144 824 1202 χερσὶ
853 1147 1169 1199 διαθλιζθοντες,
1210 1144 1482 1200 ἐνεφοροῦντο
1511 1143 1589 1183 τοῦ

137 1211 352 1264 γλεύκους,
383 1210 777 1264 αὕτοσχεδιάζοντες
805 1210 879 1253 τὸν
913 1211 1160 1264 ἀνθοσμίαν.
1191 1209 1361 1253 ἐνθένδε
1381 1223 1424 1250 τε
1450 1207 1589 1256 αὐτοῖς

135 1275 162 1330 ἦ
184 1274 341 1331 γαστὴρ
367 1277 543 1330 ἐπιμέγα
576 1277 746 1332 ἐφέρετο
776 1278 848 1318 καί
877 1276 1062 1332 διέῤῥει,
1103 1276 1175 1316 καί
1195 1273 1241 1316 τὸ
1264 1275 1344 1327 μέν
1375 1290 1418 1314 τι
1446 1272 1587 1313 αὐτῶν

137 1338 338 1395 ἔθνησκεν
356 1339 527 1394 αὐτίκα,
555 1336 662 1396 ἦσαν
686 1343 732 1383 δὲ
755 1343 798 1383 οἳ
815 1341 887 1383 καί
909 1343 1170 1395 διεγίγνοντο.
1200 1339 1298 1396 πρίν
1334 1355 1379 1393 γε
1421 1336 1472 1393 δὴ
1513 1332 1587 1378 οὖν

203 1401 258 1419 ιε’
416 1407 429 1420 ³

139 1421 208 1446 και
232 1421 385 1448 απασιν
408 1408 618 1461 εκνικῆσαι
640 1405 689 1447 τὸ
716 1405 874 1459 πάθος,
914 1405 1051 1448 ἐδόκει
1077 1406 1115 1448 οἱ
1137 1403 1244 1448 εἶναι
1280 1405 1512 1459 πολεμητέα
1543 1402 1586 1452 ἐς

84 1466 176 1522 2οὸ,
203 1486 246 1512 τι
287 1470 445 1526 ἐκβαίη.
483 1472 557 1512 καί
590 1471 728 1514 τοίνυν
760 1469 1012 1529 ἀφικόμενος
1049 1472 1092 1520 ἐς
1128 1471 1411 1529 Καμπανίαν,
1458 1484 1585 1524 στρα-

136 1535 399 1578 τοπεδεύεται
426 1537 476 1579 οὗ
504 1537 648 1595 πόρ’ῥω
681 1540 863 1594 Καπύης
888 1539 963 1593 τᾷς
990 1538 1163 1590 πόλεως,
1206 1537 1320 1593 ἀμφὶ
1342 1534 1420 1586 τοῖς
1452 1529 1584 1589 ὄχθας

134 1604 212 1643 τοῦ
231 1605 498 1645 Κασουλίνου
521 1605 718 1657 ποταμοῦ.
749 1601 792 1653 ὃς
812 1603 863 1660 δη
886 1604 994 1660 ῥέων
1022 1605 1067 1645 ἐκ
1095 1606 1168 1646 τοῦ
1186 1598 1306 1659 ὅρους
1325 1603 1402 1646 τοῦ
1434 1602 1581 1644 Ἀπιν-
1593 1621 1634 1655 v,
1650 1631 1696 1665 29

225 1670 258 1715 4.
285 1669 412 1713 ἕτερος
426 1672 464 1703 R.
528 1683 578 1706 ιι.
605 1670 782 1705 διαλιύκει
805 1673 842 1705 R.
905 1675 953 1707 13.
980 1673 1017 1705 R.
1036 1674 1074 1706 in
1098 1683 1164 1717 mg.
1192 1666 1235 1713 ἦν
1260 1670 1309 1704 δὲ.
1373 1671 1422 1714 14.
1446 1669 1581 1715 βότρυς

224 1716 288 1758 R,
319 1716 480 1763 βότρυας
501 1719 597 1764 vulg.
650 1720 699 1753 16.
725 1717 850 1753 αὐτῶν
872 1720 911 1752 R.
959 1731 1014 1754 21.
1040 1719 1199 1760 Καπύης
1224 1717 1578 1763 R..‚Ka210.u'qs·vulg.

133 1785 222 1818 alios
243 1784 423 1818 delirium.
470 1785 589 1819 Variis
611 1787 707 1821 enim
727 1787 861 1821 morbis
879 1786 1092 1821 laborabant
1106 1813 1116 1828 ,
1141 1786 1205 1819 sed
1235 1785 1402 1819 omnibus
1429 1786 1467 1819 in
1491 1796 1575 1830 per-

130 1832 265 1865 niciem
287 1831 549 1865 desinentibus.
602 1832 793 1866 Leutharis
820 1835 944 1878 itaque
971 1835 1109 1879 quique
1142 1843 1224 1867 eum
1244 1832 1490 1878 sequebantur
1511 1843 1576 1865 ex-

138 1878 280 1922 peditio
302 1877 511 1911 huiusmodi
535 1879 783 1911 calamitosum
806 1878 937 1913 habuit
959 1880 1105 1913 exitum.

223 1923 255 1966 4-
303 1923 493 1958 ΒηιιιὛοτο
506 1923 596 1957 haec
624 1926 663 1958 in
677 1924 833 1959 Venetia
852 1927 1080 1972 contingunt,
1095 1924 1282 1959 Butilinus
1303 1925 1396 1958 alter
1409 1924 1482 1958 (lux
1505 1935 1573 1970 op-

130 1969 227 2015 pidis
241 1970 470 2014 castellisque
510 1971 772 2016 propemodum
808 1973 977 2006 omnibus
1008 1973 1053 2007 ad
1085 1973 1246 2006 Siculum
1278 1972 1412 2004 fretum
1457 1983 1572 2016 usque

132 2017 298 2057 vastatis,
330 2018 452 2050 statim
477 2028 584 2062 quam
607 2019 779 2052 citissime
800 2019 1033 2065 Campaniam
1057 2030 1182 2053 versus
1214 2024 1251 2052 et
1270 2019 1416 2052 Romam
1447 2029 1485 2051 se
1512 2029 1571 2051 re-

134 2064 240 2108 ecpit.
288 2062 498 2097 Inaudie‘rat
528 2066 626 2098 enim
651 2065 812 2099 Nax-setis
847 2073 885 2100 et
915 2067 1146 2111 Imperatoris
1171 2067 1350 2099 exercitus
1376 2077 1418 2099 eo
1438 2075 1571 2098 conve-

132 2110 247 2149 nisse,
271 2114 308 2142 et
338 2115 511 2143 statutum
541 2117 617 2145 erat
642 2124 718 2145 non
758 2114 919 2147 cunctari
955 2113 1094 2147 diutius
1115 2124 1236 2158 neque
1262 2112 1374 2146 animi
1396 2111 1572 2158 pendere,

134 2155 199 2188 sed
221 2156 259 2188 in
294 2155 406 2189 aciem
433 2157 617 2191 instructis
641 2160 810 2194 omnibus
842 2161 958 2205 copiis
987 2160 1032 2193 de
1056 2171 1176 2194 rerum
1207 2170 1341 2192 summa
1367 2158 1570 2201 decertare3

136 2201 427 2247 quandoquidem
450 2215 524 2236 non
548 2206 696 2239 minima
729 2207 906 2241 exercitus
940 2208 1003 2252 qui
1029 2208 1065 2240 ei
1095 2206 1220 2239 aderat
1242 2217 1324 2250 pars
1343 2205 1471 2239 morbo
1488 2217 1570 2238 cor-

136 2254 239 2292 repta
266 2249 462 2283 interierat.
521 2250 699 2296 Vergente
732 2254 829 2286 enim
868 2255 938 2287 iam
963 2259 1096 2287 aestate
1128 2258 1165 2286 et
1196 2257 1368 2286 autumno
1402 2253 1568 2292 ineunte,

134 2297 262 2328 vineae
288 2295 435 2340 quidem
453 2298 530 2330 uvis
550 2304 700 2331 onustae
720 2305 843 2342 crant;
868 2300 906 2333 hi
925 2310 1009 2333 vero
1036 2301 1162 2345 inopia
1180 2300 1329 2333 aliarum
1354 2310 1473 2332 rerum
1499 2309 1567 2331 ne-

133 2341 360 2375 cessariarum
379 2341 515 2386 (omnis
534 2345 630 2378 enim
646 2351 861 2379 commeatus
881 2358 946 2391 per
965 2346 1149 2380 Narsetem
1168 2345 1446 2391 prudentissime
1460 2356 1567 2390 prae-

135 2393 259 2432 reptus
275 2386 364 2433 erat)
389 2390 518 2422 avulsis
538 2393 633 2432 uvis,
657 2403 834 2438 succoque
859 2393 1024 2426 manibus
1046 2394 1213 2439 exprbsso
1229 2418 1238 2433 ‚
1265 2398 1381 2425 musto
1406 2403 1483 2424 sese
1505 2392 1565 2424 in-

133 2433 381 2479 gurgitabant,
409 2435 626 2470 odoriferum
645 2440 789 2480 vinum,
822 2439 919 2485 quod
941 2440 1068 2474 Graeci
1098 2441 1318 2484 ἀνθοσμίαν
1343 2444 1494 2477 vocant,
1520 2449 1567 2470 ex

133 2487 295 2525 tempore
310 2481 560 2526 conficientes;
588 2486 685 2518 unde
712 2487 1027 2520 vehementissimo
1049 2487 1119 2520 alvi
1141 2486 1316 2531 profluvio
1336 2485 1564 2518 laborarunt:

134 2533 171 2560 et
195 2526 362 2560 nonnulli
385 2527 530 2572 quidem
555 2542 675 2564 eorum
704 2544 746 2566 eo
772 2534 1011 2574 interierunt,
1055 2534 1224 2567 nonnulli
1257 2534 1365 2566 etiam
1398 2531 1562 2574 supervi-

132 2579 272 2606 xerunt·
314 2574 522 2619 Priusquam
540 2577 663 2623 itaque
688 2578 748 2612 hic
766 2580 911 2613 morbus
937 2591 1059 2613 omnes
1078 2580 1307 2625 pervaderet,
1332 2577 1561 2610 committen-

137 2619 223 2652 dum
247 2619 317 2652 sibi
345 2631 562 2666 quocunque
599 2630 729 2658 eventu
758 2628 937 2671 proelium
973 2627 1152 2660 censebat.
1215 2625 1392 2670 Quocirca
1419 2633 1497 2655 cum
1520 2625 1561 2660 in

134 2664 360 2718 Campaniam
378 2668 554 2709 venisset,
579 2676 689 2704 castra
711 2683 785 2705 non
811 2674 936 2718 procul
958 2685 978 2706 a
1004 2673 1126 2717 Capua
1157 2672 1246 2704 urbe
1273 2671 1370 2709 fixit,
1397 2669 1442 2702 ad
1464 2671 1558 2717 ripas

135 2710 293 2751 Canulim
324 2711 481 2749 fluminis
497 2739 506 2754 ‚
548 2716 646 2761 quod
673 2718 818 2763 quidem
843 2731 887 2754 ex
911 2720 1102 2764 Apennino
1124 2724 1245 2752 monte
1269 2717 1408 2757 fluens,
1437 2720 1473 2749 et
1492 2730 1558 2764 per
