1832 3152
534 164 910 209 msTomAmm
954 170 1023 209 η’.
1060 176 1101 215 2.
1317 143 1319 145 ’
1451 169 1559 224 209

119 269 325 320 λάξασθαι
351 266 401 310 τὰ
420 270 524 324 ’παρ’
549 269 703 310 ἐκείνου
728 267 810 310 εἴτε
842 267 944 319 ἴσως
981 270 1276 325 [διανοηθέντα
1298 277 1451 323 μονον]
1481 267 1564 312 εἴτε
1578 270 1668 305 Α·Ο-
1685 272 1752 306 555

119 336 280 384 πάντως
309 335 666 388 βεβουλευμένα,
689 338 928 377 καταλιπεῖν
959 338 1004 378 δὲ
1041 338 1086 378 ἐν
1118 336 1221 390 ἡμῖν
1256 336 1399 384 αὐτοῖς
1433 319 1598 392 φρον-Ῑ·
1615 319 1639 351 1¹
1659 331 1707 364 ²9

117 401 214 444 τίδα
232 397 427 456 περιττὴν
449 400 522 440 καί
549 396 848 456 οἷμφιῤῥόπους
876 401 1057 455 ἐννοίας,
1087 403 1153 442 ἐπ’
1170 397 1309 458 ἀδήλῳ
1340 400 1405 442 ἔτι
1425 402 1564 455 κειμέ-

117 481 193 509 νου
219 466 296 507 τοῦ
322 467 476 513 τέλους.
516 464 654 506 καίτοι
693 460 911 508 ἀλλόκοτόν
947 485 987 508 τι
1017 466 1089 509 καί
1112 467 1357 522 ταραχῶδες
1398 465 1444 507 τὸ
1486 484 1567 522 μη-

91 529 262 584 ὄδαμῶς
294 532 365 586 ἐφ’
390 528 551 588 ὅτῳοῦν
573 529 830 584 βεβαιότατα
862 534 1131 584 πεποιθέναι,
1173 527 1264 572 ἀλλ’
1284 530 1471 585 ὑποψίας
1495 532 1566 573 ἆεί

117 594 192 637 καί
221 591 412 649 δειζιιατος
435 592 544 637 εἶναι
575 595 756 649 μεστὸν,
798 595 870 638 καί
898 598 963 639 ἐπ’
984 597 1123 646 αὐτοῖς
1147 597 1276 651 δήπου
1319 601 1407 645 τοῖς
1442 600 1564 651 ξυνη-

115 660 356 711 θεστάτοις.
415 656 529 714 ὅμως
576 662 640 717 (ἐν
671 658 804 704 ἅπασι
842 660 923 718 γὰρ
959 665 1085 704 τοῦτο
1121 663 1231 720 νικᾷ)
1268 657 1455 715 ἑπόμεθα
1495 664 1604 705 καίΒ

117 719 317 783 ἦμεῖςτῇ
350 724 501 783 φύσει,
540 727 614 768 καί
649 716 915 780 ἀπιστοῦμεν.
965 728 1023 777 ὥς
1047 723 1100 770 ἂν
1137 729 1183 769 δὲ
1214 728 1321 782 μήτε
1353 730 1567 784 προπετῶς

121 784 249 846 ὠμόν
270 808 313 834 τι
347 790 420 833 καί
451 787 602 848 ἆπηνὲς
639 793 865 848 δράσοιμεν
898 792 972 835 ἐπὶ
1002 795 1042 835 Γ
1040 794 1222 850 ουβάζῃ,
1264 792 1367 848 μήτε
1400 796 1459 851 τῷ
1491 791 1567 836 οὔκ

72 856 248 901 nocenda
271 858 400 912 δῆθεν
426 857 772 910 ἀναπεπεισμένοι
798 858 1185 914 μαλθακισθείημεν
1198 892 1211 911 ,
1256 855 1345 900 ἀλλ’
1370 857 1568 916 ἐκφύγοι-

117 940 196 978 μεν
229 920 304 972 τάς
326 919 584 979 ἑκατέρωθεν
606 924 878 977 μεταμελείας
892 957 904 976 ,
944 920 1142 978 εὔβουλόν
1164 942 1205 966 τι
1230 925 1330 981 ἡμῖν
1352 922 1566 981 κατεφάνη

118 988 192 1033 καὶ
211 990 350 1042 μέσως
373 1004 460 1036 πως
478 987 575 1042 ἔχον
588 1023 601 1042 ,
631 990 820 1031 ἐνταῦθα
840 987 913 1031 τὸν
942 985 1074 1045 ἄνδρα
1095 993 1416 1046 παραγενέσθαι.
1446 991 1566 1032 στέλ-

119 1059 206 1097 λειν
226 1051 365 1095 τοίνυν
395 1048 525 1095 αὖτὸν
559 1052 636 1109 τὴν
662 1056 883 1109 ταχίστην,
922 1053 1005 1097 εἴτε
1031 1057 1309 1109 βουλόμενον,
1337 1054 1419 1097 εἴτε
1440 1057 1566 1111 ἠναγ-

119 1122 336 1173 κασμένον.
365 1118 405 1159 εἷ
430 1118 478 1160 δέ
495 1134 541 1173 γε
562 1118 677 1172 ὑμᾶς
696 1120 830 1160 ταῦτα
852 1121 1012 1162 ἐθέλειν
1029 1120 1216 1174 ἐγνωκώς
1239 1118 1467 1176 ἀντισταίη,
1492 1121 1570 1170 καί

63 1184 82 1227 ἰ
92 1181 388 1230 5ἇπαναίνοιτο
421 1182 499 1238 τήν
524 1183 719 1240 πορείαν,
756 1185 1153 1239 ἐπιλαμβανομένων
1175 1203 1219 1228 τε
1258 1187 1376 1240 ὑμῶν
1403 1186 1476 1228 καί
1495 1184 1566 1229 ἑλ-

116 1249 280 1302 κόντων,
311 1249 402 1305 (καί
429 1246 508 1305 γὰρ
530 1251 654 1291 τοῦτο
682 1255 815 1292 ποιεῖν
833 1250 931 1303 ὑμῖν
947 1247 1192 1294 τούντεῦθεν
1217 1250 1412 1310 diffiderat)
1455 1254 1495 1294 εἰ
1518 1253 1566 1294 δὲ

120 1317 316 1358 διωθοῖτο
343 1317 417 1356 καί
439 1315 755 1371 ἅντεπιφέροιτο
775 1350 788 1369 ,
817 1315 887 1357 καὶ
915 1312 997 1374 ὅτῳ
1027 1319 1128 1371 γοῦν
1154 1315 1294 1376 τρόπῳ
1322 1316 1399 1368 τὰς
1417 1323 1603 1374 χεῖραςῦ

120 1377 295 1437 ἆντάροι
313 1414 325 1433 ,
358 1380 450 1422 τότε
479 1378 530 1434 δὴ
554 1382 696 1432 ἕξομεν
727 1387 970 1437 περιφανεῖς
996 1379 1092 1431 τοὺς
1117 1384 1312 1437 ἐλέγχους
1337 1384 1418 1425 τῶν
1447 1387 1569 1437 μελε-

119 1448 340 1499 τωμένων,
390 1444 462 1486 καί
504 1444 698 1487 τολοιπόν
749 1446 794 1487 ἐν
838 1451 926 1494 τοῖς
971 1447 1291 1499 πολεμιωτάτοις
1342 1447 1570 1501 τετάξεται,

219 1549 246 1570 ι.
277 1534 526 1578 διανοηθέντα
558 1533 683 1580 μόνον
706 1535 773 1569 ins.
812 1548 855 1569 ex
891 1537 1118 1570 coniectura:
1145 1537 1322 1582 siquidem
1356 1537 1473 1580 palam
1509 1542 1565 1571 est

212 1582 389 1615 excidisse
429 1583 663 1627 participium
698 1582 743 1614 ad
779 1583 1047 1628 βεβουλευμένα
1085 1584 1256 1627 relatum3
1280 1595 1374 1631 quae
1397 1584 1463 1618 ille
1489 1584 1570 1618 sive

211 1629 413 1674 cogitavit,
471 1630 551 1662 sive
585 1627 812 1675 perficienda
847 1629 919 1663 sibi
951 1630 1152 1675 proposuit.
1202 1631 1240 1662 R.
1274 1642 1336 1674 pro
1371 1631 1442 1662 εἴτε
1479 1630 1570 1666 ἴσως

210 1677 285 1708 εἴτε
321 1674 452 1708 habet:
478 1676 552 1707 εἴτε
583 1676 670 1707 ἴσθι
690 1676 729 1708 εἴ
757 1687 813 1720 τῳ.
864 1677 975 1719 Intpr.
1002 1688 1095 1723 qnae
1131 1676 1217 1711 huic
1251 1685 1335 1711 sunt
1368 1676 1570 1716 autlalteri

209 1722 380 1767 cuiquam
408 1733 526 1766 prave
563 1721 757 1762 consulta,
794 1722 934 1755 scilicet
969 1733 1014 1755 ex
1038 1721 1291 1757 hariolatione.
1368 1735 1420 1757 ιο.
1440 1723 1562 1768 μαλα-

211 1771 315 1801 κισθ.
336 1769 374 1800 R.
475 1780 527 1804 12.
547 1768 714 1800 ἐνταῦθα
737 1779 807 1802 om.
834 1769 872 1800 R.
968 1769 1018 1802 15.
1043 1768 1150 1814 ὑμῶν
1170 1781 1237 1802 om.
1257 1771 1295 1803 R,
1376 1770 1428 1803 16.
1452 1767 1567 1804 τοῦν-

209 1815 347 1849 τεῡθεν
370 1815 409 1848 R.
425 1839 434 1855 ,
454 1814 633 1848 ἐντεῦθεν
655 1815 747 1860 vulg.

118 1913 202 1950 dam
232 1927 309 1950 esse
332 1916 462 1950 nuntio
479 1921 597 1951 vestro
624 1914 733 1948 fidem
765 1914 954 1954 duximus,
979 1925 1100 1960 neque
1128 1914 1436 1956 committendum,
1460 1919 1501 1949 ut
1524 1925 1567 1950 ea

125 1959 216 2008 quae
234 1963 310 1996 sive
323 1963 496 2008 cogitavit
520 1968 675 2003 tantum,
700 1963 775 1995 sive
796 1962 905 2006 plane
927 1962 1066 2002 statuit,
1084 1973 1157 1995 non
1189 1973 1480 2006 praecaveamus;
1507 1963 1566 1995 in-

122 2014 244 2052 gentes
273 2009 379 2042 nobis
407 2009 494 2052 ipsis
527 2020 650 2048 curas,
678 2013 715 2042 et
745 2007 954 2052 ambiguum
982 2008 1289 2053 fluctuantemque
1309 2008 1568 2042 incertitudine·

123 2060 273 2088 eventus
297 2056 456 2088 animum
480 2056 690 2089 retinentes.
743 2055 787 2088 Et
811 2054 973 2098 profecto
1000 2053 1195 2088 absurdum
1228 2059 1282 2088 est
1308 2067 1348 2087 ac
1374 2056 1567 2088 molestum

123 2100 261 2134 nemini
298 2101 404 2146 plane
440 2101 589 2135 firmiter
621 2101 750 2142 fidere,
778 2100 842 2134 sed
867 2101 1072 2145 suspicione
1100 2102 1240 2145 semper
1264 2107 1436 2146 metuque
1460 2102 1565 2135 labo—

124 2157 225 2187 rare,
258 2147 367 2185 etiam
400 2146 445 2181 de
473 2147 517 2180 iis
546 2147 610 2194 qui
638 2147 743 2180 nobis
773 2151 858 2180 sunt
886 2147 1016 2180 intimi.
1075 2147 1321 2180 Nihilominus
1349 2148 1413 2192 (in
1444 2149 1564 2181 omni-

127 2191 196 2225 bus
231 2193 330 2226 enim
361 2191 431 2227 hoc
459 2195 602 2238 vincit)
637 2194 825 2239 sequimur
861 2194 969 2226 etiam
1010 2205 1075 2227 nos
1121 2200 1313 2235 naturam,
1361 2199 1398 2227 ct
1426 2193 1565 2227 diffidi-

124 2249 213 2272 mus.
265 2239 321 2273 Ne
349 2250 433 2274 vero
463 2240 746 2285 praecipitanter
781 2238 925 2273 crudele
960 2239 1102 2286 aliquid
1126 2246 1163 2273 et
1193 2251 1336 2274 saevum
1370 2241 1408 2274 in
1444 2240 1566 2278 Gaba-

125 2295 191 2318 zen
216 2289 436 2326 statuamus,
467 2297 557 2320 neve
586 2291 710 2320 contra
743 2285 955 2319 indecenter
989 2285 1132 2332 aliquid
1163 2285 1232 2320 hac
1265 2288 1304 2320 in
1336 2298 1373 2320 re
1400 2286 1563 2328 ¹faciendi

125 2337 224 2365 metu
252 2329 399 2365 adducti
423 2342 633 2373 enervemur
661 2332 956 2377 remissioresque
984 2332 1195 2377 videamur3
1228 2333 1291 2367 sed
1314 2335 1436 2378 potius
1474 2345 1564 2378 poc-

125 2377 334 2411 nitudinem
365 2378 546 2424 utrimque
572 2379 820 2412 imminentem
854 2379 1158 2425 subterfugiamus
1178 2405 1188 2420 ‚
1218 2380 1422 2413 consultum
1456 2379 1564 2412 nobis

124 2428 162 2457 et
187 2423 308 2457 medio
335 2423 478 2457 cuidam
497 2424 810 2471 moderationique
837 2424 1017 2460 tenendae
1053 2426 1324 2459 convenientius
1355 2431 1410 2459 est
1437 2426 1563 2466 visum,

125 2468 197 2503 huc
221 2470 406 2504 hominem
437 2470 580 2508 adduci.
610 2472 749 2505 Mittite
774 2471 898 2516 itaque
922 2483 1005 2505 eum
1034 2483 1145 2517 quam
1178 2472 1366 2512 citissime,
1402 2473 1476 2504 sive
1501 2483 1565 2505 vo-

125 2515 261 2550 lentem
286 2517 360 2550 sive
394 2521 571 2552 coactum.
620 2517 760 2563 Quodsi
793 2518 857 2551 ille
881 2518 1069 2553 voluntate
1105 2523 1222 2552 vestra
1252 2519 1437 2552 intellecta
1457 2519 1564 2553 resti-

128 2562 237 2603 terit,
265 2568 302 2597 et
327 2563 382 2596 ire
406 2561 660 2597 detrectaverit
675 2589 684 2605 ‚
709 2563 1140 2610 apprehendentibusque
1164 2564 1267 2598 vobis
1292 2569 1329 2598 et
1351 2563 1566 2608 protrahen-

127 2607 227 2642 tibus
253 2610 369 2652 (nam
395 2613 432 2642 et
456 2607 526 2642 hoc
549 2609 651 2643 vobis
677 2615 756 2650 tum
779 2611 896 2643 facere
920 2610 1062 2658 licebit)
1084 2611 1271 2656 propulset
1295 2615 1332 2643 et
1355 2610 1564 2656 reluctetur,

128 2659 193 2687 aut
246 2665 439 2700 uacunque
466 2654 611 2688 tandem
634 2655 741 2688 modo
778 2667 903 2691 manus
941 2657 1044 2690 vobis
1081 2657 1272 2696 intulerit,
1311 2661 1388 2690 tum
1419 2657 1565 2691 demum

124 2700 221 2746 mani
239 2707 314 2735 esta
326 2700 486 2734 habituri
500 2712 620 2740 sumus
640 2712 769 2742 rerum,
786 2713 873 2747 quas
887 2703 1033 2737 molitus
1058 2703 1179 2743 fuerit,
1205 2702 1351 2743 indicia,
1371 2708 1408 2735 et
1434 2702 1472 2736 in
1495 2713 1564 2748 po-

125 2748 261 2778 uterum
294 2749 390 2781 inter
425 2757 509 2788 eos,
545 2747 606 2793 qui
629 2748 785 2782 maxime
819 2747 940 2782 hostes
966 2753 1062 2790 sunt,
1087 2748 1311 2790 censebitur,
1348 2748 1437 2782 adeo
1467 2754 1508 2782 ut
1533 2749 1563 2784 si

207 2807 392 2852 Agathias.
1268 2813 1308 2855 ¹4
