1794 3112
228 139 295 210 82
665 198 669 203 .
791 172 1060 214 AGATfflAE

38 283 74 314 A.
96 283 129 313 C.
153 284 216 315 553
230 267 436 325 ἀσφαλοῦς
459 268 715 324 ἆγιδνιζοιντο
737 269 809 318 τὰς
838 266 1012 320 ἆσπίὸας
1030 275 1366 327 προβεβλημένοι,
1394 274 1445 315 τὰ
1475 275 1519 315 δὲ
1540 268 1627 314 ὄπι-

95 329 118 360 Ῑ·
135 328 211 372 Ι·27
230 335 372 376 oasam
396 336 451 390 τῷ
477 333 660 387 ἀλληλοις
682 329 975 386 ἆντιτετάχθαι
995 335 1344 390 ὃιαφυλάττοιντο.

332 397 386 439 θ’.
436 397 562 440 Ἀλλὰ
589 397 665 451 γὰρ
701 398 757 452 τῷ
789 399 959 452 Ναρσῇ,
1007 397 1135 453 τύχης
1167 415 1211 440 τε
1237 399 1371 448 αἰσίοις
1393 401 1629 456 κυρήσαντι,

228 461 298 502 καί
310 461 356 502 τὸ
380 463 578 516 πρακτέον
598 456 747 514 ἄριστα
765 465 1108 518 μηχανησαμένῳ,
1137 459 1297 503 ἅπαντα
1316 466 1356 513 ἐς
1376 466 1464 505 δέον
1487 461 1630 518 ἀπέβη.

186 523 365 578 Βὲπειδη
402 524 478 579 γὰρ
514 523 550 564 οἱ
589 523 790 578 βάρβαροι
827 521 900 573 ξύν
931 527 1007 579 βοῇ
1035 527 1158 580 πολλῇ
1190 525 1260 566 καί
1288 522 1506 583 α’λαλαγμῷ
1536 527 1654 582 &po-5

223 594 339 640 μαῖοι
364 588 677 638 ἐπανελθόντες,
707 587 962 642 συνέξῖῥαξαν
981 593 1065 635 τοῖς
1095 588 1344 641 Ῥωμαιοις,
1374 587 1521 631 αὐτίκα
1547 591 1631 631 διέ-

224 667 364 693 σεισαν
385 650 480 699 τούς
502 650 571 691 ἑπί
593 651 647 706 τῷ
670 650 838 705 ὀμφαλῷ
861 650 1148 704 πρωτοστάτας
1183 648 1296 707 οἷμφί
1319 650 1366 693 τὸ
1381 654 1540 704 κένωμα
1563 653 1632 693 ἕσ-

225 715 423 763 πεσόντες·
476 710 588 754 οὔπω
616 713 692 768 γάρ
725 715 910 768 παρῆσαν
939 713 975 754 οἱ
994 709 1196 769 ’Έρουλοῃ
1225 713 1252 768 ἥ
1272 731 1314 756 τε
1340 712 1470 770 ἆρχὴ,
1498 717 1633 756 διατε-

223 780 356 830 μοῦσα
380 777 424 818 τὸ
450 776 580 830 βάθος
611 778 691 818 τῶν
716 778 870 830 λόχων,
899 777 969 818 καί
987 778 1108 833 φόνον
1128 775 1175 819 οὖ
1204 778 1331 820 πολὺν
1361 780 1629 834 ἐργασαμένη,

224 844 327 896 ὑπὲρ
352 840 448 889 τούς
475 838 676 896 οὐραγούς
707 842 917 895 ἐξηνέχθη.
945 841 1047 883 ἔνιοι
1071 844 1115 883 δὲ
1136 843 1273 884 αὐτῶν
1308 842 1379 884 καί
1403 844 1683 898 περαιτέρωιο

226 908 408 960 ἐχώρουν
442 905 497 954 ὥς
528 904 573 945 τὸ
607 902 881 959 στρατόπεδον
906 907 988 947 τῶν
1012 906 1235 958 ςΡωμαίων
1265 907 1510 962 αἱρήσοντες.
1546 903 1635 946 τότε

226 970 275 1023 δή
301 969 320 1010 ό
356 971 525 1024 Ναρσῆς
546 968 782 1021 ἐπικάμψας
806 970 939 1023 ἤρε’μα
972 969 1044 1011 καί
1062 970 1324 1024 ὖπομηκύνας
1350 969 1401 1011 τά
1427 971 1538 1025 κέρα,
1566 968 1638 1010 καί

225 1031 466 1084 ἐπικάμπιον
494 1031 746 1086 ἐμπροσθιὶιν
778 1033 795 1086 <
811 1033 867 1080 ὥς
891 1028 941 1073 ἂν
972 1032 1011 1074 οἱ
1043 1029 1224 1074 τακτικοί
1253 1031 1518 1088 ὀνομάσαι-εν)
1560 1030 1634 1086 τὴν

226 1098 414 1151 φάλαγγα
442 1097 722 1148 καταστήσας,
767 1094 1080 1150 παρακελεύεται
1108 1104 1193 1146 τοῖς
1216 1096 1494 1148 ἱπποτοξόταις
1519 1097 1634 1151 ἐφιέ-

224 1177 291 1201 ναι
324 1159 374 1200 τοὶ
401 1162 498 1213 βέλη
522 1157 772 1214 ἑκατέρωθεν
803 1161 1050 1214 ἕναλλάγδην
1070 1163 1112 1210 ἐς
1131 1160 1182 1202 τοὶ
1203 1161 1440 1217 μετάφρενα
1459 1163 1540 1202 τῶν
1562 1163 1686 1201 rto-15

224 1222 385 1275 λεμίων.
425 1222 462 1262 οἱ
492 1224 537 1263 δὲ
569 1221 670 1264 κατὰ
700 1225 831 1263 ταῦτα
866 1221 1013 1280 §adting-
1042 1224 1220 1266 ἐποίουν.
1275 1222 1346 1265 ἅτε
1377 1223 1453 1280 γάρ
1490 1221 1636 1274 πεζοῦς

124 1295 214 1335 Ρ.Δ5
227 1282 347 1335 ὄντας
377 1286 472 1334 τούς
493 1285 730 1341 βαρβάρους
753 1288 798 1327 ἐκ
825 1288 906 1327 τῶν
927 1288 1061 1329 ἵππων
1082 1288 1426 1342 ὖπερανὲχοντες,
1461 1284 1637 1328 εὐκολώ-

222 1368 324 1392 τατα
347 1347 542 1404 ἧὸύναντο
562 1349 724 1402 βάλλειν
748 1349 794 1390 τὸ
822 1350 1050 1404 ἀφεστηκὸς
1086 1351 1157 1392 καί
1174 1349 1411 1404 ἦτίλωμένον
1429 1350 1504 1392 καί
1519 1347 1637 1391 ἐλεύ-

223 1417 347 1468 θερον
371 1415 445 1454 τοῦ
468 1415 820 1468 ἐπιπροσθοῦντος.
857 1412 926 1452 καί
946 1410 996 1465 ἧν
1020 1411 1067 1452 οὗ
1093 1413 1283 1465 χαλεπὸν,
1307 1411 1434 1464 οἶμαι,
1459 1418 1544 1459 τοῖς
1568 1413 1639 1451 ἐπὶ

223 1479 305 1518 τῶν
327 1475 460 1532 ἄκρων
486 1476 672 1524 ἱππόταις
723 1475 779 1516 ’τὸ
812 1477 888 1527 μὲν
914 1474 1018 1515 κατὰ
1043 1477 1150 1529 σφᾶς
1171 1477 1293 1530 μέρος
1317 1477 1398 1515 τῶν
1426 1475 1686 1527 δυσμενῶνὶο

226 1541 296 1582 καί
319 1539 613 1594 πλησιαίτατον
641 1539 906 1594 ὑπερβαίνειν
937 1543 1022 1587 τοῖς
1054 1541 1213 1592 βέλεσι,
1251 1537 1350 1586 τοὺς
1385 1539 1430 1578 δὲ
1460 1534 1632 1591 ἀντικρὺ

229 1605 502 1658 φαινομένους
523 1602 772 1658 τιτρώσκειν.
809 1603 1096 1656 ὁιεπερονῶντο
1119 1602 1334 1656 τοιγαροῦν
1357 1599 1559 1641 πάντοθεν
1582 1597 1634 1640 τά

275 1682 301 1703 ι.
315 1669 474 1701 ὀπίσθια
492 1665 555 1700 διὰ
565 1665 606 1700 τὸ
621 1668 718 1700 Suid.
767 1670 796 1702 5.
810 1668 925 1712 πολλῇ
937 1668 1015 1700 add.
1036 1678 1078 1700 ex
1091 1668 1126 1699 R.
1150 1672 1186 1700 et
1197 1668 1304 1710 Intpr.
1317 1677 1396 1700 cum
1409 1667 1562 1700 clamore
1576 1667 1637 1700 in·-

270 1715 378 1759 genti.
394 1715 428 1748 6.
440 1714 570 1746 αὐτίκα
581 1712 619 1746 δὲ
631 1715 666 1745 R.
697 1725 745 1747 11.
756 1713 972 1757 αἱρήσαντες
981 1714 1017 1744 R.
1047 1723 1095 1745 12.
1110 1709 1155 1744 τὰ
1179 1713 1267 1756 κέρα
1278 1713 1328 1751 R„
1339 1709 1383 1743 τὰ
1399 1713 1532 1756 κέρατα
1545 1712 1633 1755 vulg.

227 1781 263 1808 et
281 1787 322 1808 cx
341 1781 418 1808 tuto
442 1775 688 1818 confligerent,
718 1774 825 1806 scutis
849 1773 1018 1818 protecti;
1045 1779 1144 1817 terga
1161 1783 1243 1806 vero
1266 1779 1389 1806 mutua
1408 1773 1471 1806 illa
1487 1775 1581 1806 inter
1597 1785 1633 1808 se

230 1821 528 1865 contrapositione
546 1824 741 1852 tuerentur.

318 1879 350 1910 9.
398 1866 536 1899 Narseti
560 1870 700 1903 autem,
726 1868 762 1896 et
783 1874 984 1908 prosperam
1008 1863 1185 1896 fortunam
1211 1866 1334 1903 nacto,
1377 1862 1510 1908 quique
1538 1863 1634 1908 quod

229 1913 321 1945 facto
343 1916 417 1944 erat
439 1922 526 1954 opus
543 1910 675 1953 optime
698 1909 927 1953 excogitarat,
949 1914 1076 1942 cuncta
1098 1919 1141 1940 ex
1164 1909 1273 1940 animi
1298 1909 1474 1940 sententia
1496 1920 1634 1945 succes-

229 1967 318 1991 sere.
365 1957 552 2001 Postquam
586 1956 681 1988 enim
730 1954 871 1986 barbari
898 1954 1031 1998 ingenti
1058 1954 1208 1986 clamore
1239 1954 1450 1998 ululatuque
1482 1955 1634 1986 excitato

230 2001 436 2034 concitatius
461 2005 667 2044 proruentes
690 1999 862 2043 impetum
885 1999 923 2031 in
945 2001 1116 2031 Romanos
1136 1999 1313 2038 fecerunt,
1335 1998 1519 2031 confestim
1533 2004 1635 2031 ante-

229 2047 390 2089 signanos
414 2045 530 2078 medio
550 2047 646 2078 inter
668 2044 739 2078 duo
759 2055 888 2077 cornua
901 2045 980 2076 loco
997 2050 1127 2077 stantes
1147 2049 1412 2086 perrumpentes
1435 2045 1474 2076 in
1488 2054 1636 2076 vacuum

230 2092 332 2123 illum
352 2091 524 2123 exercitus
557 2091 674 2122 locum
701 2091 899 2130 irruerunt3
931 2100 1046 2133 neque
1079 2091 1174 2121 enim
1202 2088 1317 2120 adhuc
1337 2089 1460 2122 Heruli
1483 2088 1635 2122 advene-

229 2142 324 2168 rant:
351 2142 386 2168 et
410 2139 522 2179 prima
551 2135 696 2180 quidem
727 2135 903 2166 barbarici
937 2134 1111 2166 exereitus
1133 2145 1233 2177 pars,
1270 2134 1440 2176 perfracta
1470 2134 1636 2167 ordinum

229 2182 339 2221 serie,
374 2188 410 2214 et
432 2180 538 2213 caede
563 2191 635 2213 non
655 2190 780 2222 magna
802 2178 920 2218 edita,
950 2180 987 2210 in
1018 2185 1231 2222 postremum
1255 2179 1344 2211 aciei
1372 2190 1498 2224 agmen
1519 2178 1636 2212 delata

231 2232 301 2266 cst,
336 2226 499 2259 nonnulli
521 2236 603 2257 vero
627 2225 735 2257 etit-,m
759 2223 906 2256 ulterius
922 2225 1116 2267 progressi,
1140 2229 1310 2268 tanquam
1329 2226 1563 2258 Romanorum
1576 2235 1635 2256 ea-

231 2278 302 2304 stra
323 2273 469 2315 capturi.
518 2271 609 2303 Tum
642 2269 766 2301 Narses
795 2268 931 2301 inflexis
963 2269 1094 2300 sensim
1122 2270 1364 2313 porrectisque
1386 2270 1473 2309 alis,
1502 2271 1635 2303 inversa

233 2319 323 2350 aciei
351 2318 466 2350 fronte
485 2314 600 2361 (quod
621 2315 704 2347 artis
727 2314 823 2346 illius
841 2313 947 2357 periti
970 2313 1202 2358 ἐπικάμπιον
1233 2315 1470 2359 ἐμπροσθίαν
1487 2325 1635 2348 vocave-

234 2363 322 2407 rint)
352 2361 532 2407 equitibus
564 2359 753 2403 sagittariis
788 2358 951 2398 mandat,
987 2365 1027 2391 ut
1060 2360 1227 2403 utrinque
1251 2360 1391 2403 sagittas
1416 2362 1454 2392 in
1478 2359 1636 2392 hostium

233 2413 329 2452 terga
356 2413 478 2442 mutuo
509 2405 690 2446 emittant3
727 2404 823 2448 quod
858 2410 894 2436 et
920 2404 987 2447 ipsi
1013 2405 1116 2437 facilc
1141 2405 1371 2447 praestabant.
1427 2404 1514 2438 Cum
1543 2404 1637 2436 enim

237 2453 376 2486 barbari
397 2451 533 2495 pedites
557 2455 692 2490 essent,
713 2450 782 2492 ipsi
803 2460 844 2481 ex
862 2450 961 2493 equis
981 2449 1149 2490 editiores
1174 2451 1364 2482 existentes
1381 2450 1546 2482 facillime
1569 2458 1635 2490 po—

231 2504 351 2532 terant
369 2498 475 2531 ferire
496 2495 665 2527 distantes
696 2505 949 2538 expansosque,
970 2505 1086 2539 neque
1107 2496 1157 2527 eis
1172 2498 1329 2528 anterius
1349 2495 1491 2527 officere
1511 2494 1635 2527 valen—

231 2549 295 2576 tes.
322 2543 446 2587 Neque
465 2546 540 2573 erat
560 2540 708 2572 difficile
727 2539 878 2571 arbitror
904 2539 1085 2583 equitibus
1111 2539 1155 2572 ad
1176 2541 1412 2572 extremitates
1433 2539 1635 2572 constitutis

231 2589 413 2631 proximos
438 2586 508 2619 sibi
533 2591 569 2618 et
602 2596 706 2630 quam
729 2585 879 2617 maxime
911 2585 1047 2617 vicinos
1078 2584 1195 2618 hostes
1219 2586 1350 2628 sagittis
1380 2585 1634 2626 transmittere3

235 2644 293 2665 eos
318 2644 400 2666 vero
434 2632 495 2676 qui
527 2642 569 2663 ex
596 2629 739 2663 adverso
769 2629 1077 2674 conspiciebantur
1106 2631 1298 2663 vulnerare.
1354 2629 1636 2662 Traiiciebantur

235 2678 356 2723 itaque
376 2676 519 2712 Francis
538 2675 634 2710 omni
657 2686 702 2710 ex
724 2681 824 2720 parte
844 2681 953 2719 terga,
979 2677 1141 2709 Romanis
1163 2674 1306 2720 quidem
1329 2675 1390 2720 qui
1410 2674 1455 2709 ad
1475 2675 1636 2709 dextrum
