1832 3152
536 139 914 190 HISTORIARUM
954 142 1026 183 111.
1055 147 1124 188 211.
1308 153 1310 155 ·
1484 121 1588 196 193

132 245 279 292 ,αὐτοῦ
303 246 392 286 καί·
410 242 606 296 ἀνέμενον
651 242 754 292 τούς
793 243 1007 298 οὐδαμῶς
1031 244 1366 300 παρεσομένους,
1418 238 1587 298 γνώμην
1599 254 1636 288 Α.
1653 255 1690 289 C.
1718 252 1785 291 555

144 309 310 366 ἔχοντες
338 305 586 366 ἀφυλάκτως
620 304 763 358 αὖτοῖς
795 310 854 368 τῷ
884 308 1178 367 ἀπροσδοκήτῳ
1210 306 1340 363 τυχὸν
1362 302 1721 364 προϊοῦσινῙ·Ῑ·29

145 377 461 428 ἐπιπεσεῖσθαι,
505 373 579 416 καί
611 372 658 416 τὸ
688 375 817 428 τάχος
861 373 1073 428 ἀνακόψαι
1097 376 1170 429 τῆς
1203 373 1398 430 πορείας,
1436 375 1514 423 ἕως
1549 372 1586 414 οἱ
1600 384 1641 417 V.
1659 394 1702 427 72

146 443 193 484 ἐν
213 442 272 498 τῷ
302 434 419 482 ἄστει
439 441 812 496 ἑκπολιορκηθεῖεν.
850 438 961 482 οὕτω
985 443 1065 494 μὲν
1098 436 1174 482 οὖν
1201 440 1381 492 δύναμις
1417 439 1468 480 οὔ
1494 438 1589 481 λίαν

115 505 342 561 5ἐλαχιῖπη
365 507 447 548 τῶν
482 507 666 562 Περσῶν
700 505 838 561 μάτην
865 505 1094 562 ἦσχόλητο,
1146 507 1224 547 τοῦ
1249 501 1377 547 ἄλλου
1402 504 1636 559 πλήθουςΙ)

144 567 406 629 ἀφῃρημένη.
447 567 581 620 εὐθὺς
615 572 663 612 δὲ
689 568 710 612 ὃ
741 570 1003 627 Ναχοραγάν
1031 573 1148 626 ἐξῆγε
1173 571 1246 612 καί
1272 567 1329 619 (ὃς
1353 569 1428 611 τὸν
1462 587 1593 626 στρα-

143 634 243 690 τὸν,
292 635 459 693 φθάσαι
492 634 569 692 τήν
601 635 805 692 ἐπήλυσιν
840 639 973 692 δῆθεν
997 634 1251 692 βουλόμενος
1284 638 1370 678 τῶν
1399 631 1594 688 οὐδαμῶς

143 703 440 758 παρεσομένων
453 735 466 755 ,
505 703 580 744 καί
605 703 744 760 πολλῷ
765 701 839 753 ξὺν
865 702 1103 758 φρονήματι
1124 699 1228 743 κατὰ
1252 703 1337 743 τῶν
1363 700 1593 753 ζΡωμαίων

145 766 324 824 ἐχώρει,
365 768 658 821 ἑπικομπάζων
695 767 936 824 ἀναφανδὸν
987 767 1062 809 καί
1098 767 1407 820 ἐπομνύμενος,
1451 761 1476 821 ἦ
1507 763 1594 819 μὴν

94 829 397 890 ιοαῦθημερὸν
418 831 490 889 τήν
517 832 639 875 πόλιν
663 829 830 875 ἅπασαν
848 834 995 882 αὐτοῖς
1020 830 1224 889 ἆνδράσιν
1245 834 1469 889 ἐμπρῆσαι.
1500 833 1596 874 ἐπε-

142 900 316 954 λέληστο
338 898 438 955 γὰρ,
468 899 528 949 ὥς
550 899 707 952 ἔοικεν,
738 897 822 940 ὖπὸ
850 895 1086 948 αὐθαδείας
1114 898 1136 941 ὃ
1162 897 1406 953 ἔμπληκτος,
1435 897 1492 947 ῶς
1512 895 1596 953 ἄρα

141 963 216 1006 ἐπὶ
238 962 416 1017 πόλεμον
451 960 544 1021 ᾔει,
589 967 761 1021 πρᾶγμα
790 961 920 1013 οὕτως
950 961 1112 1020 ἀφανές
1143 980 1189 1005 τε
1222 963 1296 1005 καὶ
1326 962 1596 1019 ἅδηλότατον,

141 1027 216 1085 καὶ
249 1028 405 1079 πολλὰς
428 1027 722 1084 ἐπιδεχόμενον
749 1031 820 1085 ἐφ’
857 1027 1032 1085 ἑκάτερα
1061 1029 1194 1086 ῥοπὰς
1228 1028 1302 1070 καί
1328 1030 1595 1082 μεταβάσεις,

140 1093 325 1148 μάλιστά
338 1110 383 1136 τε
395 1093 571 1148 πάντων,
591 1097 713 1145 θείας
727 1093 837 1145 τινὸς
860 1093 933 1135 καί
960 1094 1190 1151 ὑπερτέρας
1214 1091 1396 1149 ἆνάγκης
1410 1095 1595 1149 ἀπηρτη-

97 1161 298 1214 ιόμένον,
336 1155 432 1202 ὅσον
459 1162 532 1202 καί
549 1160 728 1216 σμικρὸν
748 1160 870 1202 οὐδὲν
892 1162 938 1202 ἐν
967 1160 1110 1218 ταὸτῷ
1132 1159 1340 1214 γίγνεται,
1382 1160 1472 1200 ἀλλ’
1492 1158 1595 1213 ἔθνη
1605 1171 1637 1204 Ρ.
1649 1172 1718 1206 101

144 1242 193 1268 τε
218 1223 456 1282 ἀνθρώπων
480 1225 615 1283 μυρία
635 1226 710 1268 καί
732 1225 872 1275 πόλεις
894 1242 947 1268 συ
948 1224 1062 1281 χναί,
1082 1227 1154 1267 καί
1176 1226 1363 1266 πολιτεία
1386 1222 1597 1277 ξύμπασα,

147 1286 257 1333 οὕτω
278 1290 525 1348 παρασχὸν,
553 1288 806 1334 ἆνακινεῖται
828 1292 901 1333 καί
924 1292 1269 1345 διαταράττεται,
1292 1290 1366 1332 καί
1391 1288 1467 1340 τὰς
1490 1289 1595 1346 ὑπὲρ

146 1352 373 1413 τῶνιὸλων
406 1356 577 1407 ἐλπίδας
615 1356 797 1399 σαλεύει.
825 1355 848 1398 ὅ
882 1357 929 1397 δὲ
959 1358 1003 1407 ἐς
1032 1358 1227 1398 τοσοῦτον
1265 1357 1414 1412 ἐπῆρτο
1445 1352 1598 1406 ἆλαζο-

149 1423 291 1476 νείας,
319 1419 375 1471 ῶς
406 1421 478 1463 καὶ
498 1428 584 1471 τοῖς
615 1421 854 1478 ἐργοπόνοις
885 1423 957 1463 καί
980 1420 1228 1477 ὑπηρέταις,
1269 1423 1312 1464 οἳ
1344 1420 1394 1476 δὴ
1418 1419 1498 1462 ἀνά
1524 1419 1598 1476 τὴν

95 1483 259 1543 αοῧλην
287 1486 610 1540 σκεδαννύμενοι
633 1485 684 1530 τὰ
713 1488 868 1543 δένδρα
889 1489 1161 1540 κατέτεμνον,
1190 1484 1317 1540 τυχὸν
1338 1488 1417 1539 μὲν
1436 1487 1600 1537 ξυλείας

149 1553 268 1594 ἕνεκα
282 1583 296 1605 ,
333 1549 462 1606 τυχὸν
499 1553 546 1594 δὲ
572 1551 645 1594 καί
665 1553 886 1607 ἐπισκευῆς
910 1554 994 1594 τῶν
1017 1554 1248 1604 πολεμικῶν
1269 1548 1598 1606 μηχανημάτων·

149 1617 311 1667 τούτοις
339 1614 390 1671 δὴ
434 1611 508 1660 οὖν
542 1614 699 1660 ἅπασιν
744 1619 956 1671 ἐκέλευεν,
1011 1617 1182 1660 ἐπειδὰν
1218 1615 1372 1658 καπνὸν
1410 1617 1598 1673 ἀρθέντα

149 1680 388 1737 θεάσοιντο,
411 1682 509 1732 τούς
539 1684 587 1725 δὲ
611 1684 851 1738 γιγνώσκειν
880 1682 938 1732 ῶς
969 1685 1052 1740 πῦρ
1077 1678 1156 1740 ἤδη
1182 1685 1240 1742 τῷ
1259 1685 1341 1725 τῶν
1372 1680 1599 1737 εΡωμαίων

246 1785 298 1807 12.
323 1772 379 1815 εἴη
402 1773 442 1807 R.
562 1770 659 1806 οὕτω
683 1774 721 1806 Β.
835 1773 887 1818 14.
913 1771 1081 1818 μάλιστά
1105 1781 1144 1806 τε
1174 1773 1226 1813 Β.,
1249 1771 1416 1828 μάλιστά
1439 1781 1484 1817 γε
1505 1773 1600 1832 νυῑὲι

1552 1829 1602 1856 ως

248 1831 300 1865 ¹9·
329 1819 550 1865 ἐργοποίοις
574 1821 613 1852 R.
709 1831 766 1854 αι.
791 1822 856 1852 καὶ
880 1830 949 1853 om.
974 1820 1012 1852 R.
1108 1821 1164 1855 23.
1186 1821 1393 1854 θεασαιντο
1417 1820 1456 1853 Β.

240 1875 314 1912 περ
339 1868 392 1908 R„
415 1865 479 1900 sed
506 1867 546 1899 in
570 1877 639 1911 mg.
665 1865 716 1903 ὥς
741 1868 830 1912 πῦρ.
1120 1888 1123 1889 ⁷

151 1945 307 1991 spectati
332 1946 501 1980 venirent
518 1968 530 1985 ‚
569 1946 749 1979 irruerent
780 1955 1062 1992 progressusque
1099 1946 1321 1980 celeritatem
1361 1946 1600 1987 retardarent,
1651 1954 1654 1958 '

154 1991 276 2037 quoad
294 2003 410 2038 usque
429 1991 605 2037 oppidum
631 1997 875 2037 expugnatum
890 1998 994 2026 esset.
1017 1993 1136 2039 Atque
1162 1994 1213 2027 ita
1243 1993 1389 2039 quidem
1416 1994 1600 2026 Persarum

153 2048 228 2070 non
250 2039 378 2083 exigua
395 2050 520 2072 manus
544 2039 676 2072 frustra
699 2038 911 2079 laborabat,
940 2050 960 2071 a
976 2040 1118 2084 reliquo
1136 2041 1295 2073 exercitu
1313 2039 1500 2073 subducta.
1527 2039 1602 2072 Na-

154 2082 332 2129 choragan
360 2095 444 2118 vero
476 2085 536 2119 vel
569 2086 622 2119 sic
655 2086 853 2118 exercitum
881 2085 1029 2126 eduxit,
1056 2092 1282 2120 antevertere
1311 2086 1452 2119 seilicet
1473 2097 1599 2119 eorum

155 2129 348 2164 adventum
364 2132 524 2176 cupiens,
541 2133 605 2178 qui
625 2132 726 2164 nullo
743 2131 852 2164 modo
871 2138 971 2165 erant
991 2134 1153 2175 venturi;
1170 2135 1364 2179 animoque
1378 2132 1482 2165 valde
1503 2133 1599 2165 elato

154 2177 196 2210 in
218 2177 392 2210 Romanos
412 2178 615 2219 ferebatur,
639 2178 759 2223 palam
775 2179 912 2212 iactans
929 2184 1037 2223 atque
1054 2179 1202 2223 insuper
1220 2180 1354 2220 iurans,
1381 2190 1418 2211 se
1445 2190 1488 2211 eo
1519 2180 1598 2223 ipso

156 2222 217 2256 ‹lie
234 2222 361 2256 urbem
378 2229 493 2257 totam
508 2236 588 2258 cum
611 2226 701 2270 ipsis
714 2224 924 2258 hominibus
944 2226 1185 2258 incensurum.
1219 2226 1365 2259 Oblitus
1384 2227 1482 2258 enim
1502 2231 1599 2266 erat,

156 2268 213 2302 uti
230 2269 424 2303 verisimile
446 2276 517 2311 est,
542 2283 627 2316 prae
647 2271 816 2316 superbia
836 2271 1013 2304 fanaticus
1030 2272 1098 2305 iste
1111 2297 1120 2312 ‚
1145 2272 1243 2318 quod
1260 2272 1305 2305 ad
1322 2272 1501 2316 proelium
1518 2273 1602 2313 iret,

157 2326 234 2349 rem
255 2314 346 2349 adeo
365 2315 512 2350 dubiam
533 2324 642 2364 atque
661 2319 856 2358 incertam,
875 2319 1071 2364 multisque
1091 2320 1130 2351 in
1163 2325 1353 2364 utramque
1380 2324 1519 2362 partem
1542 2319 1602 2351 in-

157 2361 417 2395 clinationibus
437 2368 472 2396 et
497 2364 811 2397 vicissitudinibus
846 2364 1060 2406 obnoxiam,
1100 2366 1253 2398 maxime
1283 2376 1366 2398 vero
1394 2368 1554 2397 omnium
1579 2377 1600 2396 a

157 2405 281 2452 divina
305 2407 457 2453 quadam
477 2413 735 2456 superioreque
761 2412 975 2444 necessitate
1003 2411 1271 2456 dependentem
1292 2423 1300 2453 ;
1326 2422 1406 2444 cum
1439 2423 1485 2444 ne
1514 2422 1599 2454 par-

155 2464 222 2487 vae
248 2455 395 2500 quidem
417 2466 471 2488 res
491 2457 586 2489 ullae
608 2458 646 2489 in
672 2456 798 2489 eodem
829 2469 968 2502 semper
994 2463 1089 2491 statu
1112 2463 1364 2501 permaneant,
1398 2457 1461 2490 sed
1488 2458 1598 2489 etiam

157 2500 325 2535 infinitae
342 2500 528 2534 hominum
562 2504 725 2536 nationes
765 2504 818 2536 fre
847 2505 1042 2549 uentiaque
1076 2504 1210 2548 oppida
1254 2510 1290 2537 et
1331 2505 1407 2537 vita
1433 2504 1599 2535 universa

159 2552 426 2580 commutentur
459 2547 612 2582 subinde
649 2555 686 2582 et
709 2516 990 2593 pertuffbentur,
1036 2556 1072 2583 et
1102 2562 1182 2594 spes
1219 2550 1264 2584 de
1291 2550 1396 2583 rebus
1422 2550 1598 2582 universis

158 2599 356 2638 perpetuae
378 2594 567 2637 agitationi
595 2595 896 2642 fluctuationique
929 2598 1002 2629 sint
1020 2597 1211 2630 obnoxiae.
1261 2597 1330 2629 Hie
1356 2607 1440 2628 vero
1467 2607 1509 2627 eo
1538 2607 1600 2627 su—

157 2639 308 2684 perbiae
326 2639 542 2681 devenerat,
570 2646 611 2673 ut
629 2642 737 2674 etiam
761 2643 934 2685 operariis
950 2648 987 2675 et
1003 2644 1176 2675 ministris
1190 2666 1200 2683 ‚
1222 2643 1285 2687 qui
1307 2653 1372 2686 per
1392 2642 1518 2674 silvam
1540 2641 1598 2674 di-

157 2687 274 2729 spersi
327 2686 473 2718 arbores
508 2687 787 2731 praecidebant,
821 2688 895 2721 sive
924 2689 1087 2734 lignandi
1113 2700 1218 2721 causa
1261 2689 1334 2721 sive
1365 2687 1599 2720 conficiendis

161 2731 340 2765 machinis
366 2732 528 2774 bellicis,
554 2732 634 2774 his,
656 2735 824 2779 inquam,
847 2735 1013 2768 omnibus
1029 2735 1228 2776 mandarit,
1273 2740 1316 2768 ut
1348 2745 1428 2767 cum
1460 2734 1598 2767 sumum

242 2793 431 2838 Agathias.
1245 2808 1255 2829 ι
1265 2798 1284 2830 3
