1794 3112
629 147 1003 191 111sToR1AnUm
1046 150 1192 193 u.10.
1321 164 1323 166 .
1543 121 1615 178 85

173 270 250 308 μον
271 251 572 307 ξυνδιήνεγκαν,
601 243 735 306 ἄρδην
763 243 1015 305 ἀνήρπαστο,
1042 247 1159 301 μόνοι
1188 249 1232 290 δὲ
1262 242 1510 302 ὅγδοήκοντα
1528 242 1611 285 τῶν
1625 245 1662 280 Α.
1679 245 1794 280 0553

170 316 386 372 Ῥωμαάυν
422 313 583 372 ἄνδρες,
605 311 842 368 ἀπέθανον,
899 314 941 355 οἳ
967 312 1018 368 δὴ
1047 312 1274 367 ἐτύγχανον
1310 306 1610 362 ὑποδεξάμενοι

171 382 246 439 τήν
271 380 439 438 πρώτην
470 379 651 435 ἐμβολὴν
676 381 759 421 τῶν
794 379 1013 433 πολεμίων.
1064 375 1318 435 ἠρίστευσαν
1354 377 1400 417 δὲ
1432 377 1477 417 ἐν
1508 372 1646 431 τῷδεΒ

173 449 232 506 τῷ
251 445 356 506 {stowe
383 448 466 488 τῶν
499 448 578 499 μὲν
608 446 854 499 Ῥωμαϊκῶν
894 441 1114 499 ταγμάτων
1150 439 1302 496 σχεδόν
1332 457 1375 482 τι
1417 437 1612 491 ἅπαντες,

147 511 396 568 ὄβαρβάρων
421 512 466 552 δὲ
495 513 577 553 τῶν
599 510 991 566 ’ἐπιστρατευομένων
1011 504 1248 563 ’Λλιῇκερνος
1270 505 1292 547 ὅ
1320 508 1359 548 Γ
1358 506 1478 554 ότθος
1513 506 1622 561 (πα-

168 578 247 633 ρῆν
267 575 344 633 γὰρ
367 577 438 618 καί
461 572 507 625 ὃς
525 577 569 618 ἐν
584 577 634 633 τῇ
655 573 808 633 μάχῃ),
836 572 1039 618 Σίνδουὰλ
1060 589 1105 615 τε
1130 572 1151 614 ὅ
1172 573 1253 614 τῶν
1270 568 1474 627 Ἐρούλων
1486 586 1616 625 στρα-

167 640 313 696 τηγὸς,
350 642 422 686 καί
446 638 569 683 οὕδέν
591 657 632 683 τι
655 639 825 683 ἔλαττον
847 639 946 695 ἔσχε
973 640 1058 681 τῶν
1080 633 1228 678 ἄλλων.
1267 633 1449 683 ἅπαντες
1479 636 1525 676 δὲ
1547 632 1619 675 τὸν

171 707 346 763 Ναρσῆν
369 707 414 748 ἐν
444 705 598 764 ἐπαίνῳ
619 707 833 748 ἐποιοῦντο
856 707 928 746 καί
950 701 1274 757 ἀπεθαύμαζον,
1303 698 1360 752 ὥς
1383 701 1434 757 τῇ
1459 697 1616 742 ἐκείνου

157 769 406 829 Ιπρομηθεῖᾳ
430 771 501 814 ἐπὶ
517 773 624 826 μέγα
653 771 774 826 δόξης
790 770 1061 827 χωρήσαντες.

129 850 175 874 ιο
284 835 323 878 ι’.
379 837 488 892 Νίκη
523 836 601 892 γὰρ
639 834 748 878 οὕτω
787 834 959 891 λαμπρὰ
1003 834 1074 877 καί
1100 830 1310 891 διαφανὴς
1341 829 1413 874 καί
1451 831 1494 879 ἐς
1527 827 1618 871 τόδε

167 901 408 957 ὕπερβολῆς
436 902 700 958 προελθοῦσα
724 897 773 942 οὖ
794 898 949 959 ῥᾳδίως
966 932 978 953 ,
1008 896 1123 954 οἶμαι
1138 934 1150 953 ,
1181 895 1263 941 ἆνά
1288 896 1360 939 τὸν
1381 895 1617 952 ἔμπροσθεν

164 964 322 1023 χρόνον
345 963 470 1025 ἑτέρῳ
500 968 558 1025 τῷ
582 966 828 1022 ξυνηνέχθη.
867 967 907 1008 εἷ
928 967 975 1008 δέ
998 980 1078 1007 που
1104 959 1189 1022 ἄρα
1211 965 1281 1005 καί
1305 965 1437 1018 ἕτεροι
1465 959 1615 1016 πρότε-

170 1047 250 1088 ,ρον
280 1031 550 1088 παραπλήσια
577 1036 663 1080 τοῖς
686 1029 894 1087 Φράγγοις
914 1027 1193 1082 πεπόνθασιν,
1223 1029 1313 1069 ἀλλ’
1336 1024 1476 1082 εὕροις
1497 1040 1541 1079 γε
1564 1019 1644 1066 dvc

178 1095 251 1138 καὶ
280 1096 459 1146 ἐκείνους
485 1093 651 1146 οἷδικιάς
667 1097 779 1138 ἕκατι
803 1096 1130 1152 διαφθαρέντας.
1187 1094 1318 1141 Δάτις
1334 1093 1414 1145 μὲν
1432 1089 1511 1145 γὰρ
1536 1087 1618 1130 πά-

130 1164 247 1206 ιόλαι
276 1161 300 1204 o‘
321 1161 504 1219 Δαρείου
534 1160 751 1218 σατράπης
780 1159 867 1215 ἅμα
899 1161 1183 1217 στρατεύματι
1206 1158 1428 1214 Περσικῷ,
1456 1158 1618 1210 Inapa-

178 1227 343 1269 θωνάδε
363 1223 590 1284 ἀφιγμένος
613 1227 989 1283 καταστρέψασθαι
1008 1223 1084 1281 τὴν
1117 1221 1311 1279 Ἀττικῆν
1329 1215 1428 1280 ᾤετο
1448 1222 1616 1277 χρῆναι,

175 1290 248 1333 καί
273 1291 431 1347 μὲνδὴ
453 1291 525 1334 καί
547 1289 715 1334 ἅπασαν
748 1291 824 1347 τὴν
848 1290 1038 1334 Ἑλλάδα.
1070 1289 1184 1332 αἰτία
1216 1290 1262 1330 δὲ
1288 1282 1339 1343 ἦν
1361 1289 1434 1342 τῆς
1463 1283 1616 1342 ἐφόδου

175 1352 289 1399 ὅσιον
299 1359 379 1411 μὲν
404 1353 525 1399 οὖδὲν
543 1353 642 1400 οῦδὲ
660 1356 832 1399 δίκαιον·
860 1353 924 1398 ὅτι
944 1357 989 1398 δὲ
1002 1356 1178 1410 βασιλέα
1198 1357 1392 1410 Δαρεῖον,
1415 1351 1473 1401 ὥς
1494 1350 1615 1404 ἔοικε,

178 1419 226 1461 τὸ
254 1424 328 1475 τῆς
353 1417 500 1471 Ἀσιάς
521 1424 696 1476 μέγεθος
722 1418 798 1461 min
822 1419 998 1476 ἔχω’ρει,
1026 1417 1132 1461 ἄλλα
1159 1417 1274 1460 δεινοὶ
1300 1419 1473 1459 ἐποιεῖτο
1497 1418 1537 1458 εἰ
1555 1415 1613 1470 μὴ

128 1484 426 1541 ποχειρώσοιτο
444 1487 515 1526 καί
535 1484 611 1540 τὴν
632 1482 847 1540 Εὗρώπην.
877 1482 1011 1526 ταῦτα’
1035 1500 1100 1526 τοι
1128 1483 1200 1524 καί
1219 1481 1405 1538 ἡσσῶντο
1434 1479 1616 1538 ἀνακρά-

181 1566 248 1599 τος
278 1547 359 1590 ὑπὸ
387 1547 630 1591 Μιλτιάδου
667 1548 705 1591 οἱ
728 1551 890 1604 ΙΠῆδοι.
935 1550 1121 1591 τοσοῦτοι
1153 1547 1232 1604 γὰρ
1266 1545 1407 1590 αὐτῶν
1437 1549 1482 1589 ἐν
1512 1548 1616 1604 τῷδε

269 1619 301 1652 3.
328 1615 360 1649 δ’
386 1616 428 1651 ἐν
451 1618 488 1649 R.
566 1618 614 1651 13.
643 1622 723 1653 τοῖς
748 1616 949 1661 Φράγγοις
974 1617 1053 1650 add.
1082 1628 1125 1649 cx
1153 1617 1189 1648 R.
1216 1622 1253 1649 et
1278 1616 1389 1659 Intpr.
1415 1627 1491 1649 non
1516 1615 1616 1649 absi-

263 1664 437 1697 milem—
456 1661 594 1697 cladem
613 1682 659 1687 —
680 1676 787 1708 quam
813 1672 847 1697 et
872 1664 1018 1697 Franci.
1096 1664 1146 1705 14.
1173 1664 1235 1695 καὶ
1248 1673 1314 1695 om.
1331 1663 1368 1696 R.
1444 1662 1493 1697 15.
1510 1661 1617 1706 Vulg.

263 1714 302 1743 et
325 1711 361 1742 R.
386 1710 609 1755 Μαραθῶνα
639 1707 690 1742 δὲ.
811 1711 860 1744 18.
885 1708 996 1742 οὐδὲν
1019 1710 1155 1742 inserui
1186 1720 1228 1741 ex
1254 1710 1305 1748 R„
1328 1708 1420 1752 vulg.
1447 1713 1484 1741 et
1503 1708 1612 1751 Intpr.

263 1767 331 1790 om.
423 1767 478 1789 20.
502 1756 612 1800 Intpr.
638 1753 733 1789 unde
757 1768 824 1802 per·
847 1754 1055 1790 Miltiadem
1084 1755 1225 1790 devicti
1249 1766 1328 1789 cum
1353 1754 1450 1789 Date
1476 1755 1556 1800 ipso
1582 1762 1618 1790 et

260 1802 428 1848 principe
448 1810 482 1835 et
507 1801 682 1836 debellati
706 1811 792 1836 sunt
821 1801 934 1837 Medi.

135 1865 138 1867 ’
172 1863 267 1897 enim
292 1863 355 1896 illa
377 1863 593 1896 Francorum
615 1864 750 1906 pariter
774 1867 810 1896 et
830 1862 1110 1897 ,alemannorum
1136 1862 1255 1904 turba,
1281 1866 1318 1895 et
1343 1868 1524 1911 quotquot
1550 1864 1614 1896 alii

173 1910 305 1942 sociale
333 1918 411 1942 cum
433 1909 520 1954 ipsis
546 1909 681 1942 bellum
698 1915 895 1954 gesserant,
921 1911 1066 1956 penitus
1087 1909 1197 1942 deleti
1224 1914 1328 1951 sunt,·
1363 1910 1429 1943 soli
1461 1921 1544 1943 vero
1570 1922 1615 1943 ex

171 1956 335 1989 Romanis
350 1957 532 2001 octoginta
545 1956 613 1988 viri
626 1956 831 1997 desiderati,
856 1957 918 2001 qui
932 1956 1077 2002 quidem
1093 1956 1247 2000 primum
1264 1955 1424 1989 hostium
1439 1958 1614 2000 impetum
1639 1971 1643 1975 ·

174 2008 398 2047 exceperant.
451 2004 492 2035 ln
514 2001 583 2035 hoc
610 2008 728 2035 autem
752 2004 891 2047 proelio
913 2009 1057 2036 strenue
1080 2014 1153 2035 rem
1178 2009 1375 2046 gesserunt,
1406 2014 1425 2036 e
1446 2003 1614 2035 Romanis

174 2048 375 2094 legionibus
395 2049 470 2081 fere
485 2059 619 2091 omnes3
639 2059 682 2081 ex
696 2049 931 2082 auxiliaribus
947 2060 1029 2083 vero
1044 2048 1206 2081 barbaris
1225 2050 1412 2093 Aligernus
1446 2050 1510 2082 ille
1540 2049 1615 2082 Go-

174 2093 258 2128 thus
281 2095 384 2140 (nam
405 2100 442 2128 et
466 2095 542 2138 ipse
568 2094 750 2128 conflictui
779 2095 960 2141 interfuit)
987 2102 1024 2130 et
1048 2095 1200 2128 sindual
1221 2095 1436 2128 Herulorum
1458 2095 1531 2128 dux
1553 2096 1614 2127 ni-

176 2140 252 2176 hilo
278 2142 357 2175 aliis
376 2141 535 2175 inferior.
586 2142 717 2174 Omnes
737 2153 819 2175 vero
844 2142 1029 2176 Narsetem
1058 2142 1226 2175 laudibus
1256 2142 1482 2175 extollebant
1505 2146 1613 2186 atque

177 2186 464 2228 admirabantur,
490 2193 661 2232 tanquam
686 2188 798 2231 ipsius
819 2189 1011 2232 prudentia
1028 2188 1073 2221 ad
1102 2193 1236 2221 tantam
1263 2187 1411 2232 gloriam
1434 2189 1559 2221 evecti.

274 2245 324 2269 ιο.
362 2234 469 2268 ,ΑιΙεο
493 2235 589 2269 enim
616 2235 792 2268 illustrem
820 2246 860 2267 ac
889 2233 1139 2278 splendidam,
1174 2233 1336 2278 adeoque
1370 2235 1607 2267 excellentem

177 2279 363 2312 victoriam
383 2291 456 2313 non
478 2279 585 2313 facile
610 2280 820 2314 crediderim
852 2280 1033 2325 prioribus
1063 2281 1192 2313 seculis
1221 2280 1387 2325 cuiquam
1427 2281 1611 2326 obtigisse.

179 2325 219 2358 Si
241 2327 304 2370 qui
332 2337 415 2359 vero
448 2327 556 2359 etiam
592 2327 655 2362 alii
681 2326 833 2360 antehac
863 2338 937 2360 non
971 2327 1173 2361 absimilem
1217 2327 1355 2360 cladem
1387 2332 1614 2372 acceperunt,

179 2372 338 2415 reperies
353 2377 390 2404 et
409 2372 490 2405 illos
511 2372 557 2405 ob
574 2373 710 2407 iniusta
727 2373 908 2418 impiaque
923 2372 1082 2417 ipsorum
1099 2373 1194 2406 facta
1208 2374 1368 2418 periisse.
1394 2374 1496 2407 Datis
1518 2373 1613 2406 enim

180 2418 269 2450 olim
293 2418 394 2451 Darii
424 2423 565 2463 satrapa
587 2419 651 2452 ubi
674 2431 752 2453 cum
781 2421 963 2452 Persarum
989 2420 1148 2453 exercitu
1168 2420 1415 2454 Marathonem
1442 2419 1612 2459 venisset,

179 2463 336 2496 Atticam
352 2474 402 2502 se,
417 2465 522 2497 immo
542 2475 624 2499 vero
644 2466 842 2499 universam
851 2466 1047 2506 Graeciam,
1064 2476 1267 2499 eversurum
1287 2467 1463 2511 sperabat.
1498 2466 1613 2498 Causa

180 2521 265 2543 vero
283 2509 523 2554 expeditionis
551 2522 669 2556 neque
698 2523 812 2557 aequa
842 2524 961 2556 neque
986 2514 1080 2546 iusta
1121 2518 1220 2555 erat;
1258 2513 1322 2546 sed
1355 2524 1434 2546 cum
1464 2512 1613 2544 Darium

176 2567 309 2600 τηρῶ,
333 2556 388 2588 uti
418 2554 571 2596 videtur,
598 2559 703 2591 Asiae
725 2559 939 2604 magnitudo
966 2571 1039 2592 non
1072 2564 1239 2603 caperet,
1271 2570 1374 2604 grave
1400 2558 1469 2602 ipsi
1498 2558 1613 2590 mole-

176 2607 345 2647 stumque
367 2607 442 2635 erat
459 2602 529 2635 nisi
553 2605 660 2636 etiam
676 2605 852 2649 Europam
875 2605 1101 2651 subiugaret:
1127 2605 1261 2638 idcirco
1283 2606 1391 2639 etiam
1420 2615 1555 2637 summa
1575 2605 1611 2637 vi

175 2647 309 2682 devicti
342 2653 427 2683 sunt
461 2659 481 2680 a
514 2647 679 2683 Miltiade
720 2650 830 2684 Medi.
890 2652 962 2685 Tot
995 2653 1091 2685 enim
1117 2651 1162 2684 ab
1197 2653 1274 2695 ipso
1300 2651 1339 2684 in
1372 2650 1436 2682 illo
1471 2650 1610 2693 proelio

182 2695 275 2728 caesi
307 2694 470 2734 fuorunt,
507 2699 549 2727 ut
583 2694 840 2738 Athenienses,
866 2709 944 2731 cum
969 2703 1051 2731 ante
1074 2708 1227 2742 pugnam
1251 2696 1318 2742 (ita
1344 2697 1439 2730 enim
1465 2695 1611 2740 fertur)

177 2741 379 2781 comminati
414 2745 547 2782 essent,
576 2752 614 2776 se
639 2741 791 2785 totidem
823 2755 970 2779 numero
1012 2743 1130 2779 hircos
1170 2744 1306 2779 Dianae
1354 2742 1609 2787 saenificaturos

1621 294 1646 326 Ι.
1658 293 1682 326 Ι.
1702 303 1743 338 27
