1794 3112
582 110 961 156 ms‘romARnM
1002 117 1054 157 11.
1080 119 1150 165 29.
1474 114 1495 150 1
1510 112 1582 169 29

139 213 287 270 αὖτοῖς
311 217 336 260 ὅ
362 216 499 272 ἀγών,
527 214 600 258 καὶ
613 215 732 269 μόλις
753 212 1111 271 ἇπαλλάττονται,
1139 214 1363 271 ὄνὴσαντες
1389 217 1468 270 μὲν
1493 214 1686 261 οὖδἈ.Ο.
1711 224 1783 271 554

139 284 374 327 ὁπωστιοῦν
408 278 437 337 ἢ
469 277 708 337 ὄνηθέντες,
735 280 924 337 ἔχθιστοι
953 284 998 325 δὲ
1033 282 1127 324 ἀντὶ
1145 284 1281 339 φίλων
1311 273 1663 337 γεγενημένοι.Ῑ·Ῑ·
1680 274 1728 308 ²3

140 351 188 393 ἐν
222 348 382 398 τούτοις
415 348 462 390 δὲ
497 346 549 389 τὰ
578 348 722 403 πρῶτα
756 346 901 402 λαχών
936 348 959 390 ὅ
993 345 1216 403 Οὐράνιος,
1253 345 1390 404 ὥσπερ
1428 347 1449 390 ὁ
1483 350 1584 404 παρ’

132 412 301 472 Ὁμήρῳ
324 412 548 469 Θερσίτης,
586 412 742 471 ἐκολῴα
773 412 847 455 καί
870 415 1144 470 μακρηγοριόν
1173 414 1248 455 οὐκ
1278 413 1408 455 ἀνίει.
1451 415 1698 464 ›carbonis-49

111 475 263 521 ὅοῦδὲν
292 475 407 536 αὐτῷ
426 481 525 535 περὶ
557 480 663 520 θεοῦ
690 482 872 533 βεβαίως
910 478 1068 531 ἐδόκει,
1115 479 1213 521 οὐδὲ
1250 474 1449 534 ἠπίστατο
1480 476 1591 530 ὅπως

137 541 222 602 χρὴ
255 545 303 587 ἐν
333 543 495 593 τούτοις
531 543 836 601 ἀντιφέρεσθαι
870 542 923 587 τὰ
957 544 1115 586 εἰκότα·
1136 560 1138 562 ’
1157 540 1269 597 ὅμως
1314 546 1390 587 νῦν
1426 547 1505 598 μὲν
1538 547 1592 603 τῇ

137 608 280 668 πρώτῃ
296 613 416 653 θέσει
436 612 521 653 τῶν
539 611 727 653 πεύσεων
750 610 1086 664 ἐναντιούμενος,
1116 612 1192 652 νῦν
1219 611 1267 652 δὲ
1297 609 1395 666 πρὶν
1415 607 1592 666 ἀποκρί-

137 679 289 719 νεσθαι
310 676 556 732 ἅντεροπῶν
575 674 650 726 τὰς
670 675 810 726 αἰτίας
826 676 911 718 τῶν
935 674 1253 732 προβλημάτων,
1285 672 1334 717 οὖ
1362 676 1591 732 ξυνεχώρει

138 740 185 782 ἐν
221 740 360 800 κόσμῳ
397 742 506 784 ἰέναι
540 739 612 784 τὸν
639 739 780 796 λόγον,
822 739 930 784 ἀλλὰ
955 741 1215 798 διετάραττεν
1247 739 1294 782 τὸ
1316 743 1476 797 σαφὲς,
1517 743 1592 783 καί

89 803 215 860 Ιοτῆν
241 803 408 863 εὕρεσιν
431 806 636 861 ἅνεσόβει.
661 802 858 860 ἠβούλετο
884 808 964 860 μὲν
985 806 1063 860 γάρ
1094 804 1170 861 τὴν
1191 805 1410 862 ἐφεκτικὴν
1437 811 1626 851 καλου-Β

137 874 268 928 μένην
294 873 448 927 ζηλοῦν
484 872 730 928 ἐμπειρίαν,
769 872 872 914 κατά
903 889 943 914 τε
975 871 1199 928 Πύρρωνα
1239 871 1311 914 καί
1337 874 1485 923 Σέξτον
1515 871 1592 922 τὰς

138 935 378 992 ἀποκρίσεις
401 940 632 990 ποιεῖσθαι,
661 939 735 979 καί
749 939 863 987 τέλος
883 936 998 991 ἔχειν
1015 935 1090 992 τὴν
1109 933 1340 992 ἀταραξίαν
1369 939 1425 995 τῷ
1456 939 1590 993 μηδὲν

138 1001 281 1044 ὁτιοῦν
306 998 476 1045 ὀἴεσθαι
511 1001 665 1059 ληπτὸν
705 1003 982 1045 καθεστάναι·
1025 1002 1132 1058 πλὴν
1180 1000 1273 1044 ἀλλ’
1315 1003 1414 1046 οὐδὲ
1453 1005 1591 1047 ταῦτα

139 1061 416 1123 ἀποχρώντως
453 1066 718 1123 ἐμεμαθήκει
755 1064 784 1123 ἢ
805 1064 901 1110 ὅσον
939 1067 1242 1121 ἀπομάξασθαι
1278 1068 1496 1124 σποράδην
1521 1071 1597 1111 καὶ

84 1131 359 1187 ἱὸἐλάχιστόν
374 1148 414 1176 τι
436 1136 640 1189 θηρᾶσαι,
664 1133 738 1176 καί
751 1132 849 1184 τούς
868 1130 1062 1187 οὖδαμῶς
1079 1135 1272 1183 παιδείας
1293 1134 1594 1189 μετειληχότας

137 1199 342 1256 ἕξαπατᾷν
375 1199 589 1241 δύνασθαι
616 1198 690 1242 καί
720 1198 933 1255 παράγειν.
971 1195 1032 1241 div
1055 1201 1101 1242 δὲ
1135 1195 1218 1255 ἄρα
1242 1201 1287 1242 ἑν
1318 1199 1454 1254 λόγοις
1479 1199 1593 1252 οἶμα-

136 1263 246 1320 θῆς,
272 1263 380 1307 ἀλλὰ
404 1264 690 1322 ἀμαθέστερός
715 1281 762 1320 γε
781 1266 969 1321 ὑπῆρχεν
995 1264 1069 1308 τὸν
1089 1268 1193 1320 βίον.
1237 1267 1280 1315 ἐς
1306 1265 1385 1322 γὰρ
1425 1265 1476 1308 τὰ
1509 1264 1594 1307 δώ-

137 1346 254 1385 ματα
281 1331 365 1372 τῶν
390 1328 654 1383 εὐδαιμόνων
677 1329 766 1384 ἰών,
794 1333 867 1373 καί
888 1331 1134 1384 σιτούμενος
1157 1331 1345 1387 ἀφειδῶς
1367 1328 1418 1373 τοὶ
1449 1347 1587 1373 ποικι-

141 1394 306 1452 λώτερα
338 1397 421 1438 τῶν
452 1397 698 1450 ἑδωδιζιιων,
737 1395 861 1449 θαμά
895 1412 940 1438 τε
974 1395 1134 1448 ὁμιλῶν
1164 1398 1217 1451 τῇ
1243 1397 1495 1454 θηρικλείῳ,
1525 1394 1600 1437 καί

85 1460 282 1516 ειολόγοις
317 1459 535 1516 χρώμενος
572 1460 655 1503 ὑπὸ
694 1465 832 1517 μέθης
875 1463 1068 1517 αἰσχροῖς
1109 1477 1153 1503 τε
1184 1457 1289 1515 ἄγαν
1327 1461 1400 1503 καὶ
1439 1460 1631 1504 duom-c

138 1541 276 1581 στοις,
317 1526 478 1581 γέλωτα
501 1526 764 1583 αἰφλίσκανεν
788 1531 1005 1581 πλεῖστον,
1051 1526 1109 1577 ὥς
1133 1529 1206 1568 καί
1229 1528 1433 1568 παίεσθαι
1463 1522 1592 1581 τυχὸν

231 1619 265 1664 4,
289 1620 549 1665 μακρηγορῶν
572 1624 609 1653 et
628 1617 730 1653 α’νίει
753 1621 791 1653 R.
806 1646 815 1661 ,
837 1620 1110 1666 μακρηγοροῦν
1136 1624 1172 1653 et
1200 1617 1306 1661 ιῖνήει
1331 1621 1428 1666 vulg.
1558 1632 1591 1666 7.

229 1665 518 1711 ἀποκρίνεσθαι
531 1667 583 1706 R„
609 1665 898 1711 ἀποκρίνασθαι
910 1668 1005 1712 vulg.
1088 1668 1320 1706 ιι.Σέξστον
1345 1668 1382 1700 R.
1437 1678 1488 1702 η.
1509 1672 1592 1704 τοῖς

229 1710 350 1759 μηδὲν
376 1713 415 1745 R.
561 1714 612 1748 13.
638 1706 781 1749 λοιπὸν
805 1715 845 1749 R.
966 1716 1018 1749 16.
1046 1712 1123 1760 ἄρα
1147 1715 1205 1755 R„
1233 1712 1294 1760 ἄρ’
1319 1714 1414 1760 vulg.
1536 1714 1591 1750 18.

230 1757 483 1807 ποικιλότερα
506 1760 546 1793 R.

136 1827 240 1862 nullo
270 1838 351 1862 cum
377 1827 497 1863 fructu
531 1829 617 1864 dato
640 1829 700 1863 vel
725 1832 889 1875 accept03
927 1828 1095 1863 acerrimi
1129 1840 1214 1863 vero
1240 1827 1362 1863 hostes
1385 1838 1429 1862 ex
1460 1828 1585 1863 amicis

137 1875 235 1910 facti.
281 1876 381 1910 Inter
403 1875 469 1910 hos
493 1876 626 1922 primas
645 1877 815 1910 obtinens
843 1877 911 1909 iste
937 1877 1102 1917 Uranius,
1132 1875 1286 1921 perinde
1316 1881 1426 1922 atque
1452 1876 1588 1909 Home-

137 1922 233 1956 ricus
275 1922 340 1956 ille
376 1922 562 1957 Thersites
578 1948 588 1965 ‚
630 1923 924 1957 tumultuabatur
959 1928 996 1956 et
1032 1923 1226 1957 verborum
1257 1923 1397 1955 nullum
1429 1922 1587 1956 faciebat

138 1968 267 2012 finem3
304 1967 402 2002 nihil
422 1980 507 2003 vero
533 1970 644 2004 solidi
672 1970 716 2004 de
742 1970 819 2004 Deo
847 1969 1051 2010 sentiebat,
1075 1981 1196 2015 neque
1221 1970 1372 2010 sciebat,
1401 1969 1584 2014 quomodo

138 2019 323 2059 oporteret
344 2015 552 2061 probabilia
570 2028 776 2062 opponere3
801 2016 1041 2050 nihilominus
1066 2021 1187 2050 tamen
1206 2015 1315 2050 modo
1330 2017 1467 2061 primae
1487 2016 1584 2050 thesi

137 2061 458 2107 interrogationum
491 2064 766 2104 contradicens,
813 2063 920 2098 modo
957 2074 1041 2097 vero
1080 2064 1291 2108 priusquam
1332 2063 1583 2108 responderet,

137 2113 263 2141 eontra
284 2109 507 2156 interrogans
533 2121 657 2144 causas
690 2111 971 2158 quaestionum,
1007 2121 1081 2144 non
1111 2109 1255 2142 sinebat
1281 2108 1583 2154 disceptationem

137 2153 266 2188 ordine
288 2155 505 2200 procedere,
533 2156 598 2191 sed
620 2164 742 2203 aperta
771 2156 1011 2198 confundens,
1037 2156 1222 2189 efficiebat
1244 2161 1286 2188 ut
1310 2157 1363 2190 rei
1391 2157 1582 2202 quaesitae

135 2201 267 2235 veritas
289 2202 442 2236 emicare
461 2203 692 2250 invenirique
715 2215 790 2237 non
810 2209 942 2248 posset.
980 2202 1138 2236 Volebat
1157 2203 1251 2236 enim
1267 2202 1492 2247 ephecticem
1514 2215 1582 2237 vo-

137 2252 250 2280 catam
275 2247 502 2294 disciplinam
526 2250 613 2296 (qua
633 2250 810 2284 iudicium
838 2250 885 2284 de
911 2250 1035 2296 quavis
1060 2260 1097 2282 re
1117 2250 1303 2294 proposita
1332 2249 1583 2295 suspenditur)

135 2294 284 2336 imitari,
304 2300 342 2328 et
363 2296 463 2330 iuxta
479 2296 700 2340 Pyrrhonem
719 2303 757 2331 et
772 2298 920 2331 Sextum
942 2297 1159 2341 Empiricum
1176 2297 1428 2340 responsiones
1442 2297 1579 2340 facere3

135 2341 317 2387 finemque
337 2343 510 2389 consequi
519 2345 735 2377 vacuitatem
751 2343 1035 2389 perturbationis
1054 2344 1093 2375 in
1105 2344 1239 2383 animo,
1264 2343 1504 2376 existimando
1522 2344 1582 2376 ni-

135 2388 266 2420 mirum
291 2386 387 2421 nihil
400 2399 490 2430 esse,
533 2390 607 2423 uod
620 2391 760 2435 percipi
780 2391 1017 2426 intellectuve
1034 2389 1293 2434 comprehendi
1311 2395 1442 2434 posset.
1467 2390 1514 2422 At
1533 2400 1580 2422 ne

133 2432 226 2467 haec
241 2433 388 2479 quidem
406 2435 510 2479 perdi
537 2436 660 2478 icerat‚
679 2438 744 2471 sed
765 2442 906 2470 tantum
923 2436 1140 2482 degustarat,
1160 2442 1197 2470 et
1216 2437 1381 2481 exiguam
1400 2436 1580 2482 quandam

133 2481 378 2525 cognitionem
406 2487 616 2516 consecutus
635 2489 729 2524 erat,
764 2496 835 2529 qua
852 2495 913 2517 eos
941 2484 1005 2529 qui
1021 2482 1115 2516 hanc
1138 2483 1368 2527 disciplinam
1393 2494 1577 2528 nunquam

136 2528 342 2572 attigerant,
382 2527 510 2561 fallere
530 2539 572 2562 ac
597 2529 856 2564 circumvenire
873 2535 1006 2575 posset.
1057 2531 1098 2562 In
1114 2530 1244 2562 litteris
1266 2539 1351 2562 vero
1376 2528 1474 2562 rudis
1497 2540 1578 2561 cum

137 2579 250 2615 esset,
277 2573 316 2606 in
334 2585 401 2606 usu
418 2573 516 2608 vitae
537 2575 653 2608 multo
666 2581 742 2609 erat
758 2576 884 2610 rudior
904 2581 1013 2621 atque
1029 2575 1204 2610 inscitior.
1254 2575 1468 2608 Lautiorum
1480 2576 1578 2608 enim

137 2618 262 2653 domos
275 2620 532 2666 frequentans,
555 2621 738 2668 variisque
756 2622 848 2657 cibis
865 2634 904 2656 se
927 2623 1171 2668 ingurgitans,
1197 2627 1235 2655 et
1257 2621 1489 2655 Thericleum
1512 2633 1579 2666 po-

136 2665 257 2699 culum
292 2666 345 2699 fre
401 2671 503 2700 enter
541 2667 597 2701 ori
628 2667 840 2710 admovens,
885 2669 1080 2715 verbisque
1110 2674 1218 2702 utens
1248 2678 1335 2711 prae
1364 2669 1579 2702 temulentia

135 2711 240 2747 valde
259 2713 358 2757 turpi
387 2724 428 2747 us
449 2718 559 2760 atque
584 2713 788 2757 obscoenis,
804 2714 965 2749 ludibrio
989 2715 1135 2749 habitus
1155 2719 1210 2748 est
1234 2715 1403 2756 maximo,
1428 2714 1518 2748 adeo
1537 2720 1578 2748 ut

215 2774 406 2820 Agathias.
1332 2791 1355 2822 9
