1794 3112
594 129 967 172 ms'romAle
1010 133 1082 172 111.
1111 134 1176 174 11.
1506 111 1575 165 16
1589 130 1606 163 1

182 228 276 274 ὅποι
299 223 724 286 αὖτοΐςέκβῆσεταιῆ
745 230 1012 286 ἐπιχείρησις,
1041 229 1230 280 ἀτάκτως
1244 228 1472 286 ἠπείγοντο.
1489 242 1665 285 προσ-Α.
1679 241 1714 274 C.
1732 242 1794 285 554

184 294 234 339 ὁν
259 297 340 350 μὲν
373 297 494 338 τοῦτο
529 294 603 337 καί
632 290 768 345 ἄλλως
794 302 882 345 τοῖς
913 297 1132 352 πλήθεσιν,
1170 294 1352 352 ἥδεσθαι
1381 297 1439 353 τῷ
1469 310 1615 337 νεωτε-
1628 289 1754 325 1⁰1·2⁸

181 362 318 418 ρισμῷ
332 358 404 402 καὶ
424 365 517 408 ταῖς
528 364 781 414 μεταβολαῖς
805 364 887 403 τών
909 362 1187 417 πραγμάτων,
1217 356 1332 403 οὗτοι
1354 362 1399 402 δὲ
1416 359 1490 402 καί
1506 363 1616 413 μᾶλ-

147 482 150 484 Ὗ
173 431 256 470 nov
275 426 565 482 ἢρεθισμένοι,
606 426 655 467 οὖ
676 423 802 479 μόνον
824 423 891 470 οἷα
920 426 971 482 δὴ
1003 425 1234 483 βάρβαροι,
1274 427 1365 468 ἀλλ’
1387 422 1453 467 ὅτι
1474 425 1547 481 τήν
1567 440 1611 467 τε
1626 435 1657 467 D

153 493 321 540 5αἰτίαν
350 485 522 545 εὔλογον
559 488 666 533 εἶναι
707 489 905 547 ἡγοῦντο,
951 495 1024 534 καί
1053 491 1152 541 τούς
1185 492 1333 546 λόγους
1363 492 1407 532 ἐν
1438 492 1616 548 μεγίστῳ

178 554 370 609 θαύματι
387 557 623 609 ἐποιοῦντο,
655 554 679 598 ὃ
704 556 754 613 δὴ
781 557 854 599 καί
870 561 1029 611 μᾶλλον
1056 556 1207 606 αὐτοὺς
1239 553 1416 598 ἀνεκίνει
1445 555 1517 597 καί
1534 558 1620 597 διε-

178 620 311 675 σόβει.
340 618 448 662 οὕτω
474 623 519 663 δὲ
543 622 684 664 αὐτῶν
705 625 1041 679 ταραττομένων,
1070 619 1175 678 ἀνήρ
1198 638 1260 670 τις
1279 620 1504 677 Φαρτάζης
1526 616 1619 664 ὅνο-

171 701 262 740 μα,
299 682 359 728 ὢν
382 689 462 739 μὲν
483 689 528 729 ἐν
554 694 642 736 τοῖς
665 687 845 740 μα’λιστα
879 686 993 744 παρὰ
1023 687 1232 742 Κόλχοις,
1270 685 1446 742 ἔμφρων
1473 688 1519 728 δὲ
1547 688 1621 728 καί

179 750 398 806 δημοτικὸς
417 751 534 805 μάλα
560 752 658 802 τούς
680 752 884 809 τρόπους,
911 755 1087 807 ἐπέσχεν
1106 749 1263 802 αὖτούς
1288 754 1361 808 τῆς
1385 750 1518 807 ὁρμῆς
1546 750 1621 792 καὶ

120 812 406 870 ἰοᾶνέκοψεν,
451 815 664 868 ἱκετεύσας
690 817 748 874 ptr)
786 818 988 875 πρότερον
1016 820 1088 860 ἐπὶ
1121 816 1196 873 τὴν
1223 820 1373 874 πρᾶξιν
1409 818 1617 872 χωρῆσαι,
1631 830 1671 866 V.
1690 833 1730 866 6ι

183 881 284 937 πρίν
310 898 351 923 τι
379 881 452 924 καί
472 883 606 924 αὐτοῦ
628 885 818 938 λέγοντος
841 882 1121 925 διακούσαιεν.
1156 881 1278 936 μόλις
1306 885 1352 926 δὲ
1375 882 1517 924 αὐτῶν
1545 897 1618 923 πε-

172 949 413 999 πεισμένων
434 949 485 1004 τῇ
503 947 607 1004 πρὸς
626 947 700 991 τὸν
725 943 858 1004 ἄνδρα
880 951 1015 1002 αἰδοῖ,
1044 948 1117 991 καί
1144 948 1250 991 κατὰ
1268 948 1414 1005 χώραν
1436 963 1618 1002 μεμενηε-

172 1009 332 1071 ζκότων,
359 1011 581 1068 παρελθών
605 1012 679 1055 καί
702 1012 831 1063 αὐτὸς
858 1016 901 1062 ἐς
919 1015 1061 1067 μέσον,
1091 1013 1224 1065 ἔλεξεν
1245 1014 1399 1056 τοιάδε·
1435 1013 1722 1067 ,,ΕἰκόταΡ.85

178 1079 280 1131 μὲν,
317 1070 353 1120 αἶ
382 1073 530 1134 ἄνδρες
550 1077 738 1133 Κόλχοι,
777 1077 1032 1131 πεπόνθατε,
1073 1078 1202 1132 λόγων
1227 1078 1426 1134 δεινότητι
1450 1077 1620 1134 σφόδρα

130 1145 526 1197 ιόκεκομψευμένων
539 1142 615 1193 τοὶς
630 1142 796 1198 γνώμας
814 1145 1157 1200 ἐκταραχθέντες.
1186 1142 1514 1197 δυσμαχώτατον
1539 1141 1617 1198 γάρ

175 1223 216 1250 τι
241 1206 288 1250 τὸ
322 1209 470 1263 χρῆμα
506 1208 579 1250 καί
603 1205 691 1252 οἷον
720 1206 904 1258 ἅπαντας
936 1208 1190 1263 ἀνθρώπους
1224 1208 1460 1264 ἐκπλήττειν
1471 1241 1484 1261 ,
1538 1208 1619 1261 οὐχ

175 1270 326 1329 ἥκιστα
353 1275 400 1315 δὲ
419 1272 513 1323 τούς
545 1269 660 1316 οῧπω
687 1272 886 1330 πρότερον
913 1276 958 1323 ἐς
979 1279 1127 1330 πεῖραν
1152 1269 1292 1316 αὗτῶν
1316 1273 1620 1321 καταστάντας·

178 1337 230 1379 οὗ
248 1336 332 1393 μὴν
354 1338 615 1382 παντάπασιν
633 1339 989 1393 ἀνανταγώνιστον
1022 1338 1210 1394 σώφρονι
1230 1341 1424 1396 λογισμῷ,
1452 1337 1524 1380 καί
1543 1340 1618 1393 τῆς

179 1405 227 1445 ἐκ
257 1405 342 1446 τῶν
367 1403 620 1460 πραγμάτων
652 1404 826 1460 κρίσεως
859 1406 1053 1462 ἐχομένῳ.
1107 1402 1166 1458 μή
1198 1406 1335 1445 τοίνυν
1358 1402 1618 1459 ἀρεσκόντων

125 1466 289 1522 αοῦμᾶς
310 1466 362 1510 τὰ
391 1470 599 1525 εἰρημένα,
629 1471 917 1524 λογιζομένους
938 1469 997 1518 ὦς
1020 1470 1077 1526 τῷ
1095 1467 1238 1526 ἀθρόῳ
1258 1468 1371 1526 μόνῳ
1394 1468 1468 1510 καί
1487 1465 1618 1511 ἀσυν-

178 1532 275 1588 ήθει
303 1533 593 1588 πεπίστευται,
633 1536 723 1577 ἀλλ’
753 1532 803 1576 οὗ
828 1537 886 1591 τῷ
914 1537 1113 1590 πρέποντι
1139 1534 1213 1575 καί
1241 1534 1452 1590 ὠφελίμῳ.
1495 1533 1619 1587 γινώ-

176 1613 295 1640 σκετε
316 1600 363 1641 δὲ
380 1601 565 1653 μᾶλλον,
594 1600 653 1649 αἶς
672 1602 712 1642 εἰ
731 1600 804 1642 καί
819 1600 912 1642 λίαν
938 1600 1040 1652 ὑμῖν
1060 1601 1341 1655 κεχαρισμένα
1372 1600 1495 1651 δοκεῖ,
1525 1599 1650 1640 ἀλλ’Β

273 1681 301 1704 ι.
316 1668 389 1712 ὅπη
414 1672 452 1703 R.
515 1673 548 1705 6.
564 1670 727 1716 διε-σόβει
743 1674 795 1713 R„
815 1670 986 1715 ἀνεσόβει
999 1670 1092 1715 vulg.
1147 1684 1178 1716 7.
1205 1670 1397 1716 Φαρτιέξης
1418 1671 1454 1702 Β.
1472 1671 1511 1702 in
1535 1682 1617 1715 mg„

266 1716 584 1760 Intpr.Pharazes,
636 1730 684 1752 12.
713 1716 806 1751 κατὰ
823 1715 951 1763 χώρας
975 1717 1216 1762 (ἔμενηκότων
1231 1719 1268 1750 Β.
1319 1728 1371 1750 20.
1388 1715 1545 1757 συνήθει
1564 1718 1616 1756 R„

265 1763 678 1853 εΙέιιιῐιςέιιᾷηοοη.ςιιιτῑιιάι”ιιιε.
729 1777 782 1799 21.
802 1762 882 1797 ἀλλ’
893 1764 939 1798 οὐ
954 1764 1001 1808 τῷ
1016 1765 1204 1808 πρέποντι
1220 1764 1283 1797 καὶ
1302 1762 1478 1808 ὠφελίμῳ
1494 1775 1562 1796 om.
1577 1764 1613 1795 R.

174 1869 274 1909 sentq
303 1866 368 1900 sed
391 1865 487 1900 nihil
504 1869 608 1913 plane
628 1880 772 1911 eorum,
800 1879 891 1915 quae
919 1873 1090 1904 eventura
1114 1869 1254 1908 essent,
1280 1878 1360 1901 cum
1387 1865 1516 1900 animis
1541 1867 1614 1901 suis

172 1912 461 1958 perpendentes,
486 1926 605 1960 neque
629 1927 737 1960 quem
761 1919 898 1950 exitum
922 1918 1082 1960 ipsorum
1109 1919 1259 1948 conatus
1285 1919 1379 1947 essct
1402 1913 1614 1956 habiturus3

174 1958 348 1992 familiare
371 1960 535 2006 alioquin
558 1961 627 1995 hoc
653 1968 708 1995 est
730 1964 953 2008 insitumque
978 1962 1207 1995 multitudini
1230 1961 1379 2000 vitium,
1407 1966 1448 1993 ut
1471 1961 1612 1994 novita-
1631 1976 1635 1980 ⁴

174 2004 206 2036 ti
234 2005 377 2038 studeat
409 2012 447 2040 et
475 2009 736 2041 mutationibus
772 2020 892 2042 rerum
918 2008 1130 2042 delectetur.
1179 2007 1226 2039 Hi
1257 2017 1340 2039 vero
1366 2007 1474 2038 etiam
1498 2007 1613 2039 acrius

175 2049 307 2084 irritati
337 2049 579 2099 concitatique
613 2060 736 2095 erant,
773 2067 845 2088 non
882 2047 1018 2095 soluin,
1040 2059 1082 2087 ut
1106 2053 1267 2093 barbari,
1292 2051 1355 2085 sed
1375 2053 1487 2087 etiam
1513 2053 1611 2097 quod

173 2105 325 2142 aequam
348 2109 488 2132 causam
512 2111 588 2134 esse
615 2101 828 2142 censebant,
861 2107 899 2135 et
921 2101 1054 2134 Aeetae
1081 2101 1280 2134 orationem
1305 2109 1529 2143 summopere
1555 2110 1613 2132 es-

173 2147 254 2175 sent
285 2143 476 2190 admirati3
511 2147 610 2193 quod
635 2147 782 2192 quidem
807 2148 916 2181 etiam
940 2147 1189 2180 vehementius
1217 2147 1313 2190 ipsos
1338 2146 1531 2178 commovit
1555 2151 1611 2179 at-

174 2198 245 2232 que
277 2190 445 2225 turbavit.
493 2193 548 2226 Ita
579 2204 664 2228 vero
688 2195 775 2237 ipsis
799 2192 1127 2233 tumultuantibus,
1161 2193 1216 2226 vir
1247 2191 1396 2237 quidem
1419 2192 1610 2225 Phartazes

173 2234 341 2277 nomine,
370 2240 585 2284 praecipuae
621 2240 808 2272 cuiusdam
839 2241 935 2273 inter
970 2238 1122 2273 Colchos
1156 2238 1408 2278 auctoritatis,
1448 2238 1608 2282 prudens

172 2281 282 2313 etiam
307 2292 348 2315 ac
370 2284 573 2319 moderatus
598 2291 635 2319 et
661 2286 765 2319 valde
788 2287 992 2331 popularis,
1017 2285 1238 2329 compescuit
1262 2295 1386 2316 eorum
1411 2284 1606 2329 impetum,

171 2325 407 2374 ardoremque
422 2332 630 2372 restrinxit,
653 2337 818 2376 precatus
842 2344 889 2365 ne
913 2332 983 2366 hoc
1010 2332 1196 2375 negotium
1222 2330 1512 2374 aggrederentur,
1541 2343 1606 2363 an·-

169 2376 339 2418 teaquam
363 2376 473 2409 etiam
495 2389 532 2411 se
560 2378 702 2424 aliquid
725 2378 907 2412 dicentem
931 2378 1125 2411 audissent.
1153 2377 1266 2420 Aegre
1290 2381 1411 2408 autem
1436 2377 1524 2420 ipsis
1548 2389 1606 2410 re—

170 2420 333 2453 verentia
365 2421 465 2456 illius
500 2424 570 2458 viri
598 2425 797 2468 persuasis,
833 2435 972 2469 suoque
1005 2424 1084 2455 loco
1119 2421 1374 2462 manentibus,
1402 2434 1608 2467 progressus

170 2465 281 2497 etiam
299 2466 376 2509 ipse
401 2469 440 2501 in
467 2470 646 2511 medium,
671 2472 710 2504 iu
730 2471 826 2504 hunc
846 2471 992 2504 modum
1018 2468 1127 2502 verba
1150 2469 1247 2502 fecit.
1285 2467 1411 2505 „Nihil
1435 2470 1519 2501 novi
1542 2481 1607 2502 vo—

168 2509 227 2564 bis
260 2512 414 2554 accidit,
445 2526 466 2548 0
491 2515 636 2556 Colchi,
666 2517 763 2563 quod
795 2518 830 2549 vi
865 2517 1055 2550 verborum
1085 2515 1188 2548 valde
1213 2515 1457 2558 speciosorum
1479 2516 1610 2548 animis

169 2557 248 2589 sitis
283 2560 518 2603 perturbatis.
573 2562 706 2596 Invicta
739 2564 837 2597 enim
870 2575 925 2596 res
960 2567 1016 2596 est
1037 2561 1269 2605 eloquentia,
1303 2571 1467 2605 quaeque
1486 2573 1610 2595 omnes

169 2602 337 2639 homines
361 2609 546 2650 percellit,
581 2612 771 2653 praecipue
795 2619 879 2643 vero
905 2620 979 2650 eos,
1007 2609 1071 2653 qui
1094 2618 1280 2651 nunquam
1305 2612 1408 2639 antea
1437 2607 1514 2640 eius
1541 2619 1611 2652 pe-

170 2653 325 2688 riculum
346 2654 529 2698 fecerunt;
554 2666 628 2688 non
657 2655 706 2688 ita
724 2661 854 2694 tamen,
885 2657 975 2700 quin
999 2656 1031 2688 ei
1050 2653 1170 2686 resisti
1194 2653 1309 2698 possit
1328 2652 1499 2696 prudenti
1525 2664 1612 2687 con-

170 2699 390 2735 sideratione
415 2713 582 2748 quaeque
622 2712 666 2734 ex
691 2712 809 2736 rerum
833 2701 973 2735 delectu
996 2699 1162 2745 pendeat.
1222 2697 1276 2731 Ne
1302 2698 1412 2742 igitur
1433 2710 1524 2744 quae
1551 2700 1612 2733 di-

247 2763 433 2810 Agathias.
1309 2773 1321 2794 ι
1333 2773 1344 2794 ι
