1722 3146
395 636 1127 701 PRAEFATIO.

41 994 250 1078 Agathiae
271 1030 527 1074 historiarum,
559 1043 634 1067 non
663 1043 813 1078 magnae
843 1033 951 1067 molis
976 1032 1085 1075 libri,
1110 1044 1208 1068 nunc
1238 1032 1380 1068 demum
1402 1045 1488 1081 pro-

42 1101 121 1136 dite
148 1100 373 1142 editionem,
410 1102 611 1135 Bonnensis
652 1100 907 1136 historicorum
939 1103 1220 1147 Byzantinorum
1261 1103 1488 1138 collectionis

37 1169 280 1216 principium,
303 1181 410 1204 nemo
440 1181 578 1215 aequus
605 1169 867 1215 reprehendet,
906 1170 1100 1205 dummodo
1133 1171 1350 1220 compererit
1378 1183 1487 1218 quam

38 1237 172 1273 arduae
203 1238 311 1272 nobis
335 1236 406 1271 hoc
427 1249 518 1283 opus
541 1237 835 1284 aggredientibus
866 1238 1079 1274 obstiterint
1108 1239 1351 1274 difficultates.
1398 1239 1487 1274 Ete-

37 1309 115 1341 nim
139 1307 180 1342 in
198 1306 348 1353 oppido,
378 1318 424 1341 ex
445 1308 546 1341 cuius
572 1307 686 1353 prelis
715 1307 983 1353 typographicis
1012 1319 1201 1354 nunquam
1228 1313 1333 1342 antea
1355 1308 1487 1342 exisset

39 1375 149 1420 paulo
168 1375 334 1420 grandior
355 1374 451 1409 liber
471 1387 629 1421 graecus,
654 1387 773 1421 neque
808 1382 976 1422 typorum
1002 1377 1258 1422 compositores
1276 1378 1316 1411 in
1341 1377 1410 1411 hoc
1422 1388 1485 1422 ge·-

38 1454 126 1477 nere
144 1444 234 1476 satis
246 1444 434 1477 exercitati
457 1443 619 1486 aderant,
642 1455 763 1490 neque
783 1449 999 1478 correctores
1010 1444 1252 1489 sphalmatum
1275 1457 1344 1478 usu
1371 1444 1483 1486 docti,

37 1513 125 1558 qui,
158 1510 370 1545 moderante
405 1511 597 1557 Schopeno
614 1539 625 1554 ,
661 1524 881 1558 manumque
919 1514 1081 1546 ultimam
1117 1515 1217 1558 operi
1257 1513 1485 1556 admovente,

37 1580 124 1613 satis
151 1584 314 1613 accurate
343 1580 578 1625 gnaviterque
609 1581 648 1613 in
670 1580 741 1614 hoc
767 1581 892 1615 labore
911 1587 1151 1617 versarentur.
1202 1583 1329 1627 Itaque
1351 1582 1486 1616 tardis—

38 1648 128 1682 sime
145 1647 323 1693 progressi
344 1657 475 1680 sumus.
521 1647 586 1680 Est
604 1653 728 1680 tamen
750 1660 822 1693 quo
843 1661 909 1680 nos
927 1651 1104 1681 solemur:
1128 1660 1212 1681 nam
1243 1651 1384 1694 ingenti
1411 1655 1486 1684 tae-

38 1716 100 1750 dio
120 1727 161 1749 ac
179 1715 305 1750 labore
327 1715 397 1749 hoc
418 1721 514 1750 certe
537 1716 752 1760 perfecimus
784 1721 827 1749 ut
861 1716 1003 1749 nullum
1022 1716 1130 1762 paulo
1148 1718 1286 1761 gravius
1319 1718 1484 1752 relictum

37 1788 86 1820 sit
113 1785 283 1819 mendum
305 1786 345 1818 in
366 1787 511 1830 graecis,
537 1790 647 1831 atque
667 1786 707 1818 in
723 1783 871 1818 scholiis
893 1784 1052 1818 criticis:
1078 1795 1161 1817 nam
1177 1785 1222 1818 de
1243 1788 1408 1820 versione
1428 1788 1482 1820 la-

37 1856 127 1896 tina,
147 1866 255 1900 quam
276 1853 435 1887 abiicere
455 1854 673 1895 maluissem,
693 1865 759 1899 ego
783 1858 879 1887 certe
895 1865 1023 1899 parum
1043 1854 1099 1887 fui
1118 1855 1305 1889 sollicitus.
1331 1856 1483 1902 Reliqua

37 1925 101 1957 illa
121 1935 232 1969 quum
253 1922 476 1969 Schopenus,
498 1923 544 1956 ab
570 1924 652 1957 aliis
681 1923 738 1957 bis
762 1929 940 1966 correcta,
967 1922 1210 1965 emendasset,
1235 1925 1313 1969 ipse
1347 1930 1482 1970 quanta

37 1992 143 2038 potui
163 2003 248 2025 cura
271 2003 337 2036 per
358 1992 516 2037 singulas
528 1992 666 2026 litteras
687 1994 887 2037 recognovi.
936 1993 1012 2026 Iam
1035 2003 1118 2029 vero
1140 1993 1181 2026 in
1203 1998 1390 2037 posterum
1410 1994 1479 2028 hae

37 2072 228 2095 aerumnae
247 2066 311 2094 aut
334 2067 524 2106 superatae
546 2067 631 2095 sunt
652 2067 715 2095 aut
736 2067 832 2096 certe
851 2061 954 2095 valde
978 2062 1209 2106 imminutae3
1233 2063 1382 2098 invento
1401 2064 1479 2100 viro

38 2130 180 2166 erudito
206 2135 243 2164 et
271 2130 424 2175 impigro
444 2130 506 2175 qui
533 2130 750 2164 correctioni
775 2124 1001 2176 plagularum
1027 2134 1145 2163 totum
1167 2140 1245 2164 sese
1275 2130 1396 2177 dabit3
1430 2133 1480 2165 ita

39 2198 208 2245 quidem,
227 2203 269 2232 ut
292 2197 484 2243 Sehopeno
508 2197 603 2232 nihil
628 2199 781 2244 amplius
806 2198 1005 2234 curandum
1035 2203 1219 2234 remaneat
1245 2210 1352 2246 quam
1379 2200 1478 2247 quod

39 2267 118 2301 aliis
139 2267 327 2302 laboribus
350 2266 490 2300 obsitus
507 2268 655 2313 exsequi
680 2269 806 2311 possit.

128 2335 316 2381 Agathiam
337 2336 517 2370 edendum
540 2337 586 2370 ab
613 2337 720 2370 initio
738 2336 830 2371 mihi
853 2338 924 2383 ipsi
951 2348 1189 2383 sumpseram:
1221 2349 1292 2384 quo
1314 2343 1476 2382 tempore

38 2405 84 2438 de
106 2404 354 2440 huiuscemodi
373 2405 664 2448 difficultatibus,
687 2407 813 2453 quales
827 2406 961 2441 deinde
985 2413 1155 2453 expertus
1177 2419 1269 2449 sum,
1286 2419 1359 2441 non
1380 2406 1476 2451 cogi·

38 2473 177 2517 tabam;
201 2485 241 2508 ae
260 2476 379 2517 simul,
400 2477 536 2510 maiore
553 2476 716 2510 nondum
736 2477 890 2510 excitata
915 2488 1000 2522 spe,
1026 2476 1067 2511 id
1085 2477 1203 2511 solum
1220 2475 1311 2510 mihi
1341 2485 1475 2520 propo-

37 2542 167 2576 nebam
179 2569 189 2585 ‚
206 2548 248 2577 ut
262 2544 402 2590 vulgata
423 2545 536 2580 editio
561 2551 739 2592 quatenus
757 2547 962 2581 coniectura
983 2552 1094 2594 atque
1110 2547 1258 2592 ingenio
1283 2546 1361 2578 sine
1369 2543 1475 2577 libris

36 2611 161 2659 perfici
184 2618 308 2658 posset
331 2614 601 2660 emendaretur-3
640 2617 765 2651 eiectis
785 2616 951 2662 plurimis
967 2641 977 2657 ,
1022 2617 1086 2663 qui
1115 2616 1310 2652 Parisiuam
1335 2611 1472 2648 editio-

37 2690 119 2714 nem
142 2680 302 2724 swdant,
322 2683 515 2726 erroribus,
538 2685 810 2731 temerariisque
829 2685 1096 2725 novationibus.
1143 2685 1313 2730 Legeram
1327 2682 1472 2723 librum,
