1794 3112
553 127 926 172 HISTORIARUM
968 131 1017 170 11.
1046 130 1086 174 6.
1324 186 1326 188 v
1478 121 1544 177 77

119 230 248 293 ἀγρίῳ
273 248 319 275 τε
344 230 418 274 καί
441 222 700 287 γεγηρακὰτι,
738 232 935 287 προσάγει
962 231 1019 287 τῷ
1041 221 1180 286 πύργῳ
1196 260 1209 281 ,
1248 223 1294 269 ὃν
1316 223 1365 281 δὴ
1393 222 1462 266 ἐπὶ
1481 222 1597 278 τῆςΑ.
1617 229 1654 263 C.
1676 230 1742 264 553

118 299 303 356 γεφύρας
327 297 365 339 οἱ
393 296 576 352 Φράγγοι
603 297 829 351 ἐτύγχανον
857 295 1184 351 ἐξειργασμένοι,
1220 288 1323 350 ᾗπέρ
1345 307 1418 344 μοι
1438 279 1688 345 ei'gnJ-l·1·²7

118 376 194 405 ται
218 362 428 419 πρότερον.
456 361 529 403 καί
547 357 623 404 οὖν
641 363 828 404 ἐνταῦθα
850 361 1139 417 προσπελάσας
1159 358 1234 414 τὴν
1251 355 1432 410 ἅμαξαν,
1469 356 1553 411 πῦρ

118 426 313 483 ἐμβάλλει
345 428 403 485 τῷ
431 426 588 486 χόρτῳ,
623 426 816 482 μεγίστης
851 428 896 469 δὲ
924 424 1077 483 φλογὸς
1108 423 1299 479 ἐξαπίνης
1335 422 1545 478 ἀρθείσης,

96 493 276 552 5ῥᾳδιῖος
308 489 451 535 ἅπασα
484 493 510 548 ἦ
541 492 682 549 τύρσις
706 492 1001 548 ἐνεπίμπρατο,
1050 487 1122 532 ἅτε
1138 487 1186 544 δὴ
1229 489 1362 540 ξύλοις
1387 491 1560 530 ἐσκευα-

120 561 265 614 σμένη.
292 557 332 601 οἱ
362 560 408 609 δὲ
433 553 582 614 ἄνδρες
602 561 686 600 τῶν
707 559 935 613 βαρβάρων
967 555 1105 600 ὁπόσοι
1138 557 1208 615 ἐπὶ
1230 555 1396 612 φρουρᾷ
1419 552 1568 605 «ἔχεταῖ-Δ

118 639 247 679 χατο,
274 621 415 678 ἐπειδὴ
438 623 676 677 ἀμύνεσθαι
696 620 772 665 ούκ
794 623 1019 679 ἠδύναντο,
1065 617 1156 662 ἀλλ’
1175 616 1254 676 ἤδη
1282 635 1359 660 που
1385 617 1456 660 καί
1477 611 1557 659 αὖ-

119 690 186 732 τοὶ
209 693 516 747 πυρπολεῖσθαι
541 684 740 745 ἤμελλον,
779 689 963 744 ἔγνωσαν
985 690 1180 740 μεθεῖναι
1207 685 1255 728 τὸ
1282 683 1451 741 χωρίον,
1487 686 1558 726 καί
1573 690 1599 722 Β

124 752 167 797 οἶ
190 757 270 808 μὲν
295 755 416 808 μόλις
447 756 616 797 ἐνθένδε
638 753 913 804 διεκπεσόντες
957 751 1029 795 ἐπὶ
1061 750 1109 794 τὸ
1133 752 1253 807 σφῶν
1285 747 1559 806 στρατόπεδον

74 820 467 877 Ιῠκαταφεύγουσιν·
517 820 555 862 οἱ
582 822 628 862 δὲ
671 820 879 873 εΡωμαῖοι
915 820 987 874 τῆς
1021 819 1206 874 γεφύρας
1235 817 1442 871 ἐγκρατεῖς
1474 816 1562 867 ε’γε-

121 887 298 941 γένηντο.
328 918 333 923 .
368 886 534 928 Τούτων
566 886 612 927 δὲ
642 882 752 927 οὕτω
780 886 1135 938 ξυνενεχθέντων,
1176 881 1326 923 αὐτίκα
1355 878 1392 921 οἱ
1419 880 1561 935 Φραγ-

121 966 187 1005 γοι
201 951 409 1007 ταραχῆς,
444 949 502 1000 ὥς
528 950 573 993 τὸ
608 950 714 1001 εἰκὸς
724 977 748 1004 ,·
775 952 1097 1003 ἐνεπιζιιπλαντο,
1137 947 1210 990 καί
1236 947 1340 1004 πρὸς
1374 944 1424 988 τὰ
1456 942 1562 987 ὅπλα

122 1017 322 1073 ἐχώρουν.
361 1014 640 1074 σφαδάζοντες
665 1018 721 1075 τῷ
749 1017 974 1073 θυμῷὶκαί
999 1016 1245 1066 λυττῶντες,
1297 1014 1484 1067 κατέχειν
1516 1026 1562 1053 τε

122 1083 180 1125 ἓν·
202 1078 362 1132 ἑαυτοῖς
395 1081 446 1124 τὰ
485 1082 732 1139 φρονήματα
765 1082 839 1124 οὔκ
869 1080 1095 1137 ἠδύναντο,
1145 1077 1251 1122 ἀλλὰ
1279 1078 1492 1135 τολμητίαι
1516 1093 1563 1133 γε

74 1141 228 1203 ιὸἧσαν
253 1148 358 1204 πέρα
378 1149 454 1190 τοῦ
473 1147 641 1205 μετρίου
664 1147 737 1190 καί
754 1147 1006 1204 θαρραλέοι,
1035 1146 1092 1196 ὥς
1116 1147 1261 1201 μηκέτι
1283 1142 1452 1201 ἦρεμεῖν
1468 1145 1571 1205 ἑθὲῂ
1581 1153 1621 1188 V.
1650 1155 1688 1189 3ι

122 1214 209 1254 λειν
218 1211 323 1268 μὴδε
343 1215 591 1267 διαμέλλειν,
615 1210 704 1255 ἀλλ’
724 1212 966 1269 αὐθημερὸν
981 1210 1332 1268 παρατάττεσθαι·
1346 1213 1419 1252 καί
1432 1211 1565 1253 ταῦτα

122 1280 419 1334 προειρημένον
448 1275 587 1328 αύτοῖς
611 1278 693 1320 ὑπὸ
719 1280 802 1321 ταῖν
840 1279 1133 1332 Ἀλαμανικῶν
1159 1278 1371 1330 μάντεων,
1398 1275 1456 1332 μὴ
1481 1278 1566 1319 δεῖν

123 1344 280 1399 ἐκείνης
294 1346 366 1398 τῆς
386 1343 545 1400 ἡμέρας
568 1342 868 1398 διαμάχεσθαι,
897 1339 924 1399 ἢ
937 1341 1174 1398 γιγνώσκειν
1196 1342 1254 1392 ὥς
1276 1338 1409 1398 ἄρδην
1433 1339 1567 1384 ἅπαν-

122 1424 190 1458 τες
217 1405 474 1450 ἀπολοῦνται.
524 1405 639 1462 οἶμαι
663 1411 741 1462 μὲν
767 1404 841 1451 οὖν
862 1410 902 1450 εἰ
924 1407 997 1450 καὶ
1019 1410 1068 1465 τῇ
1094 1407 1295 1466 ὑστεραίᾳ
1323 1403 1350 1463 ἢ
1374 1406 1447 1449 καί
1466 1410 1565 1448 καθ’

72 1470 270 1530 αοὲτέραν
295 1474 322 1529 ἧ
349 1474 530 1529 ξυμβολὴ
556 1475 750 1529 ἐγεγόνει,
790 1474 956 1524 πάντως
992 1470 1043 1516 ἂν
1076 1475 1198 1516 τοῦτο
1235 1475 1365 1516 ἐκεῖνο
1393 1472 1603 1520 §nsaw-c

125 1541 282 1592 θεσαν,
310 1535 407 1595 ὅπερ
436 1538 509 1580 καί
525 1541 570 1582 ἐν
594 1541 650 1597 τῷ
665 1538 754 1582 τότε
774 1536 919 1595 ἀπέβη.
948 1539 995 1581 οὗ
1024 1538 1101 1595 γὰρ
1134 1540 1185 1594 δή
1210 1555 1290 1580 που
1311 1540 1337 1594 ἦ
1363 1539 1435 1593 τῆς
1459 1538 1563 1593 ἦμέ-

126 1621 205 1661 ρας
226 1603 426 1660 έναλλαγη
457 1605 693 1661 ἀπέχρησεν
719 1602 769 1647 ἂν
792 1606 935 1655 αὐτοῖς
959 1607 1002 1655 ἐς
1024 1604 1070 1646 τὸ
1089 1604 1148 1660 μὴ
1174 1601 1273 1658 ούχί
1297 1603 1442 1653 ποινὰς
1460 1604 1564 1645 ἀπο-

221 1684 249 1707 1.
275 1672 374 1705 Suid.
401 1683 426 1706 s.
461 1683 490 1705 v.
518 1675 773 1719 σεσαγμένην;
808 1673 1047 1719 παρεισάγει.
1135 1672 1170 1716 4.
1195 1674 1369 1715 ἐξαπίνης
1399 1674 1451 1712 Β.,
1483 1671 1564 1710 ἰξα-

216 1721 378 1756 πιναίως
394 1718 490 1764 vulg.
575 1732 625 1754 10.
647 1720 839 1765 ἐγκρατεῖς
863 1720 942 1754 add.
971 1732 1014 1754 ex
1029 1721 1066 1752 R.
1081 1745 1090 1760 ‚
1117 1721 1227 1765 Intpr.
1244 1720 1400 1755 Romani
1418 1720 1562 1754 evesti-

215 1766 278 1812 gio
291 1774 400 1811 ponte
419 1767 633 1811 potiuntur3
655 1767 756 1800 addit
779 1769 888 1813 igitur
907 1764 1034 1804 εὐθύς.
1060 1766 1160 1800 Vulc.
1181 1768 1271 1800 coni.
1293 1766 1432 1811 κύριοι.
1510 1777 1559 1799 12.

214 1813 492 1858 ἐνεπίμπλαντο
522 1815 573 1854 R„
597 1813 883 1860 ἀνεπίμπλαντο
903 1816 995 1860 vulg.
1074 1815 1123 1848 16.
1151 1812 1367 1859 διαμέλλειν
1398 1814 1456 1853 R„
1478 1809 1560 1844 δια-

214 1859 344 1905 μέλειν
365 1859 455 1904 vulg.
540 1872 595 1895 20.
621 1859 760 1897 πάντες
778 1863 816 1894 R.
924 1873 978 1894 22.
1004 1859 1056 1906 μή
1074 1859 1162 1904 οὐχὶ
1182 1862 1218 1892 R.
1232 1885 1242 1901 ‚
1264 1861 1317 1905 μῆ
1331 1857 1379 1892 οὔ
1399 1859 1491 1904 vulg.

124 1927 192 1961 bus
211 1927 378 1972 plaustris
395 1939 507 1960 unum
530 1928 644 1962 multo
672 1929 781 1962 rurali
799 1928 972 1975 aridoque
998 1929 1107 1962 foeno
1132 1933 1299 1962 onustum
1321 1929 1411 1962 turri
1435 1927 1559 1961 admo-

125 1979 208 2014 vet,
230 1984 335 2019 quam
356 1973 482 2007 Franci
504 1975 542 2007 in
557 1980 669 2019 ponte
686 1981 953 2018 exstruxerant,
989 1977 1089 2009 cuius
1106 1988 1212 2021 supra
1235 1974 1458 2009 mentionem
1477 1976 1558 2008 feci.

125 2019 202 2054 Hoc
220 2021 342 2065 itaque
357 2021 515 2064 plaustro
536 2021 586 2054 ita
612 2021 657 2054 ad
681 2024 808 2055 turrim
823 2023 981 2065 admoto,
1009 2024 1129 2068 ignem
1145 2024 1252 2057 foeno
1275 2023 1447 2056 immittit.
1497 2023 1560 2055 In-

126 2067 224 2111 genti
241 2077 323 2100 vero
339 2066 476 2100 flamma
499 2073 647 2112 repente
667 2069 828 2111 sublata,
853 2070 959 2104 facile
985 2071 1150 2103 universa
1166 2071 1273 2103 turris
1294 2075 1420 2114 utpote
1442 2069 1560 2114 lignea

127 2113 360 2158 conflagravit.
410 2114 503 2147 Tum
530 2114 672 2149 barbari
694 2122 875 2162 quotquot
898 2117 936 2149 in
964 2118 1040 2150 eius
1061 2117 1239 2160 praesidio
1263 2122 1363 2150 erant
1383 2116 1560 2156 collocati,

127 2170 207 2192 cum
233 2170 309 2193 eam
332 2161 425 2194 tueri
449 2173 523 2195 non
556 2168 724 2206 possent,
759 2164 902 2209 ipsique
925 2163 1096 2197 incendio
1128 2164 1193 2197 illo
1216 2163 1369 2209 perituri
1389 2163 1559 2196 videren-

127 2211 205 2246 tur,
231 2207 418 2240 stationem
435 2208 666 2243 deserendam
684 2216 924 2253 censuerunt3
945 2221 986 2243 ac
1006 2209 1203 2244 difficulter
1220 2210 1366 2256 quidem
1387 2209 1473 2243 inde
1493 2209 1559 2242 de-

125 2253 238 2297 lapsi,
260 2252 306 2286 ad
326 2256 519 2288 exercitum
540 2257 699 2300 ipsorum
721 2257 977 2302 confugerunt3
1005 2258 1153 2290 Romani
1171 2268 1254 2291 vero
1277 2263 1389 2302 ponte
1407 2257 1558 2301 potiun-
1580 2282 1593 2291 ς

127 2304 195 2332 tur.
221 2299 284 2332 His
300 2300 350 2333 ita
361 2303 512 2345 peractis
528 2303 653 2336 Franci
679 2305 798 2337 statim
813 2305 981 2344 tumultu,
999 2305 1055 2336 uti
1080 2315 1144 2349 par
1165 2310 1251 2344 erat,
1271 2305 1372 2349 pleni
1398 2303 1442 2336 ad
1463 2314 1561 2336 arma

127 2345 337 2387 convolant,
367 2347 558 2382 frementes
583 2351 635 2383 ira
657 2356 694 2383 et
715 2350 852 2390 rabidi,
889 2357 926 2384 et
950 2362 1084 2383 summa
1105 2352 1214 2384 animi
1236 2351 1450 2395 impotentia
1479 2362 1559 2383 cor-

127 2393 242 2436 repti,
266 2393 430 2439 ultraque
447 2395 591 2430 modum
616 2396 764 2430 audaces
785 2403 821 2430 et
841 2397 1080 2442 praefidentes
1099 2410 1173 2431 non
1188 2398 1283 2431 ultra
1303 2397 1561 2442 quiescendum

127 2438 199 2472 sibi
213 2440 429 2482 censebant,
452 2453 570 2487 neque
585 2443 840 2484 cunctandum,
864 2444 927 2478 sed
948 2455 989 2478 eo
1011 2445 1091 2489 ipso
1115 2445 1174 2478 die
1196 2444 1375 2489 proelium
1396 2444 1560 2476 commit-

127 2485 294 2529 tendum3
319 2489 540 2532 quantumvis
561 2489 783 2524 Alemannici
801 2495 897 2524 vates
913 2491 1177 2536 praedixissent
1198 2493 1262 2525 illo
1289 2491 1348 2524 die
1366 2489 1562 2534 confligen—

129 2531 213 2566 dum
235 2545 308 2566 non
339 2545 439 2575 esse,
477 2541 538 2569 aut
565 2537 697 2570 scirent
723 2548 760 2570 se
781 2537 826 2571 ad
851 2549 961 2570 unum
992 2550 1114 2572 omnes
1138 2540 1327 2583 perituros.
1375 2539 1446 2582 Ego
1476 2546 1561 2568 vero

128 2579 180 2612 ita
201 2581 385 2622 existimo,
411 2582 517 2615 etiam
536 2583 566 2615 si
587 2583 762 2628 postridie
785 2589 849 2617 aut
867 2585 938 2618 alio
959 2585 1003 2618 ab
1030 2584 1100 2618 hoc
1114 2585 1173 2619 die
1190 2586 1367 2630 proelium
1393 2585 1562 2617 commis-

129 2635 208 2658 sum
228 2626 375 2667 fuisset,
403 2629 556 2662 eundem
583 2630 708 2674 plane,
740 2631 802 2675 qui
826 2636 912 2664 tunc
936 2631 1029 2672 fuit,
1068 2638 1234 2666 eventum
1260 2634 1420 2667 futurum
1437 2636 1559 2669 suisse-

130 2670 257 2717 Neque
278 2676 372 2707 enim
394 2676 500 2708 unius
522 2675 595 2721 diei
616 2677 815 2710 immutatio
834 2677 903 2711 hoc
925 2680 1110 2718 effecisset,
1133 2691 1203 2724 quo
1222 2681 1342 2714 'minus
1366 2682 1560 2726 impietatis

133 2728 216 2752 auae
237 2729 370 2764 poenas
394 2721 547 2761 luerent.
600 2722 763 2757 Ceterum
794 2724 867 2759 sive
889 2723 958 2760 hoc
976 2726 1028 2760 ita
1056 2727 1233 2768 evenerit,
1268 2727 1343 2763 sive
1361 2729 1468 2763 etiam
1485 2729 1560 2764 for-
