1832 3152
328 126 437 179 256
904 140 1180 183 AGATfflAE

136 255 223 288 A,c.
243 256 310 290 556
434 241 504 294 κγ’.
548 236 654 281 Ἷέὃε
679 239 755 293 γὰρ
777 240 858 280 τῶν
891 241 933 279 ἐν
969 243 1135 296 Λαζικῇ
1169 241 1417 296 πραγμάτων
1446 241 1642 295 ἐχόντων,
1669 245 1740 287 καὶ

181 302 206 334 Ῑ·
224 302 308 336 ¹·30
321 303 554 349 Ἰουστίνου
587 306 657 345 έπί
680 305 783 344 πᾶσι
809 308 1040 358 στρατηγοῦ
1067 306 1363 358 καταστάντος,
1392 301 1484 346 οὔτε
1512 304 1548 346 οἱ
1570 308 1737 360 Πέρσαι

324 371 381 418 ὦς
400 369 739 422 α’·ναμαχούμενοι
765 367 1136 423 παρεσκευάζοντο,
1178 369 1251 410 καί
1273 371 1413 422 μέντοι
1445 368 1541 412 οὐδὲ
1565 370 1603 412 οἱ
1626 371 1738 412 ‘Poo-

325 439 444 486 μαῖοι
473 431 672 488 ἐπῄεσαν·
712 429 817 472 ἀλλὰ
848 433 1116 487 προφυλακάς
1154 434 1229 485 μὲν
1257 430 1483 489 ἀμφότεροι
1509 423 1736 486 ἐποιοῦντο,

283 501 396 541 1)καί
430 496 480 538 τά
519 497 705 552 ἀλλήλων
726 495 1006 550 »βουλεύματα
1039 497 1081 543 ἐς
1111 493 1207 538 ὅσον
1245 498 1340 550 ἐνῆν
1376 498 1635 541 ἀπεσκόπουν
1666 498 1762 542 nais

331 561 664 604 διεπυνθάνοντο·
689 559 828 614 μάχης
851 561 897 600 δὲ
921 557 1016 601 οὐδὲ
1040 560 1230 615 ὁπότεροι
1259 555 1454 615 ἤρχοντο,
1481 559 1572 605 ἄλλ’
1597 563 1736 616 ἔμενον

318 627 469 681 ἡσυχῇ·
489 625 742 678 αὐτομάτως,
757 621 892 680 ὥσπερ
909 624 1048 676 ἀμέλει
1067 626 1189 665 τοῦτο
1205 626 1434 677 ξυνδοκοῢν,
1456 627 1735 682 διωρισμένον.

322 690 513 745 λὀσρόης
538 692 583 731 δὲ
608 689 630 730 ὅ
650 691 830 745 Περσῶν
851 688 1068 742 βασιλεῦς,
1098 687 1238 743 ἐπειδη
1266 691 1468 730 ἐπέπυστο
1492 689 1542 731 τὰ
1569 690 1733 748 πρὸςτῷ

321 755 480 796 Φάσιδι
503 753 782 808 ξυμβεβηκότα
795 787 807 806 ,
835 756 906 794 καί
931 750 992 794 ὅτι
1021 752 1156 808 φυγάς
1177 756 1222 795 ἐκ
1248 755 1318 808 τῆς
1334 754 1473 809 μάχης
1495 752 1517 796 ὅ
1537 760 1734 811 Ναχορα-

318 818 396 874 φάν
415 817 603 873 ἐγεγόνει,
634 818 783 860 αὖτίκα
804 821 847 869 ἐξ
863 815 1045 873 Ἰβηρίας
1069 818 1197 860 αὐτὸν
1213 818 1599 872 μετακαλεσάμενος,
1627 816 1788 872 ὦμό-ιο

319 901 423 924 τατα
457 885 638 937 μετῆλθε
675 881 777 924 κατὰ
804 881 875 924 τὸν
913 880 1083 937 πάτριον
1115 882 1251 934 νόμον.
1291 882 1341 923 οὕ
1377 882 1455 938 γάρ
1487 880 1734 937 ἀποχρῶσαν

320 942 416 1002 ᾤετο
443 943 549 988 εἶναι
583 945 728 1001 ποινὴν
752 949 825 1001 τῆς
851 946 1078 1001 ἀνανδρίας
1105 945 1151 987 τὸ
1180 943 1285 988 οὕτω
1309 949 1409 1000 γοῦν
1436 945 1567 989 αὐτὸν
1596 947 1734 998 ἅπλῶς

320 1013 569 1063 ἀποκτεῖναι,
597 1011 688 1051 ἀλλ’
717 1013 762 1052 ἐκ
799 1012 875 1051 τοῦ
905 1011 1082 1063 αὐχένος
1104 1008 1150 1051 τὸ
1181 1011 1313 1064 δέρμα
1343 1010 1596 1066 ὃιαχαράξας
1633 1007 1734 1054 ‹2⁷15-

196 1085 309 1124 P.133
323 1078 453 1131 δειρεν
478 1072 590 1117 ἅπαν
621 1076 749 1130 μέχρι
782 1081 870 1116 τοῖν
901 1076 1065 1127 ποδοῖν,
1105 1074 1176 1116 καί
1213 1076 1404 1130 ἀφείλετο
1446 1078 1530 1118 τῶν
1569 1078 1733 1132 σαρκῶν
1786 1124 1789 1127 ,

319 1138 423 1196 πρὸς
444 1138 496 1181 τά
517 1138 634 1181 ἔνδον
653 1140 996 1194 ἀνεστραμμένον,
1025 1136 1082 1187 ὥς
1103 1141 1173 1180 καί
1185 1138 1283 1188 τούς
1306 1139 1459 1188 τύπους
1477 1140 1783 1196 ταῖνμορίωνιό

317 1207 360 1254 ἒς
379 1199 610 1257 τοῦμπαλιν
641 1200 974 1259 ἀποφαίνεσθαι,
1012 1202 1084 1244 καί
1101 1203 1215 1258 δίκην
1241 1200 1372 1245 ἆσκοῦ
1392 1204 1526 1259 ἤρε’μα
1557 1206 1734 1257 ἐμπνευ-

317 1271 419 1311 σθὲν
445 1266 550 1322 ὑπὲρ
581 1266 774 1316 σκὸλοπός
796 1282 903 1315 τινος
927 1268 1198 1322 ἀνηρτῆσθαι,
1228 1267 1386 1322 οἰκτρόν
1411 1284 1454 1308 τι
1493 1269 1633 1320 θέαμα
1663 1267 1736 1310 καὶ

314 1332 603 1389 μιαρώτατον,’
617 1333 690 1373 καί
707 1332 869 1388 πρώτῳ,
904 1328 1037 1383 οἶμαι,
1057 1331 1237 1387 Σαπαὶρῃ
1257 1332 1396 1388 ἐκεινῳ
1423 1334 1482 1389 τῷ
1505 1335 1640 1390 πολλῷ
1659 1332 1733 1386 έμ-

316 1399 496 1452 προσθεν
514 1394 704 1450 Χοσρόου
728 1397 908 1450 Περσῶν
927 1393 1234 1447 βεβασιλευκότι
1254 1396 1562 1450 τετολμημένον.
1582 1395 1638 1449 Υτοὶ
1655 1399 1734 1450 μὲν

317 1460 395 1516 γάρ
415 1459 486 1501 ἐπὶ
504 1458 695 1516 Μαρσύᾳ
723 1457 1009 1514 θρυλλούμενα
1030 1460 1088 1514 τῷ
1106 1459 1264 1513 Φρυγὶ,
1303 1456 1360 1506 ὥς
1380 1456 1468 1513 ἐρίς
1489 1458 1601 1516 αὐτῷ
1629 1460 1784 1516 πρὸςαο

315 1523 555 1568 Ἀπόλλωνα
591 1524 761 1578 ξυνέστη
788 1523 893 1578 ὑπὲρ
924 1523 1007 1564 τῶν
1042 1522 1179 1563 αὐλῶν
1200 1523 1273 1563 καί
1295 1521 1368 1578 τῆς
1395 1522 1614 1578 αὐλητικῆς
1641 1526 1731 1567 ἐπι-

413 1636 441 1658 1.
465 1622 541 1658 τῶν
554 1633 623 1657 om.
647 1623 684 1656 R.
834 1623 865 1656 3.
891 1620 1216 1666 παρασκευάζοντα
1241 1623 1278 1654 R.
1445 1623 1496 1656 15.
1517 1621 1732 1671 ἀναστραμ-

411 1671 530 1715 μένον
542 1671 582 1703 R.
726 1668 775 1701 16.
791 1666 895 1712 α’ποᾳ
904 1670 1079 1701 (τίνεσθαι
1098 1669 1150 1708 Β.,
1170 1667 1457 1714 ὑποφαίνεσθαι
1467 1669 1558 1712 vulg.
1684 1682 1695 1704 ι
1725 1695 1734 1702 .

412 1715 507 1759 ὑπὲρ
528 1716 565 1747 Β.
606 1717 643 1746 et
683 1715 791 1757 Intpr.
817 1724 940 1757 super,
971 1710 1048 1745 ὑπὸ
1075 1714 1166 1756 vulg.
1311 1715 1360 1747 18.
1389 1712 1543 1760 Σαβώρῃ
1577 1717 1630 1756 Β.,
1651 1717 1730 1748 Σα-

409 1760 499 1806 βόρῃ
529 1760 636 1803 vulg„
681 1761 860 1793 Savorum
881 1760 991 1804 Intpr.
1015 1758 1061 1792 At
1081 1759 1174 1792 infra
1197 1761 1236 1793 R.
1259 1764 1352 1793 recte
1380 1759 1568 1805 Σαπιάρην
1593 1761 1730 1796 scribit.

413 1818 467 1841 πο.
484 1805 676 1850 ΕΙαρσύαν
695 1806 733 1838 R.

411 1900 470 1935 23.
517 1897 607 1931 Cum
633 1897 727 1931 enim
759 1908 813 1930 res
844 1897 881 1930 in
905 1895 1030 1930 Lazica
1058 1897 1201 1940 regione
1228 1897 1278 1929 ita
1302 1907 1339 1930 se
1370 1895 1564 1937 haherent,
1598 1899 1635 1929 et
1667 1896 1729 1929 Iu-

320 1944 434 1978 stinus
459 1945 532 1978 iam
557 1943 721 1976 omnibus
745 1944 785 1976 in
806 1942 1025 1986 praefectum
1061 1947 1153 1975 esset
1189 1942 1402 1975 constitutus
1418 1967 1428 1984 ,
1457 1953 1575 1987 neque
1607 1942 1730 1975 Persae

319 1997 492 2035 tanquam
515 1989 651 2022 bellum
682 1988 912 2021 instauraturi
939 1998 1015 2021 sese
1038 1992 1263 2032 appararent,
1287 1999 1404 2032 neque
1429 1987 1580 2020 Romani
1605 1987 1643 2020 in
1668 1998 1728 2030 eos

319 2041 526 2076 moverent,
554 2033 616 2067 sed
640 2035 819 2079 utrimque
845 2033 1035 2077 diligenter
1067 2032 1305 2073 excubarent,
1337 2038 1532 2077 mutuaque
1568 2033 1730 2074 consilia,

320 2086 494 2126 quantum
508 2081 585 2113 fieri
599 2084 750 2124 poterat,
764 2079 991 2113 observarent
1009 2084 1115 2123 atque
1136 2079 1372 2122 explorarent3
1394 2079 1486 2112 nulli
1509 2077 1635 2112 horum
1651 2078 1730 2111 bel·-

317 2126 418 2159 landi
442 2127 588 2159 initium
613 2125 802 2166 faciebant,
823 2123 885 2157 sed
909 2126 1023 2169 quieti
1039 2124 1243 2165 manebant,
1266 2123 1414 2169 perinde
1442 2135 1482 2157 ac
1501 2125 1530 2156 si
1551 2125 1728 2160 communi

319 2173 498 2205 sententia
513 2174 563 2204 ita
587 2171 766 2204 decretum
792 2175 894 2204 essct.
925 2169 1097 2203 Chosroes
1116 2179 1211 2210 vero,
1234 2171 1416 2210 Persarum
1425 2181 1498 2209 rex,
1515 2169 1727 2215 simulatque

319 2218 495 2262 cognovit,
515 2227 606 2262 quae
626 2217 720 2260 apud
735 2215 920 2250 Phasidem
936 2215 1158 2255 accidissent,
1173 2215 1576 2262 quodqueNachoragan
1588 2214 1726 2260 fugiens

318 2263 457 2306 proelio
481 2263 709 2302 excessisset,
747 2261 934 2296 confestim
958 2272 1039 2294 eum
1071 2272 1113 2294 ex
1143 2260 1260 2295 Iberia
1291 2267 1494 2294 revocatum
1524 2259 1727 2294 crudelissi-

316 2319 376 2341 mo
410 2309 587 2352 supplicio
614 2308 713 2340 iuxta
747 2307 898 2352 patriam
935 2306 1047 2350 legem
1081 2306 1208 2340 affecit.
1255 2306 1380 2352 Neque
1411 2306 1506 2340 enim
1529 2306 1614 2339 satis
1649 2303 1726 2339 esse

317 2353 480 2398 putabat,
503 2354 534 2386 si
551 2354 650 2385 illius
669 2354 840 2397 ignaviam
854 2352 1007 2396 simplici
1030 2353 1152 2385 mortis
1170 2363 1296 2396 genere
1318 2353 1475 2398 puniret,
1498 2351 1561 2385 sed
1585 2361 1606 2383 a
1627 2362 1728 2384 sum-

317 2410 375 2432 ma
399 2400 533 2432 cervice
559 2404 674 2431 cutem
699 2399 733 2431 ei
758 2398 803 2431 ad
826 2399 915 2431 imos
939 2397 1047 2441 pedes
1076 2397 1276 2439 detrahens,
1309 2409 1330 2430 a
1364 2398 1527 2432 carnibus
1564 2397 1693 2431 avulsit
1715 2421 1726 2435 ‚

318 2446 508 2478 introrsum
535 2444 707 2477 inversam
721 2468 730 2484 ,
769 2445 820 2477 ita
844 2449 884 2476 ut
907 2444 1015 2476 etiam
1042 2444 1172 2476 formae
1197 2443 1434 2477 membrorum
1456 2445 1615 2476 inversae
1637 2453 1724 2475 con—

319 2492 560 2534 spicerentur,
597 2495 704 2534 atque
735 2490 785 2522 ita
814 2490 926 2522 instar
948 2489 1036 2522 utris
1071 2491 1201 2522 sensim
1225 2490 1394 2531 inflatam,
1420 2500 1439 2523 e
1465 2487 1608 2532 scopulo
1632 2499 1723 2533 quo-

319 2536 399 2568 dam
423 2534 592 2579 suspendi
614 2535 739 2577 iussit3
771 2535 972 2568 miserabile
1008 2534 1186 2579 quoddam
1219 2540 1255 2568 et
1286 2535 1430 2568 foedum
1463 2533 1724 2578 spectaculum,

319 2583 419 2614 cuius
444 2583 588 2625 primus,
612 2582 668 2614 uti
691 2580 853 2621 arbitror,
869 2582 1016 2624 Sapores
1041 2581 1115 2620 ille,
1143 2581 1205 2626 qui
1225 2581 1335 2614 multo
1348 2585 1429 2613 ante
1440 2578 1620 2614 Chosroen
1631 2583 1723 2611 tem—

317 2637 404 2670 pore
428 2626 522 2670 apud
553 2627 670 2660 Persas
693 2627 862 2671 regnavit,
886 2627 1025 2659 infamis
1043 2631 1165 2659 auctor
1187 2626 1266 2660 fuit.
1314 2625 1416 2670 Quae
1440 2625 1535 2658 enim
1559 2623 1604 2657 de
1626 2624 1722 2656 Mar-

314 2683 374 2715 sya
401 2671 532 2718 Phryge
558 2678 641 2707 sunt
663 2673 793 2707 litteris
817 2672 968 2719 prodita,
994 2671 1090 2718 quod
1116 2671 1297 2716 contentio
1323 2672 1358 2706 ei
1381 2670 1619 2706 intercesserit
1643 2680 1722 2703 cum
