1832 3152
585 128 961 175 ms‘romAmm
998 133 1066 172 lv.
1094 133 1133 176 8.
1457 112 1563 166 223

131 235 253 290 τήνδε
273 235 494 291 τήν-δόξαν
515 233 586 276 καί
604 234 724 289 ἡμεῖς
745 229 920 290 ἆρίστην
937 231 1151 288 ἡγούμεθα
1169 234 1242 274 καί
1263 229 1617 288 ’άληθεστάτηνωι
1639 237 1678 278 C.
1691 243 1761 279 555

131 303 203 342 καί
225 301 318 342 οἵαν
342 301 414 355 τῆς
431 301 507 342 τοῦ
522 298 763 355 πράγματος
788 296 954 354 φύσεως
980 296 1250 351 ἐστοχάσθαι.
1283 299 1446 351 οὐκοῦν,
1465 295 1562 339 ἓκα-
1574 291 1599 323 Ῑ·
1613 290 1638 322 Ῑ·
1656 301 1703 336 29

132 366 278 421 τέρους
309 363 443 414 οὕτως
475 361 673 421 άρέσκον,
704 367 807 420 φέρε
837 365 1032 416 πολέμιον
1054 360 1334 416 ἀποδείξωμεν
1359 362 1431 405 τὸν
1458 364 1499 404 Γ
1496 370 1604 404 οτι-Β

131 428 263 486 βάζην
285 432 341 488 τῷ
372 431 534 472 δοθέντι
550 426 765 485 χρώμενοι
792 428 1008 486 τεκμηρίῳ.
1047 426 1199 469 τούτου
1233 427 1310 485 γὰρ
1334 426 1462 485 ταύτῃ
1493 426 1566 469 καὶ

103 493 183 552 5δὴ
208 497 501 550 δεικνυμένου,
539 495 611 538 ’καί
641 495 687 537 τὸ
713 495 882 544 δικαίως
907 491 1036 536 αὐτὸν
1061 490 1297 551 ἀνῃρῆσθαι
1321 506 1564 550 συναναφα-

126 566 272 604 νεῖται.
313 559 421 604 ἅπαν
443 563 522 615 μὲν
545 558 620 603 οὖν
643 558 710 602 ἀεὶ
728 562 943 616 βάρβαρον
963 562 1109 616 φῦλον,
1138 561 1177 601 εἰ
1204 559 1277 601 καί
1301 557 1503 614 κατήκοον
1532 554 1561 616 ᾖ

127 635 216 676 τοῖς
253 627 509 681 “Ρωμαιὀις,
554 626 660 669 ἀλλὰ
690 628 747 683 τῷ
770 629 843 681 τῆς
875 625 1036 680 γνώμης
1060 625 1368 683 ἄλλοτριωτάτῳ
1400 627 1562 680 διεστη-

126 691 199 744 κὸς
228 695 301 735 καί
328 696 379 751 τῇ
413 693 528 743 τάξει
553 693 636 734 τῶν
661 691 800 745 νόμων
830 690 1075 745 ἀχθόμενον,
1105 690 1175 733 ἐπὶ
1200 688 1244 732 τὸ
1269 688 1564 746 νεωτεροποιὸν

126 759 200 801 καί
224 761 467 814 ταραχῶδες
505 761 712 814 φέρεσθαι
754 759 948 813 πέφυκεν·
1003 758 1076 798 καί
1109 753 1259 812 ἥδιστα
1293 757 1372 809 μὲν
1406 753 1459 798 ἂν
1491 759 1562 812 ἐφ’

77 822 282 866 ιοὲαυτοῦ
302 826 423 878 βιοῦν
458 824 667 878 διατελοίη
695 825 899 878 μηδαμῶς
927 823 1001 879 ὑφ’
1029 820 1186 878 ἑτέροις
1207 819 1477 875 ταττόμενον,
1505 822 1563 871 ὥς

123 891 232 945 μηδὲ
251 890 334 931 τῶν
361 886 630 944 ἀδικημάτων
655 885 840 936 εὖθύνας
859 888 1044 941 ὑπέχειν.
1083 889 1124 930 εἰ
1153 889 1199 930 δὲ
1229 889 1351 929 τοῦτο
1380 886 1440 942 μὴ
1473 883 1560 930 οἷόν

125 971 194 1008 τε,
222 952 268 996 τὸ
297 957 396 1009 γοῦν
418 953 469 995 τὰ
494 953 711 1007 ὁμοδίαιτα
734 956 818 995 τῶν
843 955 978 995 ἐθνῶν
1003 956 1076 995 καί
1099 955 1259 1007 μᾶλλον
1286 958 1370 1002 τοῖς
1396 953 1558 1002 οἰκείοις

121 1019 402 1079 πλησιάζοντα
435 1019 603 1074 τρόποις
641 1019 870 1073 ἐπάγεσθαι
915 1014 1126 1074 προῦργου
1173 1021 1406 1061 ποιοῦνται.
1452 1017 1559 1073 πλην

122 1082 215 1127 ἄλλ’
236 1086 276 1127 εἰ
303 1083 376 1126 καί
395 1082 558 1134 τούτοις
581 1081 766 1138 ἆτεχνῶς
794 1082 814 1124 ὃ
838 1086 880 1126 Γ
877 1085 1058 1139 ουβάζης
1086 1082 1244 1139 ὑπῆκτο
1274 1090 1358 1134 τοῖς
1387 1084 1590 1139 πάθεσι,(]

75 1151 186 1208 [5τῷ
205 1148 415 1207 βάρβαρός
438 1166 484 1192 τε
510 1152 742 1206 πεφυκέναι
757 1185 770 1203 ,
809 1148 880 1191 καί
898 1147 972 1204 τήν
993 1149 1130 1205 κοινὴν
1157 1153 1230 1191 τοῦ
1253 1152 1398 1204 γένους
1427 1157 1560 1193 νοσεῖν

122 1216 344 1269 ἀπιστίαν,
383 1216 405 1258 ὃ
425 1218 471 1258 δὲ
493 1215 567 1257 καί
589 1213 695 1271 πρὸς
717 1217 834 1257 τὀὗτο
861 1214 1007 1264 κακίας
1027 1213 1180 1270 ἐχώρει
1200 1217 1297 1257 καθ’
1318 1215 1437 1270 ἡμῶν
1448 1250 1461 1270 ,
1501 1215 1560 1267 ὥς

120 1283 268 1338 μηκέτι
311 1281 606 1324 διαλανθάνειν
640 1279 808 1323 οἴεσθαι
838 1282 949 1334 δεῖν,
998 1281 1234 1323 τούναντίον
1264 1284 1343 1335 μὲν
1374 1277 1450 1324 οὖν
1489 1282 1563 1325 καὶ

121 1345 224 1403 πρὸς
245 1346 363 1403 ἔργον
382 1341 496 1400 ἄγειν
517 1347 755 1400 ἐπείγεσθαι
774 1343 851 1401 τὴν
863 1353 1201 1401 προσπεπηγυῖαν
1221 1349 1323 1396 τέως
1339 1348 1395 1406 τῷ
1410 1350 1466 1405 νῷ
1489 1350 1562 1390 καί

121 1413 490 1469 ὖποκρυπτομένην
533 1413 791 1463 δυσμένειαν.
847 1413 965 1467 ἡμῶν
1005 1410 1085 1468 γὰρ
1124 1414 1461 1466 διαπονουμένων
1488 1415 1561 1456 καί

67 1476 258 1519 ποπάντα
280 1476 469 1519 κίνδυνον
491 1475 729 1530 μετιόντων,
755 1476 813 1525 ὥς
844 1474 895 1518 ἂν
921 1482 1008 1526 τοῖς
1030 1477 1240 1530 πολεμίοις
1261 1481 1392 1533 μηδὲν
1416 1477 1558 1521 ὅτιοῦν

123 1543 206 1584 τῶν
231 1539 337 1584 κατὰ
367 1539 534 1597 γνώμην
565 1542 735 1597 ἐκβαίη,
780 1538 908 1592 αὐτὸς
943 1541 1046 1584 οἴκοι
1070 1544 1209 1596 μένειν
1235 1536 1334 1600 ᾤετο
1362 1545 1448 1586 δεῖν
1479 1542 1558 1586 σὺν

121 1613 208 1657 τοῖς
228 1605 481 1664 ὅμοφύλοις,
510 1606 582 1648 καί
602 1609 739 1665 πολλῷ
755 1609 829 1649 τοῦ
851 1611 1030 1662 μοχθεῖν
1053 1604 1298 1664 ἀφεστάναι.
1337 1607 1442 1664 πλὴν
1466 1605 1556 1650 ἀλλ’

121 1671 310 1730 ἐπετήρει
337 1670 415 1715 σὺν
443 1669 631 1730 ἆκριβειξι
663 1672 736 1714 καί
757 1669 1058 1715 ἀνεπυνθάνετο
1090 1672 1164 1723 τὰς
1193 1676 1276 1715 τῶν
1300 1670 1469 1728 ιῖγώνων
1494 1689 1557 1715 κι-

212 1763 244 1786 2.
271 1748 462 1795 ἑκατέροις
484 1752 519 1783 Β.
619 1763 670 1786 ιο.
696 1751 830 1785 ἑαυτοῦ
858 1753 909 1792 R„
931 1751 1047 1797 ἑαυτῷ
1071 1753 1165 1798 vulg.
1245 1765 1296 1788 ιι.
1322 1754 1397 1788 τῶν
1421 1754 1486 1786 ins.
1513 1764 1558 1786 ex

212 1799 250 1832 R.
329 1797 378 1842 ¹4·
403 1799 512 1831 τοῦτο
539 1799 578 1835 Β.
644 1800 700 1834 23.
730 1798 1013 1834 ἀνεπυνθάνετο
1039 1801 1075 1832 R.
1091 1824 1101 1840 ,
1135 1800 1371 1834 ἐπυνθάνετο
1397 1801 1490 1846 vulg.

119 1887 231 1931 ipsius
255 1891 420 1920 naturam
457 1886 616 1932 attingat.
686 1887 775 1922 Cum
807 1888 930 1934 itaque
963 1889 1126 1934 utrisque
1157 1894 1320 1923 nostrum
1351 1888 1441 1923 haec
1473 1901 1558 1924 sen-

117 1933 230 1966 tentia
258 1933 456 1978 probetur,
504 1944 568 1978 age
600 1933 740 1966 hostem
776 1935 885 1968 fuisse
923 1935 1096 1968 Gubazen
1125 1934 1195 1968 hoc
1229 1937 1307 1980 ipso
1347 1942 1555 1981 argumento

119 1984 260 2013 utentes
287 1979 581 2013 demonstremus.
643 1980 720 2014 Hoc
751 1983 847 2014 enim
873 1981 1130 2022 demonstrato,
1166 1982 1273 2015 etiam
1304 1983 1381 2015 iure
1414 1994 1556 2016 caesum

119 2035 196 2058 esse
219 2025 334 2070 ipsum
357 2037 429 2059 una
452 2026 679 2070 perspicuum
704 2028 774 2060 fiet.
834 2029 1004 2061 Universa
1038 2029 1162 2074 itaque
1193 2035 1368 2073 perpetuo
1404 2029 1555 2062 barbara

117 2071 240 2112 nath),
261 2073 400 2105 etiamsi
427 2073 592 2106 Romanis
611 2073 756 2107 subdita
781 2074 847 2115 sit,
885 2075 1005 2108 animo
1032 2080 1150 2108 tamen
1183 2075 1228 2108 ab
1253 2076 1303 2108 eis
1331 2076 1552 2109 alienissimo

117 2117 263 2158 dissita,
294 2123 332 2151 et
343 2118 467 2163 legum
495 2118 724 2163 disciplinam
749 2126 859 2166 atque
884 2120 1047 2154 ordinem
1075 2127 1215 2166 gravate
1241 2122 1379 2162 ferens,
1407 2121 1453 2155 ad
1484 2134 1554 2156 noa

115 2172 176 2196 vas
202 2174 257 2196 res
281 2163 477 2198 moliendas
501 2166 698 2211 turbasque
723 2167 930 2200 excitandas
954 2168 1040 2200 ferri
1065 2169 1270 2209 consuevit,
1315 2174 1353 2202 et
1382 2169 1555 2214 placidiv-

117 2210 206 2243 sime
231 2209 376 2256 quidem
393 2210 489 2244 inter
513 2222 612 2252 sese,
651 2212 736 2245 dum
762 2214 842 2246 aliis
867 2214 1010 2254 subest,
1043 2216 1163 2247 vivere
1197 2215 1407 2261 neutiquam
1431 2226 1556 2259 perse-³

116 2260 233 2296 verat,
266 2257 355 2302 quin
379 2257 529 2302 aliquod
563 2259 698 2292 crimen
722 2260 892 2294 incurrat.
953 2259 1063 2306 Quod
1086 2271 1166 2294 cum
1191 2262 1278 2305 ipsis
1304 2262 1352 2294 sit
1382 2263 1553 2307 impossi-

115 2302 210 2343 bile,
239 2302 404 2336 nationes
429 2303 590 2337 eiusdem
614 2316 733 2338 secum
757 2306 938 2347 instituti,
982 2311 1019 2339 et
1051 2318 1144 2352 quae
1171 2318 1276 2354 quam
1306 2309 1468 2352 proxime
1505 2309 1553 2342 ad

115 2359 239 2382 eorum
259 2359 374 2382 mores
385 2349 566 2392 accedant,
591 2351 663 2385 sibi
686 2351 879 2397 adiungere
899 2353 1055 2386 student.
1106 2354 1212 2387 Porro
1230 2353 1391 2388 Gubazes
1410 2355 1549 2388 etiamsi

113 2394 213 2428 hisce
228 2395 326 2428 vitiis
341 2401 433 2428 esset
457 2395 646 2438 obnoxius,
671 2399 768 2443 quod
787 2405 823 2432 et
846 2399 1019 2432 barbarus
1041 2404 1139 2433 ortus
1160 2401 1208 2433 sit
1223 2406 1259 2433 et
1281 2402 1459 2433 communi
1485 2412 1552 2433 na·-

113 2441 225 2474 tionis
250 2441 466 2475 infidelitate
489 2442 650 2485 laboret;
675 2449 816 2478 tantum
840 2446 945 2478 etiam
965 2445 1041 2478 odii
1060 2445 1227 2479 adversus
1244 2459 1308 2478 nos
1327 2452 1551 2490 conceperat,

112 2493 156 2521 ut
176 2487 214 2521 id
234 2499 462 2533 nequaquam
482 2488 618 2522 diutius
639 2491 830 2535 tegendum
855 2497 1038 2531 censeret,
1065 2492 1127 2524 sed
1149 2503 1168 2524 e
1189 2494 1366 2525 contrario
1387 2495 1424 2524 in
1447 2504 1552 2536 aper-

111 2538 190 2567 tum
206 2533 473 2579 producendam
501 2537 806 2582 exercendamque
838 2549 876 2570 re
900 2539 980 2582 ipsa
1002 2537 1254 2578 hostilitatem,
1280 2551 1386 2584 quam
1414 2539 1548 2572 tamdiu

113 2580 304 2625 impactam
328 2582 447 2613 animo
473 2591 536 2614 suo
558 2582 804 2628 latentemque
829 2590 991 2627 gesserat.
1019 2583 1133 2617 Nobis
1152 2587 1249 2618 enim
1265 2585 1550 2619 allaborantibus

113 2631 152 2660 et
173 2627 313 2660 nullum
338 2638 412 2660 non
436 2628 636 2671 periculum
660 2629 912 2671 subeuntibus,
936 2641 982 2663 ne
1008 2630 1174 2663 hostibus
1188 2632 1381 2675 quicquam
1403 2632 1549 2664 omnino

115 2679 160 2701 ex
185 2674 296 2707 animi
311 2675 491 2706 sententia
512 2673 742 2714 succederet,
765 2675 842 2719 ipse
865 2676 962 2709 domi
986 2676 1056 2709 sibi
1075 2687 1155 2708 cum
1177 2677 1336 2710 barbaris
1362 2677 1433 2710 suis
1450 2677 1551 2710 (lesi-

115 2714 273 2750 denudum
297 2720 489 2760 censebat,
522 2720 800 2767 longissimeque
819 2733 840 2755 a
857 2722 1042 2755 laboribus
1065 2722 1206 2755 bellicis
1227 2722 1363 2757 abesse.
1413 2723 1548 2758 Obser-
