1832 3152
286 113 398 169 306
847 126 1117 173 AGArmAE

107 244 149 280 Α,
163 245 203 278 c,
217 234 441 287 553ρεσθαι
463 226 653 280 δύναμιν,
689 226 807 279 μόλις
829 228 873 269 ἐν
896 231 953 286 τῷ
979 231 1068 271 τότε
1097 232 1156 279 εἰς
1175 230 1422 285 πεντήκοντα
1444 233 1516 271 καί
1544 227 1694 271 ἑκατὸν

148 292 178 327 Ῑ·
194 292 222 326 Ῑ·
239 292 570 350 32περιειστῆκει.
607 290 679 332 καί
704 289 855 334 τούτων
887 291 931 333 αἱ
953 296 1032 345 μὲν
1058 296 1103 336 ἐν
1114 292 1269 351 Ἰταλίᾳ
1302 293 1540 346 ἐτετάχατο,
1578 291 1622 334 αἱ
1644 294 1692 334 δὲ

162 372 204 405 v,
220 383 280 406 110
293 355 396 399 κατὰ
417 355 489 410 τὴν
507 353 695 408 Λιβύην,
723 357 859 410 ἕτεραι
877 357 923 395 δὲ
944 358 989 397 ἐν
1008 357 1190 413 Ἶσπανίᾳ
1204 389 1217 409 ,
1244 360 1315 398 καί
1339 353 1462 398 ἄλλαι
1485 354 1579 410 περὶ
1595 354 1692 403 τούς

284 420 492 474 Κόλχους,
533 417 604 460 καί
641 414 762 461 ἄλλαι
789 418 892 460 κατὰ
925 418 997 473 τὴν
1037 417 1303 476 Ἀλεξάνδρου
1341 423 1412 462 καί
1450 418 1592 474 Θήβην
1619 417 1690 472 τὴν

285 484 532 539 Αἰγυπτίαν.
561 483 756 537 ἐκάθηντο
782 485 827 524 δὲ
860 480 986 537 ὀλίγοι
1010 483 1082 524 καὶ
1103 483 1206 538 πρὸς
1227 483 1275 525 τὰ
1303 481 1384 540 ἑῷα
1409 486 1489 526 τῶν
1510 484 1715 537 Περσῶνό

287 546 393 604 ὅρια·
420 545 470 589 οὗ
503 546 582 603 γὰρ
616 547 747 601 δήπου
782 545 867 588 ἔδει
903 550 1030 588 ἐκεῖσε
1070 546 1269 589 πλειόνων
1306 545 1376 588 διὰ
1412 546 1486 595 τάς
1515 546 1698 594 σπονδάς

287 612 359 654 καὶ
384 610 431 653 τὸ
459 615 623 665 βέβαιον
653 613 725 665 τῆς
750 612 992 665 ἐκεχειρίας.
1023 605 1103 652 ὧδέ
1133 626 1222 659 πως
1251 606 1336 667 ἄρα
1364 613 1407 659 ἐς
1429 609 1692 666 βραχύτατον

284 678 410 731 μέρος
437 676 702 731 περιέσταλτο
721 673 773 716 τιὶ
795 674 933 729 πλήθη
954 676 1026 716 καί
1042 674 1292 729 ὑπετέτμητο
1323 674 1372 730 τῇ
1394 676 1473 716 τῶν
1499 673 1693 730 κρατούν-

283 757 367 782 των
393 738 602 797 ὄλιγωρίᾳ.
1682 779 1685 782 ,

250 816 281 848 D
400 803 465 845 ιδ’.
515 804 562 844 Ὁ
581 801 656 858 γὰρ
675 803 870 855 βασιλεύς
901 800 1040 856 ἐπειδὴ
1061 800 1260 858 πρότερον
1271 798 1449 845 Ἰταλίαν
1475 799 1746 854 ξύμπασανιο

150 901 169 911 ς
285 866 532 924 ἐχειρώσατο
569 866 641 907 καί
659 865 851 921 Λιβύην,
889 865 960 907 καί
988 865 1086 914 τούς
1114 867 1330 919 μεγίστους
1367 866 1543 914 ἐκείνους
1573 866 1697 906 πολέ-

285 948 391 985 μους
418 931 603 986 διήνυσε,
631 932 702 971 καί
725 933 880 985 πρῶτος
905 930 963 980 ὦς
997 933 1123 972 εἰπεῖν
1155 933 1197 972 ἐν
1225 936 1308 978 τοῖς
1335 927 1438 971 κατὰ
1460 927 1506 971 τὸ
1531 928 1694 978 Βυζάν-

286 1013 372 1039 τιον
393 995 703 1050 βεβασιλευκόσι
722 995 946 1047 ιΡωμαίων
971 993 1230 1050 αὐτοκράτωρ
1254 992 1429 1046 ὀνόματί
1442 1007 1484 1034 τε
1507 991 1579 1033 καί
1589 991 1696 1046 πρά-

286 1078 406 1115 γματι
429 1061 696 1101 ἀπεδέδεικτο·
725 1059 863 1114 ἐπειδὴ
889 1055 964 1100 οὖν
987 1059 1099 1115 αὕτῷ
1123 1057 1256 1100 ταῦτά
1281 1074 1323 1099 τε
1351 1056 1423 1100 καί
1441 1051 1550 1098 ἄλλα
1574 1051 1693 1108 ὅμοια

287 1125 444 1172 τούτοις
470 1124 650 1174 νεάζοντι
671 1122 733 1164 ἔτι
754 1126 826 1164 καί
857 1120 1072 1180 ἐρρωμένῳ
1097 1122 1352 1177 ἐξείργαστο,
1391 1120 1479 1163 τότε
1495 1118 1560 1175 -δὴ
1584 1119 1695 1175 ἀμφί
1702 1125 1747 1166 15

287 1187 363 1242 τὴν
393 1188 568 1242 ἐσχάτην
583 1190 654 1229 τοῦ
673 1189 764 1240 βίου
788 1188 968 1242 πορείαν,
999 1182 1096 1242 (ἤδη
1114 1186 1192 1241 γὰρ
1205 1186 1276 1227 καί
1288 1184 1551 1240 ἐγεγηράκει,)
1581 1183 1697 1223 ἄπει-

289 1253 454 1307 ρηκέναι
475 1258 559 1299 τοῖς
579 1252 715 1299 πόνοις
745 1251 899 1303 ἐδόκει,
927 1253 1000 1291 καί
1021 1249 1179 1302 μᾶλλόν
1213 1266 1254 1290 τι
1276 1248 1406 1290 αὕτὸν
1429 1245 1574 1303 ἤρεσκε
1603 1250 1698 1300 ’ξυγ-

287 1317 449 1370 κρούειν
471 1317 516 1356 ἐν
531 1317 651 1370 σφίσι
676 1313 770 1362 τοὺς
793 1314 1024 1366 πολεμίους,
1053 1313 1202 1368 δώροις
1211 1329 1254 1354 τε
1276 1310 1430 1360 αὐτοῦς
1443 1345 1456 1364 ,
1484 1310 1576 1365 εἴπη
1604 1309 1699 1364 δεή-

287 1395 367 1431 σοι,
403 1377 737 1430 καταθωπεύειν,
764 1380 835 1420 καί
864 1376 995 1434 ταύτῃ
1035 1378 1286 1431 ἀμωσγέπως
1309 1375 1644 1431 ἀποκρούεσθαι,
1670 1370 1698 1428 ἦ

287 1445 356 1497 ἐφ’
389 1440 524 1499 ἑαυτῷ
548 1444 789 1483 πεποιθέναι
821 1443 891 1482 καί
918 1443 1044 1497 μέχρι
1067 1440 1219 1489 παντὸς
1258 1437 1589 1483 διακινδυνεύειν.
1617 1453 1752 1482 τοι-ιο

167 1505 426 1561 Ρ.158γάρτοι
451 1506 523 1547 καὶ
541 1506 744 1561 περιεώρα
765 1504 840 1554 τὰς
857 1504 991 1556 τάξεις
1016 1507 1386 1561 διαφθειρομένας,
1413 1503 1470 1552 ὥς
1495 1501 1544 1558 δὴ
1568 1506 1700 1545 τολοι-

289 1569 366 1612 πὸν
393 1568 539 1625 ἥκιστά
563 1586 606 1623 γε
634 1567 770 1612 αὐτῶν
794 1568 1158 1625 προσδεησόμενος.
1186 1572 1257 1611 καὶ
1279 1571 1416 1610 τοίνυν
1437 1565 1587 1621 ταύτης
1611 1567 1700 1608 ἐπι-

380 1641 412 1675 3.
437 1641 605 1684 Ἵσπανίᾳ
630 1641 686 1681 R„
710 1642 860 1684 Σπανίᾳ
882 1641 974 1684 vulg.
1067 1653 1100 1685 9.
1126 1640 1298 1685 ὄλιγορίςι
1321 1641 1392 1674 Par.
1489 1638 1538 1683 14.
1564 1635 1699 1671 ἀπεδέ-

382 1684 502 1718 δεικτο
524 1687 573 1726 Β.,
599 1684 751 1723 ἅποδέδ.
768 1688 858 1731 vulg.
956 1686 1004 1720 15.
1020 1710 1027 1718 .
1043 1711 1050 1718 .
1065 1685 1208 1724 εάζοντι
1234 1688 1271 1718 R.
1386 1688 1437 1720 16.
1464 1687 1527 1718 καὶ
1550 1683 1629 1718 add.
1656 1693 1699 1715 ex

383 1732 420 1763 R.
517 1732 566 1766 18.
592 1733 674 1772 εἴπη
700 1734 756 1772 Β.,
780 1734 816 1764 εἴ
837 1742 911 1764 που
927 1732 1016 1776 vulg.
1087 1743 1140 1766 22.
1166 1741 1207 1776 γε
1234 1733 1300 1764 ins.
1327 1742 1370 1765 ex
1394 1733 1431 1764 R.

294 1811 471 1854 copiarum
491 1810 581 1842 aliae
606 1811 643 1841 in
668 1810 770 1842 Italia
797 1814 896 1842 erant
919 1810 1129 1849 collocatae,
1155 1811 1245 1842 aliae
1268 1811 1306 1842 in
1318 1809 1446 1848 Africa,
1474 1808 1564 1840 aliae
1585 1805 1623 1839 in
1634 1806 1700 1838 Hi-

294 1856 413 1900 spania
432 1880 440 1895 ,
475 1856 565 1887 aliae
598 1855 691 1898 apud
717 1855 883 1894 Colchos,
921 1856 1011 1887 aliae
1042 1855 1135 1899 apud
1165 1855 1355 1887 Alexandri
1381 1854 1503 1886 urbem
1539 1857 1574 1884 et
1608 1852 1699 1883 circa

295 1901 443 1934 Theben
471 1901 687 1944 Aegyptiam.
753 1901 993 1933 consederant
1030 1911 1112 1932 vero
1141 1911 1270 1944 paucae
1297 1901 1404 1932 etiam
1429 1909 1548 1930 versus
1582 1898 1701 1929 orien-

293 1947 382 1978 tales
410 1947 582 1978 Persarum
610 1947 705 1978 fines.
742 1945 866 1991 Neque
896 1947 988 1977 enim
1014 1946 1090 1978 illic
1111 1946 1273 1989 pluribus
1309 1957 1396 1989 opus
1421 1948 1517 1983 erat,
1551 1942 1597 1974 ob
1622 1942 1700 1974 foe-

295 1993 376 2025 clera
397 1992 485 2023 inita
510 1991 742 2036 induciasque
772 1992 920 2024 firmiter
940 1997 1069 2034 pactas.
1119 1991 1171 2023 Ita
1188 1992 1262 2023 sere
1277 1990 1320 2022 ad
1344 2000 1511 2034 perquam
1540 1988 1698 2032 exiguam

296 2038 495 2082 portionem
521 2037 681 2069 redactae
708 2043 807 2070 erant
829 2037 949 2081 copiae
970 2041 1074 2082 atque
1093 2037 1224 2068 accisae
1247 2036 1447 2080 principum
1472 2034 1698 2077 negligentia.

389 2082 435 2125 ¹31·
484 2084 678 2126 imperator
713 2083 807 2115 enim
854 2086 1084 2127 posteaquam
1126 2087 1227 2114 antea
1263 2082 1459 2113 universam
1492 2079 1629 2111 Italiam
1663 2084 1700 2110 et

295 2127 446 2160 Africam
479 2129 515 2160 in
544 2133 754 2171 potestatem
792 2127 991 2171 redegerat,
1028 2128 1252 2172 maximaque
1278 2127 1374 2158 bella
1403 2125 1625 2165 confecerat,
1663 2128 1700 2156 et

296 2174 440 2217 primus,
466 2179 505 2206 ut
522 2174 569 2206 ita
597 2173 768 2212 dixerim,
793 2185 835 2205 ex
861 2174 904 2206 iis
920 2197 928 2212 ,
961 2173 1021 2218 qui
1049 2173 1206 2215 Byzantii
1238 2177 1436 2215 regnarunt,
1463 2172 1698 2203 Romanorum

296 2220 487 2260 Imperator
519 2219 663 2251 nomine
696 2218 829 2262 pariter
855 2223 890 2251 et
917 2219 1031 2262 reipsa
1068 2224 1121 2250 est
1158 2217 1372 2259 declaratus,
1406 2217 1511 2256 haec,
1535 2215 1698 2260 inquam,

297 2265 438 2307 aliaque
461 2263 516 2294 his
547 2264 674 2296 similia
701 2265 779 2296 cum
806 2264 954 2297 iuvenili
986 2269 1181 2308 vegetaque
1214 2267 1329 2295 aetate
1361 2262 1587 2307 perfecisset,
1622 2265 1698 2292 tum

296 2320 377 2341 vero
411 2308 475 2340 sub
505 2315 697 2341 extremum
729 2309 822 2341 vitae
855 2310 1084 2350 curriculum,
1110 2309 1193 2353 (iam
1222 2309 1315 2341 enim
1334 2306 1591 2351 consenuerat,)
1622 2315 1697 2338 ces-

298 2356 382 2387 sisse
429 2359 464 2386 et
505 2355 724 2386 renuntiasse
762 2353 942 2387 laboribus
979 2355 1071 2387 visus
1115 2359 1186 2394 est,
1226 2356 1405 2398 magisque
1445 2353 1478 2386 ei
1524 2349 1695 2396 quodam-

297 2400 400 2432 modo
426 2400 559 2443 placuit
588 2399 705 2432 hostes
739 2400 832 2432 inter
866 2410 901 2431 se
929 2401 1164 2438 committere,
1190 2403 1225 2431 et
1249 2400 1351 2432 donis
1379 2409 1438 2431 eos
1463 2397 1575 2431 sicubi
1609 2405 1696 2439 opus

298 2450 372 2478 erat
389 2445 584 2478 demulcere
599 2469 608 2484 ‚
632 2455 742 2490 eaque
765 2445 901 2477 ratione
924 2444 1182 2490 quodammodo
1204 2445 1411 2488 propulsare
1434 2443 1564 2489 potius,
1591 2450 1695 2485 quam

298 2491 366 2523 sibi
393 2492 460 2535 ipsi
489 2490 664 2522 confidere
691 2495 726 2521 et
745 2495 916 2534 perpetuo
944 2490 1153 2535 belligerari.
1192 2489 1365 2534 Quocirca
1388 2494 1424 2522 et
1447 2489 1602 2533 legiones
1626 2486 1695 2517 im—

297 2537 411 2569 minui
445 2535 644 2580 collabique
675 2535 778 2568 facile
819 2535 1040 2579 patiebatur,
1075 2535 1223 2580 perinde
1260 2547 1300 2568 ac
1343 2536 1371 2567 si
1405 2535 1570 2577 deinceps
1604 2531 1695 2564 nulli

297 2583 495 2614 necessario
520 2582 598 2614 usui
624 2580 692 2613 sibi
724 2586 840 2613 essent
875 2581 1023 2613 futurae.
1072 2582 1171 2625 Quae
1200 2580 1343 2625 quidem
1371 2579 1584 2624 negligentia
1616 2586 1694 2608 cum

299 2627 406 2659 ctiam
433 2638 504 2667 cos,
529 2628 590 2672 qui
605 2625 771 2659 secundas
790 2627 829 2658 in
850 2625 1154 2660 administratione
1177 2626 1318 2671 imperii
1334 2631 1448 2668 partes
1471 2621 1695 2661 obtinebant,

300 2677 520 2718 occupasset,
547 2671 675 2718 quibus
698 2671 844 2718 cogendi
871 2683 889 2705 a
906 2671 1056 2706 subditis
1085 2672 1220 2705 tributa
1255 2677 1291 2705 et
1315 2670 1444 2705 deinde
1483 2669 1696 2706 exercitibus
