1794 3112
609 61 984 106 ms'romARtm
1023 65 1096 106 111.
1120 68 1161 110 ιι.
1494 41 1604 121 145

156 164 210 206 οὗ
238 166 458 217 τοσοῦτον,
487 159 625 217 οἶμαι,
653 166 704 222 τῇ
731 166 865 221 πληγῇ
890 166 964 219 τῆς
987 154 1193 221 χειροςξο
1212 178 1286 206 σον
1304 164 1362 222 τῷ
1389 158 1645 219 ἇπροσὸο-Α.
1669 170 1794 216 (3.554

161 223 268 289 τιήτῳ
301 226 672 284 καταβεβλημένος.
700 228 985 283 ἰλυσπώμενον
1009 232 1056 272 δὲ
1084 228 1217 272 αὐτὸν
1235 228 1299 272 ἔτι
1323 228 1397 271 καί
1413 228 1597 283 ἆναστητ-
1612 219 1638 251 I·
1652 218 1678 251 ¹·
1695 220 1740 253 ²⁸

158 295 318 339 σείοντα
339 293 556 350 παραστὰς
584 292 606 338 ὅ
630 297 707 338 τοῦ
729 294 978 338 Ῥουστίκου
1005 295 1266 352 δορυφόρος,
1294 295 1599 351 προστεταγμέ-

151 359 228 404 ’νὀν
267 356 407 416 αὖτῷ,
436 362 507 402 καί
531 362 642 417 ξίφει
663 362 849 412 πατάξας
879 358 955 416 τὴν
981 359 1178 417 κεφαλὴν,
1206 359 1437 403 τελεώτατα
1470 376 1599 401 κατα-

125 426 321 474 §ur-etita.
359 421 470 467 οὕτω
513 427 591 479 μὲν
630 421 705 469 οὖν
752 425 825 468 τὸν
872 429 914 469 Γ
911 423 1091 481 ουβὰζην
1149 425 1221 468 καί
1264 426 1336 468 ἐπὶ
1371 427 1511 468 τοῖσδε
1551 424 1603 466 ιῖ-

155 490 373 550 νῃρῆσθαί
395 506 525 548 φασιν
553 491 593 533 οἱ
646 490 697 534 τὰ
738 488 1017 548 ἀκριβέστατα
1048 492 1285 545 γιγνώσκειν
1326 491 1641 544 πεπιστευμέ-(Ῐ

153 572 232 599 vot.
295 557 518 607 Ἰουστῖνος
549 559 596 599 δὲ
637 556 709 600 καὶ
738 557 904 614 Βούζης
939 554 1149 614 ἤσχαλλον
1186 558 1265 610 μὲν
1306 558 1379 598 καί
1414 554 1601 610 ἐδυσφό-

155 630 273 681 ρουν,
301 626 374 665 καί
399 622 621 680 ξυμφορὰν
659 624 705 666 τὸ
735 625 928 680 πραχθὲν
950 625 1184 676 ἐποιοῦντο,
1214 621 1395 678 ἡσυχίαν
1417 623 1463 663 δὲ
1485 620 1599 674 ὁμῶς

155 685 283 746 ἦγον,
313 686 489 743 οἰόμενοι
511 692 686 743 βασιλέα
723 688 1018 732 Ἰουστινιανὸν
1036 690 1169 731 ταῦτα
1189 690 1336 745 σαφῶς
1358 689 1599 730 ἐπιστεῖλαι.

107 755 179 800 1οὸ
208 757 254 798 δὲ
280 757 364 798 τῶν
394 756 555 806 Λαζῶν
584 746 1012 811 ὅμιλος-διεταράχθη
1043 771 1088 796 τε
1117 751 1245 807 ἅπας,
1288 756 1359 796 καί
1380 755 1599 811 δυσθυμία

154 821 417 878 κατείχοντο,
447 818 504 870 ὦς
534 822 641 876 μηδὲ
671 817 982 875 ἀναμίγνυσθαι
1015 818 1207 862 τολοιπὸν
1240 825 1327 868 τοῖς
1351 818 1597 871 “Ρωμαίοις,

151 886 256 941 μήτε
278 885 663 942 ξυνεπιστρατεύειν
694 884 928 942 αἱρεῖσθαι,
957 884 1065 927 ἄλλα
1099 883 1170 927 τὸν
1199 882 1342 941 νεκρὸν
1377 880 1402 941 ᾗ
1435 887 1598 936 νενόμι-

148 967 248 993 σται
275 949 597 1005 καταχώσαντες
614 985 627 1004 ,
668 949 814 1004 έμενον
836 947 944 992 οὕτω
973 949 1210 1004 ἀπόμαχοι,
1240 950 1300 1000 ὦς
1323 947 1373 1006 δὴ
1405 945 1520 991 δεινὰ
1547 948 1596 990 ὖ-

150 1017 371 1073 βρισμένοι
392 1015 466 1057 καί
491 1015 566 1072 τὴν
586 1017 763 1071 πάτριον
784 1014 909 1068 δόξαν
931 1015 1269 1071 ἀποβεβληκότες.

102 1085 152 1128 15
261 1081 304 1123 ε’.
361 1083 574 1136 Μέγιστον
597 1080 677 1138 γάρ
704 1080 826 1130 ἔθνος
857 1079 928 1122 καί
945 1077 1159 1137 ἀγέρωχον
1189 1081 1229 1123 οἱ
1256 1083 1401 1132 Λαζοί
1426 1083 1499 1123 καί
1515 1097 1593 1135 με..

150 1144 305 1202 γίστων
328 1141 466 1190 ἄλλων
491 1148 713 1203 κρατοῦσι,
752 1149 810 1205 τῷ
842 1163 887 1188 τε
910 1149 1072 1204 παλαιῷ
1095 1148 1179 1188 τῶν
1211 1145 1395 1201 Κόλχων
1417 1146 1595 1200 ὀνόματι

150 1211 450 1268 βρενθυόμενοι
482 1214 591 1269 πέρα
616 1214 693 1254 τοῦ
719 1211 892 1268 μετρίου
915 1213 1260 1267 μεγαλαυχοῦσι,
1299 1215 1372 1253 καί
1402 1211 1515 1266 τάχα
1543 1208 1591 1254 οὗ
1601 1223 1634 1256 D

149 1276 246 1319 λίαν
265 1275 435 1332 ἀλόγως.
481 1279 527 1320 ἐν
554 1275 633 1334 γὰρ
667 1284 752 1328 τοῖς
787 1276 930 1320 ἔθνεσι
955 1281 1043 1326 τοῖς
1077 1273 1155 1319 ὅσα
1188 1274 1265 1333 ὑφ’
1291 1274 1438 1333 ἑτέραν
1467 1280 1594 1331 βασι-

150 1341 268 1386 λείαν
289 1344 538 1397 τετάχαται,
578 1343 653 1385 οὐκ
683 1340 779 1397 οἶδα>
798 1342 924 1398 ἔγωγε
952 1339 1052 1385 ἄλλο
1078 1340 1189 1384 οὕτω
1221 1342 1378 1384 κλεινόν
1399 1360 1477 1384 που
1510 1345 1595 1399 φῦ-

95 1410 225 1454 notor
245 1410 319 1450 καί
339 1408 563 1462 εὕδαῖμον,
591 1407 774 1450 πλούτου
798 1425 844 1450 τε
868 1410 1078 1466 ὑπερβολῇ
1109 1409 1181 1450 καί
1201 1408 1352 1464 πλήθει
1370 1407 1593 1464 κατηκόων,

243 1513 278 1538 2.
291 1499 467 1540 ἒςοῖναστ.
482 1503 519 1535 R.
544 1502 753 1548 1.m.Lug‹l.
779 1508 816 1537 et
839 1503 901 1537 Ed.
932 1513 997 1547 pr.‚
1024 1502 1196 1535 ἐσαναστ.
1220 1502 1307 1543 Par„
1331 1502 1368 1539 ἐς
1392 1503 1461 1536 del.
1486 1505 1526 1537 in
1550 1505 1592 1541 R.

245 1561 268 1585 2
303 1560 350 1584 m.
401 1550 432 1585 5.
457 1549 521 1583 ἐπὶ
543 1548 672 1583 τοῖσδε
696 1552 753 1591 R„
778 1550 842 1583 ἐπὶ
865 1548 1055 1585 τοιούτοις
1076 1549 1166 1593 vulg.
1224 1561 1275 1584 12.
1299 1542 1368 1583 τόν
1389 1543 1527 1595 νεκρὸν
1553 1552 1590 1583 R'.

241 1595 371 1641 Lugd„
395 1593 437 1629 τὸ
470 1594 606 1643 νεκρὸν
630 1596 712 1630 edd.
785 1598 834 1631 15.
847 1598 911 1630 Pro
935 1597 1123 1642 μέγιστον
1146 1602 1183 1630 et
1206 1606 1289 1629 mox
1315 1608 1378 1641 pro
1401 1598 1498 1641 πέρα
1522 1597 1592 1630 τοῦ

241 1640 391 1676 lacunae
416 1643 455 1676 in
482 1645 518 1676 R.
584 1655 634 1687 ¹7·
659 1643 863 1689 μεγαλαυχ.
891 1653 930 1676 τε
957 1654 989 1676 κ.
1016 1645 1053 1677 R.
1119 1643 1168 1679 18.
1196 1642 1263 1688 ὑφ’
1285 1642 1423 1689 ἑτέρων
1447 1645 1485 1676 Β.
1538 1654 1588 1689 19.

241 1688 368 1735 φῦλον
391 1695 474 1724 ante
500 1689 651 1725 κλεινόν
675 1691 783 1735 ponit
805 1692 843 1723 R.

148 1777 323 1826 (hahebat
348 1781 446 1814 enim
483 1783 676 1826 utrumque
712 1777 843 1825 pedem
869 1780 1121 1825 complicatum
1153 1791 1261 1826 super
1289 1781 1374 1826 equi
1398 1779 1587 1826 cervicem)

147 1826 340 1860 confestim
363 1827 521 1871 procidit
543 1827 582 1859 in
610 1832 752 1867 terram,
778 1838 852 1860 non
869 1832 954 1868 tam,
982 1833 1024 1861 ut
1051 1827 1216 1869 arbitror,
1240 1839 1363 1860 manus
1386 1827 1459 1860 ictu
1480 1838 1587 1872 quam

147 1873 337 1918 inopinato
368 1873 540 1907 deiectus.
588 1873 822 1907 Volutantem
848 1884 930 1906 vero
954 1874 1072 1918 ipsum
1103 1873 1232 1915 humi,
1268 1879 1305 1907 et
1328 1873 1444 1907 adhuc
1468 1885 1587 1906 assur-

149 1930 231 1964 gere
247 1920 438 1961 nitentem,
455 1926 572 1954 astans
591 1921 729 1954 Rustici
752 1920 908 1962 satelles,
924 1926 1033 1965 prout
1056 1922 1089 1954 ei
1105 1921 1313 1954 mandatum
1335 1925 1421 1959 erat,
1443 1931 1586 1953 ensem-

149 1976 220 2010 que
233 1967 342 2011 capiti
362 1966 541 2012 infligens,
567 1968 676 2012 plane
696 1968 878 2001 interficit.
928 1967 1005 2000 Hoc
1025 1968 1148 2012 itaque
1170 1968 1276 2001 modo
1290 1968 1476 2002 Gubazcm
1497 1967 1583 1999 tali-
1637 1982 1640 1987 ·

147 2010 287 2057 busque
314 2013 358 2046 de
385 2015 502 2048 causis
534 2015 766 2047 interfectum
785 2014 1002 2060 dicunt,qui
1025 2015 1065 2047 id
1091 2015 1228 2059 optime
1251 2025 1356 2047 nosse
1376 2014 1581 2047 creduntur.

145 2058 304 2100 Iustinus
325 2069 408 2094 vero
431 2065 468 2093 et
482 2061 593 2094 Buzes
614 2061 787 2094 dolebant
806 2061 954 2106 quidem
978 2062 1204 2106 molesteque
1222 2061 1401 2100 ferebant,
1428 2065 1464 2092 et
1480 2065 1582 2093 atrox

148 2103 284 2138 facinus
306 2116 382 2139 esse
396 2107 608 2150 censebant3
634 2109 750 2153 quieti
775 2113 893 2140 tamen
909 2108 1114 2149 manebant,
1145 2108 1387 2141 existimantes
1409 2108 1581 2140 Iustinia-

148 2161 236 2184 num
247 2150 346 2204 ,haec
367 2159 490 2198 aperte
514 2166 579 2199 per
599 2155 738 2188 litteras
752 2155 954 2187 mandasse.
981 2154 1152 2187 Lazorum
1168 2165 1251 2188 vero
1275 2155 1472 2187 exercitum
1494 2154 1579 2186 uni-

146 2206 289 2230 versum
309 2198 432 2244 ingens
455 2201 681 2244 perturbatio
710 2207 747 2234 et
768 2212 909 2234 moeror
928 2201 1078 2242 invasit,
1105 2202 1195 2235 adeo
1223 2206 1265 2234 ut
1284 2212 1351 2234 nec
1371 2201 1578 2244 permisceri

147 2241 318 2288 deinceps
338 2257 416 2278 cum
434 2247 600 2280 Romanis
613 2272 622 2288 ‚
646 2259 766 2293 neque
788 2259 868 2281 cum
892 2248 978 2292 ipsis
997 2248 1155 2281 militare
1173 2248 1330 2281 vellent:
1354 2247 1416 2280 sed
1437 2253 1581 2292 postea-

150 2299 257 2334 quam
277 2296 456 2325 mortuum
481 2305 523 2326 ex
548 2295 707 2338 ipsorum
725 2306 825 2327 more
855 2300 963 2340 atque
983 2295 1151 2328 instituto
1175 2296 1433 2334 tumulassent,
1459 2305 1577 2327 seces-

149 2337 252 2370 sione
269 2337 362 2370 facta
380 2349 399 2369 a
414 2339 511 2372 bello
530 2339 699 2385 deinceps
723 2341 993 2382 abstinuerunt,
1019 2346 1147 2387 utpote
1166 2343 1277 2375 atroci
1299 2342 1432 2375 iniuria
1447 2341 1577 2380 affecti,

150 2388 187 2416 et
209 2383 326 2428 patria
350 2383 461 2428 gloria
488 2387 623 2419 amissa.

241 2430 272 2463 5.
323 2429 478 2464 Maxima
497 2434 591 2465 enim
613 2437 667 2466 est
686 2437 723 2466 et
741 2434 841 2466 ferox
858 2435 956 2466 natio
975 2433 1189 2468 Colchorum
1203 2460 1212 2475 ,
1235 2434 1470 2478 maximisque
1495 2433 1576 2465 aliis

148 2475 346 2519 imperant:
373 2482 408 2509 ct
427 2480 540 2512 veteri
563 2479 776 2512 Colchorum
796 2481 1040 2525 appellatione
1065 2482 1257 2526 gloriantes
1270 2506 1278 2521 ‚
1305 2492 1412 2525 supra
1430 2478 1576 2511 modum

148 2533 226 2555 sese
258 2523 355 2567 ipsos
385 2525 563 2558 extollunt
593 2531 631 2559 et
654 2527 806 2567 iactant,
843 2532 880 2559 et
916 2528 1064 2560 fortasse
1098 2540 1172 2561 non
1205 2528 1396 2561 admodum
1430 2531 1574 2558 temere.

146 2567 246 2602 Inter
272 2569 438 2603 nationes
474 2572 590 2612 enim,
611 2583 702 2616 quae
723 2572 788 2605 sub
813 2573 932 2606 alieno
956 2574 1108 2618 imperio
1138 2579 1222 2606 sunt
1241 2575 1468 2613 constitutae,
1490 2571 1574 2604 nul-

145 2612 217 2647 lam
249 2614 417 2660 equidem
440 2617 545 2650 aliam
567 2618 642 2651 vidi
665 2619 716 2652 ita
736 2618 914 2652 celebrem
938 2625 1047 2665 atque
1063 2621 1205 2654 felicem
1225 2626 1296 2653 tam
1326 2630 1434 2664 opum
1455 2618 1574 2652 excel-

147 2659 261 2695 lentia
288 2673 397 2706 quam
434 2663 667 2698 multitudine
694 2665 943 2708 subditorum,
967 2667 1126 2700 locorum
1155 2668 1263 2700 etiam
1289 2666 1571 2714 opportunitate,

216 2723 403 2770 Agathias.
1208 2740 1220 2764 1
1228 2741 1247 2763 0
