1794 3112
530 127 906 173 msTomARUM
958 131 992 169 1.
1015 134 1081 174 ιιι,
1270 187 1272 189 ‚
1458 103 1532 171 43

91 234 300 291 ἐχώρουν,
329 230 403 273 καί
428 230 478 273 οὔ
501 231 645 289 πόρ’ῥω
667 234 742 274 τοῦ
766 234 941 287 μετρίου
965 230 1041 279 τάς
1063 227 1278 277 ἐπελάσεις
1304 225 1584 270 {nonnam-A.
1606 233 1645 268 C.
1659 234 1727 268 552

89 302 141 343 αἵ
168 313 212 342 τε
245 297 534 354 ἀναχωρήσεις
562 298 706 349 αὐτοῖς
740 298 790 340 οὗ
823 297 1148 350 διεσπασμέναι,
1176 294 1267 336 ἄλλ’
1307 294 1353 336 ἐν
1379 291 1520 350 κόσμῳ
1541 282 1615 316 Ῑ·Ῑ·
1643 283 1688 316 26

89 366 316 420 ἐγίγνοντο,
350 365 434 406 τῶν
466 365 546 417 μὲν
584 363 938 421 ὀπισθοφυλάκων
975 364 1020 405 ἐν
1052 363 1107 419 τῷ
1139 361 1277 402 δέοντι
1309 355 1434 416 χώρῳ
1462 372 1537 410 με-

90 428 264 483 νόντων,
291 431 335 479 ἐς
360 431 556 473 πλαίσιον
597 433 644 473 δὲ
684 432 759 486 τῆς
799 429 1012 487 φάλαγγος
1044 427 1320 480 ταττομένης,
1354 422 1428 466 καί
1459 420 1535 478 τὴν

63 495 206 538 Melam
227 497 272 544 ἐς
288 497 419 549 μέσον
443 496 844 552 ἀπολαμβανούσης,
875 495 932 545 ὥς
961 490 1013 536 ἂν
1036 491 1288 548 βεβαιότατα
1313 488 1569 540 διασώζοι-Ῑς

88 578 150 605 το.
187 559 298 603 οὕτω
331 563 378 604 δὲ
409 562 552 605 αὐτῶν
582 560 631 604 τό
662 578 708 617 γε
739 565 830 604 κατ’
857 559 998 618 ἀρχάς
1030 556 1082 602 τά
1101 559 1280 610 πολέμια
1305 556 1444 611 χωρία
1466 557 1541 594 λυ-

88 629 365 681 μαινομένων,
396 626 557 682 ὀλίγαις
579 625 758 684 ὖ’στερον
784 628 964 683 ἡμέραις
983 622 1147 666 ἅπαντα
1170 621 1328 678 διέῤῥει
1347 619 1399 662 τά
1432 635 1542 675 πρα-

88 694 248 747 χθέντα
265 692 338 735 καί
349 695 636 751 ἀνετέτραπτο.
674 693 912 750 Φούλκαρις
938 691 1016 748 γάρ
1041 690 1064 732 ὃ
1089 692 1171 732 τῶν
1188 685 1393 744 Ἐρούλων
1415 703 1542 741 στρα-

91 756 212 814 τηγὸς
240 758 433 816 ἀνδρεῖος
462 761 542 814 μὲν
563 759 698 816 δη’που
723 755 803 816 ἧν,
831 757 906 800 καί
937 754 1126 799 οὕδενότι
1156 757 1356 807 πολέμιον
1383 749 1543 807 ἔπεφν’..

43 839 158 866 ιοκει
178 825 431 878 δειμαίνειν,
464 824 632 882 θρασὺς
666 827 714 868 δὲ
743 823 816 866 καὶ
843 821 1121 880 ταραχώδης,
1142 819 1216 862 καί
1243 817 1291 860 τὸ
1317 815 1543 874 δραστήρι-

93 904 141 931 ον
171 889 223 930 οὔ
253 888 371 942 μάλα
408 892 454 932 ἐν
476 891 629 933 χδέοντι
657 891 928 946 κεκτημένος,
948 887 1184 944 στρατηγοῦ
1213 900 1259 926 τε
1287 882 1361 925 καί
1390 878 1545 938 ἡγεμό-

91 970 162 1004 νος
184 954 234 996 οὕ
252 953 298 997 τὸ
320 962 493 1010 κοσμεῖν
515 957 589 998 καί
609 954 840 998 διατάττειν
867 954 942 1011 τήν
965 953 1159 1011 φάλαγγα
1190 948 1407 1008 γνώρισμα
1435 945 1544 990 εἶναι

89 1019 244 1075 ἡγεῖτο·
267 1020 359 1062 ἄλλ’
391 1020 511 1063 εἵπου
534 1020 770 1078 προφανείς
792 1023 838 1064 ἐν
860 1021 980 1078 μάχῃ
1005 1018 1078 1061 καί
1101 1016 1432 1076 προαλλόμενος,
1461 1016 1545 1055 θυ-

90 1086 158 1143 μῷ
182 1101 228 1127 τε
249 1085 410 1142 ἀθρόον
431 1085 627 1142 ἐμβαλών
652 1089 697 1136 ἐς
724 1085 824 1136 τούς
849 1085 1102 1134 ἀντιπάλους
1109 1119 1122 1138 ,
1151 1083 1292 1126 ἔπειτα
1315 1075 1548 1136 αὕτουργή-

42 1156 177 1198 ιόσειε
205 1149 259 1194 τοὶ
292 1153 496 1206 πολέμια,
535 1152 666 1210 ταύτῃ
703 1169 749 1207 γε
772 1147 895 1208 ηὔχει
931 1150 1003 1194 καὶ
1038 1149 1304 1207 ἐβρενθύετο.
1361 1146 1453 1188 τότε
1478 1142 1567 1200 δηῦ

92 1211 168 1259 οὖν
191 1215 266 1258 καί
281 1219 442 1271 μᾶλλον
461 1219 506 1267 ἒς
530 1219 830 1275 ἀπειροκαλίαν
858 1217 1040 1275 ἠρμένος
1047 1251 1060 1271 ,
1090 1212 1323 1272 ἐπιδρομὴν
1355 1214 1399 1262 ἐς
1420 1208 1544 1265 Πάρ-

90 1299 180 1336 μαν
216 1285 393 1326 ἐποιεῖτο
437 1283 512 1340 τήν
531 1283 666 1328 πόλιν.
704 1282 933 1340 ἐτύγχανεν
969 1285 1016 1326 δὲ
1053 1283 1081 1339 ἦ
1115 1281 1283 1338 Πάρμα
1333 1277 1417 1321 ὗπὸ
1461 1278 1543 1319 τῶν

95 1347 302 1404 Φράγγων
337 1344 419 1405 ἤδη
453 1352 724 1407 κατεχομένη.
762 1352 972 1407 προσῆκον
1009 1351 1056 1391 δὲ
1089 1345 1220 1390 αὕτὸν
1256 1344 1545 1392 κατασκόπους

93 1411 292 1470 πρότερον
306 1415 521 1469 ἐκπέμψαι
544 1413 644 1465 τοὺς
660 1414 1029 1470 γνωματεύσοντας
1046 1416 1090 1463 ἐς
1107 1412 1152 1455 τὸ
1179 1413 1349 1469 ἀκριβὲς
1371 1410 1424 1453 τά
1443 1414 1545 1465 βου-

41 1476 283 1532 αολεύματα
311 1481 393 1522 τῶν
437 1483 672 1535 πολεμίων,
703 1479 812 1524 οὕτω
844 1497 888 1523 τε
920 1483 967 1523 ἐν
1000 1478 1115 1531 τάξει
1150 1481 1223 1521 ἐπὶ
1258 1477 1548 1534 προεγνωσμέ-

94 1560 183 1593 νοις
218 1546 351 1598 ἰέναι,
382 1545 492 1600 ὅδὲ,
537 1550 761 1606 προπετείᾳ
782 1546 891 1605 μόνῃ
925 1548 999 1588 καί
1023 1544 1132 1602 ὅρμῇ
1166 1543 1390 1602 παραλόγῳ
1422 1545 1587 1595 πίσυ-γ,
1606 1572 1647 1606 ,9

92 1625 190 1663 νος,
218 1608 475 1667 ἐπαγόμενος
511 1612 583 1664 ξύν
617 1614 800 1672 ἀκοσμίᾳ
832 1611 876 1656 τὸ
911 1615 994 1655 τῶν
1032 1611 1239 1668 Ἔρούλων
1278 1608 1546 1667 στράτευμα,

93 1674 168 1719 καί
192 1670 346 1727 ἄλλους
369 1676 517 1721 ὅπόσοι
554 1681 601 1721 ἐκ
634 1681 716 1722 τῶν
743 1680 991 1733 Ῥωμαϊκῶν
1021 1675 1187 1721 εἵποντό
1216 1675 1255 1718 οἱ
1300 1675 1547 1731 ταγμάτων,

213 1781 220 1788 -
245 1750 291 1798 ἦν
319 1756 378 1799 R-,
409 1769 482 1793 om.
505 1758 599 1804 vulg.
669 1761 720 1794 13.
736 1760 952 1804 προῳανεὶς
977 1761 1015 1792 R.
1042 1764 1078 1792 et
1095 1757 1225 1803 Lugd.‚
1247 1752 1452 1801 προφανὴς
1472 1766 1548 1791 var.

218 1801 297 1849 ugd.
326 1809 436 1851 atque
459 1804 547 1838 inde
573 1806 669 1851 vulg.
748 1805 1034 1852 προαλλόμενος
1056 1806 1118 1845 Β.,
1150 1802 1417 1851 προαλάμενος
1453 1802 1548 1845 vulg.

162 1880 165 1882 .
191 1850 243 1884 15.
267 1849 381 1898 ταύτῃ
412 1853 473 1894 R„
509 1851 646 1895 ταύτης
678 1853 776 1899 vulg.
874 1855 930 1888 23.
957 1851 1052 1886 ἄλλα
1077 1854 1116 1887 Β.

95 1932 166 1973 que
190 1927 230 1961 in
245 1927 401 1962 diversas
419 1933 540 1973 partes
563 1929 726 1974 palantes
746 1929 1065 1965 distrahebantur:
1095 1929 1159 1963 sed
1180 1928 1326 1962 ordines
1355 1939 1439 1962 suos
1471 1939 1547 1962 ser-

93 1973 236 2016 vahant,
262 1975 424 2008 excubiis
444 1976 592 2021 quidem
613 1988 633 2010 a
651 1982 750 2022 tergo
767 1977 980 2022 opportunis
1005 1977 1044 2010 in
1066 1977 1156 2010 locis
1174 1975 1431 2018 manentibus3
1456 1987 1548 2021 qua-
1580 1995 1584 1999 ·

96 2019 196 2055 ‹ln-ata
222 2032 306 2055 vero
333 2023 410 2055 acie
445 2024 640 2064 instructa,
673 2023 880 2070 praedaque
910 2024 1008 2057 omni
1045 2024 1085 2057 in
1114 2023 1275 2057 medium
1301 2027 1470 2067 recepta,
1506 2027 1549 2056 ut

97 2076 203 2122 quam
222 2068 424 2102 firmissime
447 2071 701 2117 tutissimeque
717 2076 966 2105 asservaretur.
1017 2070 1071 2103 lta
1086 2081 1170 2104 vero
1191 2071 1282 2115 ipsis
1302 2069 1409 2103 initio
1429 2068 1548 2103 hosti-

97 2113 148 2148 ha
165 2113 244 2147 loca
259 2115 539 2161 populantibus,
565 2118 689 2162 paucis
721 2122 806 2163 post
833 2117 962 2151 diebus
991 2117 1112 2151 omnia
1136 2118 1176 2151 in
1204 2117 1422 2150 contrarium
1447 2127 1550 2150 versa

96 2171 242 2206 pessum
259 2162 391 2196 ierunt.
440 2163 603 2198 Fulcaris
627 2166 724 2197 enim
745 2163 963 2199 Herulorum
981 2163 1076 2205 dux,
1102 2169 1269 2197 strenuus
1294 2162 1442 2209 quidem
1471 2163 1550 2203 ille,

96 2205 263 2254 nihilque
293 2208 401 2254 plane
428 2210 610 2245 hosticum
628 2211 824 2245 formidare
847 2211 1007 2252 solebat,
1033 2210 1150 2245 audax
1179 2222 1264 2244 vero
1300 2216 1337 2244 et
1359 2209 1549 2247 inordina—

98 2259 157 2295 tus
177 2259 271 2294 erat,
297 2260 334 2289 et
359 2257 405 2290 ad
431 2269 487 2291 res
509 2258 680 2304 gerendas
702 2258 1007 2304 exequendasque
1024 2269 1098 2291 non
1119 2258 1172 2292 ita
1190 2258 1287 2291 bene
1314 2262 1549 2302 comparatus.

99 2299 228 2346 Neque
245 2301 343 2335 enim
365 2305 542 2349 praefecti
567 2317 608 2338 ac
638 2304 740 2338 ducis
765 2305 873 2339 decus
902 2316 978 2338 esse
1005 2305 1196 2346 censebat,
1229 2304 1341 2337 aciem
1370 2306 1550 2338 instruere

100 2351 210 2392 atque
234 2345 445 2392 disponere:
472 2351 536 2386 sed
557 2352 675 2386 sicubi
698 2353 776 2397 ipse
798 2353 837 2386 in
855 2353 994 2397 praelio
1015 2353 1231 2397 conspicuus
1254 2351 1418 2397 aliosque
1442 2362 1550 2395 prae-

101 2405 247 2427 currens
262 2405 461 2444 magnoque
482 2399 622 2444 impetu
640 2405 678 2433 et
697 2399 824 2433 ardore
849 2399 960 2432 animi
984 2400 1023 2432 in
1049 2398 1191 2432 hostem
1208 2399 1383 2439 ferretur,
1402 2399 1550 2442 suisque

100 2441 180 2485 ‚ipse
208 2440 374 2476 manibus
402 2456 558 2490 pugnam
580 2457 661 2480 cum
694 2444 800 2480 hoste
831 2450 1037 2480 consereret
1057 2471 1067 2487 ‚
1098 2445 1168 2480 hoc
1193 2457 1277 2479 vero
1303 2446 1375 2478 sibi
1400 2455 1549 2487 magnae

99 2486 204 2520 laudi
220 2487 401 2531 ducebat,
424 2491 600 2539 valdeque
620 2505 663 2527 eo
688 2493 836 2526 nomine
865 2491 1096 2538 gloriabatur.
1147 2493 1242 2526 Tum
1268 2503 1352 2525 vero
1377 2490 1549 2534 temporis

99 2535 238 2568 maiore
258 2534 366 2568 etiam
378 2540 582 2574 temeritate
601 2536 728 2580 elatus,
749 2541 789 2572 in
806 2540 1030 2573 Parmensem
1049 2539 1177 2573 urbem
1199 2540 1447 2572 excursionem
1464 2538 1554 2573 fecit

101 2579 194 2626 (erat
211 2591 296 2615 vero
318 2583 390 2615 iam
411 2589 488 2618 tum
500 2587 624 2621 Parma
639 2599 659 2620 a
678 2586 826 2621 Francis
852 2586 1039 2633 occupata)
1063 2598 1217 2632 cumque
1235 2586 1454 2631 oportuisset
1470 2597 1551 2620 eum

101 2628 344 2671 speculatores
366 2631 466 2674 prius
487 2635 665 2674 emittere,
681 2630 745 2678 qui
763 2633 924 2668 hostium
949 2634 1101 2667 consilia
1123 2638 1286 2667 accurate
1311 2633 1550 2675 explorarent,

102 2679 213 2720 atque
238 2674 289 2708 ita
321 2677 489 2711 ordinate
517 2679 562 2712 ad
589 2692 645 2714 res
665 2682 910 2725 praecognitus
937 2682 1134 2714 exercitum
1159 2680 1310 2713 ducere:
1346 2678 1410 2713 ille
1446 2692 1553 2725 prae-

105 2721 294 2769 cipitantia
315 2723 391 2758 sola
415 2730 452 2759 et
477 2727 668 2762 temerario
686 2727 799 2762 animi
821 2729 958 2774 impetu
990 2728 1122 2768 fretu8‚
1150 2727 1252 2761 nullo
1282 2725 1408 2762 ordine
1431 2727 1549 2762 Heru-
