1794 3112
570 91 947 135 msTomAnuM
996 95 1068 135 111.
1104 96 1142 141 3.
1486 71 1588 138 143

146 199 358 251 κουστῶν,
409 195 469 245 ὥς
499 197 696 249 πολέμιος
721 194 1023 252 ὃιαφθαρειή”.
1092 193 1264 236 τοιαῦτα
1292 180 1339 236 δὲ
1366 191 1443 235 τοῦ
1467 194 1640 246 βασι-Α.
1658 201 1774 245 (1.55ῑ

141 268 248 316 λέως
285 263 639 318 ἆπΰκριναμένου,
689 260 767 303 καὶ
799 261 1071 317 παραπλήσια
1114 259 1274 302 τούτων
1312 261 1359 302 ἐν
1397 260 1591 314 ἐπιστολῇ
1600 249 1663 282 LI·
1675 252 1721 285 ²8

139 337 228 380 τοῖς
264 333 518 385 στρατηγοῖς
538 325 822 383 σημήναντος,
864 324 988 369 οὐδὲν
1013 325 1074 369 ἔτι
1099 326 1122 369 ὅ
1144 323 1340 381 Ἰωάννης
1362 325 1597 381 περαιτέρω

142 392 474 446 ἀνεπυνθάνετο,
513 393 607 434 ἀλλ’
635 395 894 450 ἐπειλῆφθαι
921 387 1000 448 ἤδη
1021 395 1093 434 καί
1120 391 1298 446 ἔχεσθαι
1333 392 1410 433 τοῦ
1445 392 1592 446 ζητου-

113 461 268 516 ὄμένου
290 456 568 516 ἀποχρώντως
594 457 824 514 ἡγούμενος
836 492 850 512 ,
879 459 1082 514 ἐπανῆκεν
1105 453 1234 506 αὖθις
1260 459 1304 507 ἐς
1325 455 1525 511 Κόλχους
1547 453 1630 497 rbc

137 528 314 583 γράμμα
339 526 462 567 τοῦτο
493 523 809 581 ἐπιφερόμενος·
854 522 875 567 ὃ
897 522 947 580 δὴ
974 522 1196 580 Μαρτῖνός
1226 538 1271 564 τε
1294 522 1367 564 καί
1397 523 1595 564 εΡούστι-

139 607 212 642 κος
235 588 550 644 ἀναλεξάμενοι,
578 593 651 632 καί
673 590 789 644 μάλα
811 590 1028 647 εὔπρεπῶς
1046 589 1363 645 ἐσκευωρῆσθαι
1386 587 1432 630 τὸ
1452 589 1596 644 δρᾶ,ιια

139 656 357 714 εὗρόντες,
386 653 520 706 εὐθὺς
545 655 618 698 ἐπὶ
638 655 714 711 τὴν
738 658 887 712 πρᾶξιν
916 654 1120 711 ἐχώρουν.
1158 653 1514 709 συγκαλεσάμενοι
1541 654 1592 710 δὴ

140 720 220 766 οὖν
252 720 477 767 Ἰουστῖνόν
503 739 550 764 τε
577 722 652 764 καὶ
675 721 844 778 Βούζην
872 723 944 763 καί
970 719 1018 763 τὸ
1040 722 1271 776 μελετηθὲν
1305 717 1595 775 ἀποκρύπτον-

89 803 233 843 ιοτες,
269 790 430 846 χρῆναι
465 787 631 845 ἔφασαν
656 787 733 844 τὴν
766 787 968 843 ταχίστην
1005 787 1063 836 ὥς
1092 789 1134 829 Γ
1132 784 1317 842 ουβάζην
1347 787 1480 839 ἰέναι,
1521 785 1595 837 ’ξὺν

136 852 253 912 αὖτῷ
274 871 320 897 τε
347 853 632 909 βουλεύεσθαι
663 851 773 903 ὅπως
802 861 889 904 τοῖς
917 856 960 904 ἐς
990 851 1236 908 Ὀνόγουριν
1256 854 1453 907 γΠέρσαις
1477 853 1594 909 κοινῇ

135 921 465 976 ἕπελευσόμεθα.
493 921 534 962 οἱ
559 923 630 973 δὲ,
660 920 827 970 τούτοις
849 922 1140 973 πεπεισμένοι,
1171 918 1505 975 ξυνεπορεύοντο.
1533 920 1594 960 εἶ’-

133 1002 232 1029 πετο
258 988 306 1030 δὲ
327 988 476 1036 αὐτοῖς
497 985 679 1043 βραχεῖά
703 1003 768 1036 τις
792 987 838 1028 ἐκ
863 989 946 1028 τῶν
964 985 1191 1041 ταγμάτων
1215 985 1440 1040 ἀπόμοιρα*
1468 983 1594 1039 γνούς

136 1054 183 1095 δὲ
210 1051 467 1109 ὅΓουβάζης
483 1053 541 1103 ὥς
568 1051 720 1095 αὐτίκα
739 1053 858 1106 μάλα
881 1051 922 1094 οἱ
945 1050 1175 1109 στρατηγοὶ
1193 1052 1260 1093 ἐπ’
1282 1047 1410 1092 αὐτὸν
1432 1048 1592 1105 ἥξουσι,

85 1117 210 1162 ιδκαί
231 1115 357 1162 οὖδὲν
377 1118 518 1161 ὁτιοῦν
541 1115 738 1171 ἀντίξουν
763 1117 1048 1174 ὑποτοπήσας,
1077 1116 1355 1173 παραγίνεται
1380 1113 1497 1172 ἆμφί
1517 1114 1591 1158 τὸν

134 1185 320 1239 Χωβοῦν
341 1182 417 1226 τὸν
443 1182 646 1238 ποταμόν.
675 1183 862 1228 ἐνταῦθά
882 1201 928 1226 τε
953 1180 1099 1233 αὐτοῖς
1121 1182 1142 1226 ὃ
1175 1181 1359 1233 δείλαιος
1379 1181 1630 1224 &navari-D

137 1251 199 1301 ζει
216 1245 459 1306 οἷφύλακτός
483 1267 528 1292 τε
562 1249 635 1292 καί
659 1250 921 1307 θαρραλέος,
973 1251 1046 1291 καί
1069 1249 1164 1292 λίαν
1197 1246 1358 1303 ὀλίγους
1381 1251 1466 1290 τῶν
1487 1245 1592 1290 ὄπα-

138 1316 225 1357 δῶν
253 1313 532 1370 ἐπαγόμενος,
582 1318 658 1358 καί
689 1315 862 1366 τούτους
905 1311 1111 1364 ἆνόπλους
1150 1313 1224 1357 καὶ
1258 1311 1333 1356 οὗκ
1374 1315 1417 1363 ἐς
1448 1313 1591 1368 μάχην

134 1384 568 1438 παρεσκευασμένους.
611 1383 700 1431 πῶς
728 1383 774 1423 δὲ
802 1382 877 1423 οὐκ
909 1377 961 1423 ἂν
990 1378 1126 1430 οὕτως
1153 1383 1264 1422 ἵκετο
1290 1378 1405 1436 παρὰ
1441 1378 1592 1435 φίλους

81 1459 183 1488 ὀτε
199 1440 273 1489 καί
300 1446 493 1502 ξυνήθεις
516 1448 590 1489 καί
607 1448 800 1504 φύλακας
820 1449 892 1502 τῆς
918 1447 1062 1503 χώρας
1087 1446 1159 1488 καί
1179 1444 1329 1502 ἥκιστα
1351 1446 1590 1499 πολεμιόυς,

138 1513 300 1566 μᾶλλον
317 1514 396 1566 μὲν
418 1508 493 1555 οὖν
524 1515 597 1555 καί
618 1514 701 1556 τῶν
737 1513 912 1556 ὀθνείων
952 1515 1121 1570 ἐχθρῶν
1151 1509 1433 1567 ἆλεξητῆραςς

226 1599 259 1632 3.
287 1596 524 1644 σημήναντος
555 1599 594 1631 Β.
632 1597 734 1644 (CL),
773 1597 1012 1644 σημάναντος
1045 1597 1139 1643 vulg.
1305 1594 1421 1630 ου’δὲν
1458 1592 1517 1628 ὅτι
1547 1595 1590 1631 Β.

253 1670 259 1675 .
285 1644 351 1687 ἤδη
378 1656 447 1678 om.
475 1646 513 1678 R.
611 1655 641 1689 7.
667 1647 955 1689 ἐσκευωρῆσθαι
969 1645 1034 1686 CL,
1061 1645 1320 1689 ἐσκευωρῆσαι
1348 1645 1400 1683 R„
1429 1642 1589 1676 ἐσκευω-

226 1694 382 1737 ρεῖσθαι
406 1691 498 1736 vulg.
553 1701 603 1725 ιι.
630 1692 671 1725 ἐν
697 1691 897 1736 Ὀνόγουρι
913 1694 950 1724 R.
976 1703 1006 1725 2.
1022 1703 1070 1728 m.
1095 1691 1199 1736 Vulg.
1226 1691 1364 1735 ubique
1386 1687 1588 1733 Ὀνούγου-

225 1749 301 1783 ριν,
321 1739 358 1771 R.
373 1745 411 1772 et
435 1739 546 1783 Intpr.
568 1736 790 1784 Ὀνόγουριν
810 1739 985 1772 scribunt.
1065 1737 1410 1782 12.ἐπελευσο’μεθα
1428 1738 1464 1768 R.
1489 1736 1588 1782 (CL),

219 1784 515 1831 ἐπελευσώμεθα
547 1786 641 1830 vulg.
763 1787 813 1819 16.
853 1787 988 1829 Χώβος
1013 1786 1182 1824 Arriano,
1237 1784 1356 1818 cobus
1380 1784 1586 1828 Interpreti.

219 1828 289 1867 τόν
312 1838 400 1866 ante
424 1831 603 1878 ποταμόν
626 1844 694 1866 om.
722 1832 759 1864 R.
884 1845 933 1877 ¹9·
961 1832 1350 1879 παρασκευασμένους
1371 1832 1410 1863 R.
1529 1840 1586 1864 ω.

220 1877 375 1926 ἐχθρῶν
400 1880 437 1912 Β.
464 1885 502 1912 et
533 1879 648 1924 lntpr.
675 1878 856 1921 hostibus,
879 1880 972 1925 vulg.
998 1880 1132 1914 ἐθνῶν.

130 1947 251 1992 itaque
280 1958 453 1992 responso
482 1951 650 1992 accepto,
682 1959 763 1980 cum
794 1949 831 1981 in
874 1948 1025 1981 eandem
1059 1948 1135 1981 fere
1178 1948 1399 1982 sententiam
1442 1958 1504 1980 rex
1541 1945 1588 1979 ad
1643 1988 1647 1992 .

128 1994 328 2038 praefectos
343 1995 499 2028 militiae
523 1995 736 2039 scripsisset,
762 1994 859 2028 nihil
879 1996 976 2028 ultra
1002 2001 1057 2028 est
1075 2001 1355 2040 percunctat1183
1384 1993 1447 2027 scd
1467 1994 1586 2026 abun›

129 2040 176 2073 de
187 2041 362 2086 petitioni
379 2053 462 2074 suae
476 2043 562 2074 satis
579 2042 712 2074 factum
730 2053 807 2075 esse
829 2053 992 2082 censens,
1018 2043 1211 2075 confestim
1228 2042 1273 2076 ad
1292 2041 1446 2075 Colchos
1464 2052 1584 2074 rever-

126 2087 230 2128 titur,
254 2087 395 2121 litteras
418 2089 534 2134 regias
560 2089 757 2133 perferens.
787 2088 885 2134 Quas
923 2100 1004 2121 cnm
1026 2089 1204 2122 Martinus
1234 2095 1270 2122 et
1294 2089 1451 2121 Iustinus
1476 2089 1587 2132 legis-

128 2139 230 2175 sent,
255 2144 335 2167 cum
354 2134 522 2168 viderent
539 2141 656 2168 actum
679 2135 777 2169 hunc
800 2137 889 2169 scite
911 2137 1127 2169 instructum
1141 2161 1150 2176 ‚
1192 2135 1237 2169 ad
1265 2134 1474 2168 audendum
1495 2135 1586 2168 faci-

126 2191 196 2214 nus
214 2188 293 2214 sese
317 2182 560 2216 contulerunt.
613 2182 827 2216 Convocatis
848 2184 974 2228 itaque
998 2184 1140 2216 Iustino
1163 2189 1200 2216 et
1216 2184 1309 2215 Buse
1323 2207 1333 2223 ‚
1357 2182 1396 2215 id
1426 2182 1525 2227 quod
1545 2182 1584 2215 in

127 2227 249 2260 animo
273 2237 337 2261 uuo
367 2229 553 2274 agitabant
578 2229 756 2271 celantes,
788 2231 1040 2275 significarunt
1063 2231 1108 2264 ad
1131 2229 1315 2262 Gubazem
1341 2240 1447 2274 quam
1481 2230 1583 2262 citis-

127 2274 218 2308 sime
250 2284 328 2308 esse.
354 2275 650 2309 contendendum
684 2282 719 2310 et
751 2288 831 2309 cum
857 2289 901 2310 eo
922 2277 1210 2317 consultandum,
1234 2288 1306 2322 quo
1331 2282 1436 2321 pacto
1462 2277 1584 2309 Persas

129 2319 332 2366 Onogurim
350 2321 551 2356 insidentes
574 2323 715 2356 collatis
735 2323 874 2357 viribus
899 2324 1140 2358 adorirentur.
1181 2323 1228 2357 Hi
1247 2335 1332 2357 vero
1352 2322 1452 2356 hisee
1470 2325 1583 2356 ratio-

126 2366 238 2400 nibus
259 2367 422 2412 persuasi
443 2380 522 2402 una·
537 2370 693 2414 profecti
725 2376 828 2411 sunt,
857 2372 986 2416 exigua
1014 2371 1168 2415 quadam
1193 2381 1212 2404 e
1236 2370 1443 2415 legionibus
1474 2381 1583 2403 manu

126 2414 300 2448 comitati.
353 2413 517 2448 Guhazes
542 2415 607 2449 ubi
628 2415 822 2450 adventare
846 2417 892 2450 ad
914 2429 952 2450 se
977 2419 1179 2462 praefectos
1200 2418 1377 2450 exercitus
1403 2417 1583 2460 cognovit,

126 2460 224 2494 nihil
245 2461 354 2505 plane
372 2461 511 2495 sinistri
534 2463 751 2507 suspicatus,
777 2465 869 2497 circa
888 2463 1057 2499 Chobum
1076 2475 1218 2497 amnem
1236 2465 1344 2496 miser
1370 2463 1421 2496 (εἰς
1439 2463 1582 2495 obviam

125 2507 313 2552 procedit,
347 2518 493 2541 securus
514 2509 623 2553 plane
653 2516 691 2543 et
722 2509 819 2544 nihil
850 2517 1035 2552 mentem,
1076 2512 1203 2557 paucis
1237 2509 1430 2543 admodum
1461 2521 1481 2542 e
1508 2511 1583 2542 suis

127 2555 317 2587 comitatus
331 2579 341 2595 ‚
365 2560 475 2600 atque
503 2556 549 2588 iis
568 2555 715 2602 quidem
738 2558 938 2592 inermibus
953 2584 962 2599 ‚
984 2570 1105 2604 neque
1131 2558 1178 2591 ad
1197 2568 1352 2602 pugnam
1383 2557 1580 2590 instructis.

126 2599 269 2646 Quidni
295 2602 392 2635 enim
413 2602 464 2635 ita
486 2602 628 2636 veniret
649 2602 695 2636 ad
722 2605 854 2638 amicos
884 2610 922 2638 et
947 2605 1143 2639 familiares
1166 2609 1203 2637 et
1227 2602 1393 2636 custodes
1428 2603 1580 2647 provin-

130 2648 208 2681 ciae
233 2653 270 2729 elt
299 2659 529 2716 nequssquam
575 2647 722 2692 hostes,
752 2651 860 2686 immo
887 2651 1011 2699 potius
1045 2652 1153 2686 etiam
1185 2654 1388 2685 exterarum
1417 2650 1579 2695 gentium

125 2703 242 2742 propu
259 2700 414 2731 satores.
