1832 3152
268 139 374 208 278
844 149 1114 192 AGATfflAE

92 307 129 338 Λ.
145 306 254 352 0557
376 293 426 335 α’.
485 252 651 335 Οὕτω
669 293 746 344 μὲν
769 287 842 332 οὖν
863 292 913 333 τα
941 291 1098 344 μεγάλα
1117 290 1188 333 καί
1201 291 1436 347 ἀμφήριστοι
1456 294 1550 348 γένη
1570 291 1672 334 κατὰ

138 353 251 431 &igi
265 358 310 400 τὸ
334 359 588 411 ξυγκείμενον
619 355 670 398 τὰ
701 353 802 397 ὅπλα
825 354 985 408 ἔθεντο,
1032 357 1100 396 καί
1124 356 1352 410 ἠρεμοῦντα
1383 356 1452 398 ἐπὶ
1466 356 1674 414 μακρότα-

134 420 243 474 v'‚,00
259 439 326 463 τον
360 418 575 474 διετέλουν,
604 420 660 470 ὥς
681 421 811 475 μηδὲν
841 419 979 460 ὁτιοῦν
1000 416 1086 472 τόγε
1107 420 1167 460 ἐπ’
1179 419 1342 468 ἐκείνοις
1365 416 1554 474 ὁπότερον
1575 423 1672 474 γοῦν

265 483 402 527 αὐτῶν
425 488 720 526 διαπονεῖσθαι.
735 484 779 525 ἐν
799 481 927 537 τούτῳ
943 483 988 522 δὲ
1006 479 1042 522 οἱ
1059 480 1227 532 Τζάννοι
1241 481 1286 525 τὸ
1306 480 1441 532 Ιἔθνος·
1457 486 1611 526 οἰκοῦσι
1623 485 1670 524 δὲ

255 550 305 602 τοὶ
330 549 430 605 πρὸς
445 549 556 590 νότον
579 545 728 600 ἄνεμον
755 549 826 588 τοῦ
856 547 1050 596 Εὐξείνου
1075 545 1246 598 πόντου,
1274 545 1353 587 ὑπὸ
1376 549 1688 602 Τραπεζοῦνταό

255 614 328 668 τήν
342 615 468 656 πόλιν·
498 609 606 655 οὗτοι
623 611 671 667 δή
695 607 768 653 οὖν
781 611 817 653 οἱ
838 608 1022 662 Τζάννοι,
1042 609 1173 651 καίτοι
1193 611 1238 651 ἐκ
1261 613 1439 651 παλαιοῦ
1458 610 1661 652 ὑπόσπον-

258 679 330 720 δοί
343 695 384 720 τε
411 678 482 720 καί
500 677 689 731 κατήκοοι
716 678 799 717 τῶν
829 676 1053 727 ιΡωμαίων
1075 676 1342 728 γεγενημένοι,
1371 673 1472 715 ἀλλὰ
1498 674 1587 716 τότε
1612 674 1656 717 τὸ

260 746 336 795 μέν
360 757 399 784 τι
421 743 558 783 αὐτῶν
577 741 708 794 εἴχετο
725 742 807 781 τῶν
835 741 1055 794 προτέρων,
1083 740 1154 779 καί
1173 734 1477 779 ἀκολασταίνειν
1501 738 1551 778 οὔ
1573 741 1668 779 λίαν

256 805 419 860 ἐγνώκει
433 839 445 858 ,
483 805 518 845 οἱ
545 806 590 845 δέ
620 820 664 857 γε
688 805 829 844 πολλοί
855 804 1045 857 παρέντες
1073 800 1124 843 τὰ
1156 803 1409 853 καθεστῶτα,
1436 805 1605 857 λῃστρικ
1617 799 1672 842 ai-

259 887 376 924 τερον
406 870 624 922 ἐβιότευον,
654 867 724 909 καί
741 869 1009 915 καταθέοντες
1028 865 1078 908 τὰ
1105 862 1219 921 ἀμφὶ
1244 864 1320 906 τὸν
1336 864 1500 907 Πόντον
1521 866 1722 919 χωρία,ιο

254 933 347 982 τούς
375 949 419 974 τε
463 932 613 987 οἲγροὺς
658 930 898 985 ἐλεηλάτουν
935 932 1005 973 καί
1038 928 1133 978 τοὺς
1178 927 1419 984 ὁδοιπόρους
1465 928 1662 970 ἐσίνοντο·

257 1000 471 1050 ἐπέβαινον
497 999 543 1038 δὲ
565 998 635 1037 καί
659 996 896 1050 Ἀρμενίας,
926 991 1019 1035 ὅποι
1030 995 1229 1049 παρείκοι,
1258 993 1330 1035 καί
1352 991 1541 1048 ἅρπαγας
1556 994 1667 1033 ἐποι-

256 1063 387 1113 οῦντο,
416 1060 487 1101 καί
515 1061 636 1101 οὐδὲν
659 1057 793 1100 ὁτιοῦν
813 1057 1016 1114 ἐφρόνουν
1045 1055 1364 1112 ἀλλοτριώτερον
1392 1057 1474 1098 τῶν
1509 1058 1670 1111 διαφα-

256 1127 338 1166 νιῧν
385 1125 604 1176 πολεμίων.
669 1123 878 1177 τοιγάρτοι
919 1123 1126 1163 στέλλεται
1163 1122 1225 1161 ἐπ’
1248 1117 1400 1168 aziz-0133
1443 1119 1672 1174 Θεόδωρος,

257 1189 280 1230 ὅ
313 1190 438 1243 σςοῶν*
460 1190 537 1241 μὲν
560 1185 780 1242 ὁμόφυλος,
808 1185 860 1227 τὰ
881 1187 926 1227 δὲ
947 1191 1126 1240 πρωτεῖα
1145 1182 1365 1240 φερόμενος
1384 1186 1430 1226 ἐν
1448 1189 1534 1232 τοῖς
1565 1183 1721 1228 ‘Pto-15

138 1261 253 1302 P.144
264 1256 425 1304 μαϊκοῖς
455 1250 702 1303 ταξιάρχοις·
738 1248 926 1298 πολλάκις
959 1250 1018 1301 δὲ,
1053 1246 1182 1300 οἶμαι,
1208 1247 1353 1288 τούτου
1379 1245 1449 1287 καὶ
1475 1245 1670 1301 πρότερον

255 1315 536 1369 ἐπεμνήσθην.
564 1312 643 1355 ἅτε.
666 1312 742 1368 γὰρ
773 1315 846 1367 τῆς
883 1314 1032 1360 οἰκείας
1057 1311 1198 1364 χώρας
1222 1303 1565 1364 δαημονέστατος,
1603 1308 1674 1351 καὶ

255 1377 357 1420 ὅθεν
389 1378 605 1431 ἐμβάλλειν
640 1372 787 1431 ἄριστα
807 1371 955 1430 ἤμελλε
966 1409 978 1427 ,
1018 1377 1089 1416 καί
1124 1370 1218 1415 ὅποι
1245 1375 1566 1426 ἐναυλίσασθαι,
1600 1371 1673 1418 καὶ

253 1442 368 1491 ὅπως
402 1440 500 1490 τούς
531 1443 744 1493 δυσμενεῖς
777 1440 1014 1492 ἀνιχνεῦσαι
1047 1440 1091 1488 ἐς
1122 1437 1166 1480 τὸ
1195 1434 1361 1494 ἀκριβὲς
1391 1437 1668 1491 ἐπιστάμενος,

252 1507 419 1555 εἰκότως
447 1501 526 1561 ἄρα
555 1507 729 1557 ἐκεῖνος,
758 1505 804 1545 ἐκ
827 1505 1026 1557 βασιλέως
1057 1502 1170 1561 αὐτῷ
1191 1503 1537 1558 προστεταγμένον
1552 1533 1566 1553 ,
1592 1502 1715 1543 §mbo

251 1571 370 1626 τήνδε
403 1570 479 1625 τήν
499 1573 645 1626 πρᾶξιν
671 1570 832 1626 ἐχώρει.
870 1564 978 1625 ἄρας
1012 1568 1062 1624 δή
1085 1565 1159 1611 οὖν
1187 1570 1232 1612 ἐκ
1267 1570 1338 1623 τῆς
1360 1569 1565 1622 Κολχίδος
1592 1570 1667 1624 γῆς

1105 1630 1117 1645 ἱ

343 1668 467 1713 yson
490 1665 530 1701 τὸ
558 1668 630 1713 μὲν
645 1670 682 1701 Β.
710 1668 808 1714 (CL),
826 1667 907 1700 τότε
930 1666 1003 1713 μὲν
1025 1668 1116 1712 vulg.
1214 1678 1263 1702 ιη.
1286 1665 1484 1713 Ἀρμενίαν
1503 1667 1541 1700 R.
1615 1665 1666 1708 14.

341 1716 472 1760 ‘solyme
502 1715 621 1752 στέλλ.
642 1715 680 1749 Β.
755 1715 805 1750 18.
832 1712 966 1759 ἤμελλε
979 1715 1034 1754 Β.,
1053 1712 1217 1759 ἤμελλον
1236 1713 1327 1758 vulg.

345 1922 372 1944 ι.
419 1865 497 1944 Ita
532 1909 676 1955 quidem
701 1909 872 1942 maximae
903 1912 939 1941 et
967 1908 1099 1942 dubiae
1131 1907 1227 1941 inter
1258 1918 1296 1940 se
1325 1907 1510 1951 potentiae
1543 1907 1661 1939 natio-

251 1967 313 1996 nes
329 1980 338 1996 ,
363 1960 403 1989 ut
428 1961 661 1996 convenerat,
706 1966 800 1988 arma
832 1955 1094 1998 deposuerunt,
1119 1955 1313 1997 quieteque
1338 1952 1536 1984 diutissime
1559 1963 1659 1985 man-

249 2007 396 2042 serunt,
420 2003 471 2034 ita
494 2006 535 2034 ut
562 1999 688 2034 'neutra
712 2012 791 2049 pars
823 2001 861 2032 in
894 2000 1038 2032 alteram
1065 2000 1253 2044 quicquam
1285 1998 1479 2033 moliretur.
1525 1997 1589 2029 Per
1622 1996 1661 2038 id

250 2052 388 2090 tempus
411 2046 539 2087 Zanni,
563 2058 645 2091 gens
672 2046 836 2079 australia
854 2045 898 2077 ad
921 2046 1094 2078 Euxinum
1119 2045 1266 2079 Pontum
1288 2044 1364 2086 loca
1387 2043 1543 2076 incolens
1568 2042 1693 2075 eirea“

251 2093 374 2124 urbem
399 2093 666 2135 Trapezuntem3
690 2103 733 2126 ex
755 2092 823 2132 his,
846 2092 1001 2135 inquam3
1026 2091 1161 2129 Zannis,
1185 2101 1262 2121 cum
1292 2087 1336 2120 ab
1364 2090 1512 2132 antiquo
1528 2088 1660 2126 >foede--

199 2171 202 2173 Α
252 2138 317 2171 rati
334 2133 540 2182 subditique
555 2139 790 2170 Romanorum
815 2137 976 2177 fuissent,
995 2136 1157 2171 nonnulli
1179 2135 1354 2167 veteribus
1377 2134 1487 2178 pactis
1508 2133 1660 2174 stabant,

250 2193 369 2227 neque
393 2189 554 2226 proterve
580 2183 850 2223 insolescebant3
875 2183 951 2222 alii,
975 2182 1127 2226 pristino
1149 2181 1240 2212 vitae
1260 2185 1352 2212 statu
1366 2180 1540 2225 neglecto,
1556 2190 1659 2223 prae-

252 2228 384 2261 donum
414 2228 452 2260 in
474 2239 606 2263 morem
633 2229 816 2267 vivebant,
841 2228 988 2272 locaque
1012 2228 1121 2260 Ponto
1153 2225 1350 2258 adiacentia
1375 2225 1554 2258 hostiliter
1577 2235 1658 2268 per-

252 2279 444 2313 currentes,
469 2278 506 2306 et
530 2285 628 2318 agros
653 2272 969 2318 depraedabantur,
994 2278 1030 2305 et
1057 2271 1250 2305 viatoribus
1279 2277 1378 2303 erant
1401 2270 1544 2304 infesti:
1569 2271 1658 2315 quin

252 2324 288 2353 et
314 2319 352 2351 in
378 2318 575 2351 Armeniam
601 2320 816 2364 transgressi,
842 2318 957 2363 quoad
978 2322 1153 2362 poterant,
1172 2316 1317 2361 praedas
1332 2316 1514 2360 agebant,
1539 2325 1657 2359 neque

250 2365 354 2397 aliter
379 2375 427 2404 se,
447 2375 552 2408 quam
577 2366 607 2396 si
635 2365 748 2409 aperti
774 2364 892 2396 hostes
917 2369 1043 2403 essent,
1071 2362 1251 2407 gerebant,
1288 2358 1443 2394 Mittitur
1468 2362 1586 2404 itaque
1617 2360 1655 2396 in

250 2421 309 2443 eos
343 2409 561 2449 Theodorus,
589 2421 709 2444 eorum
728 2410 930 2455 popularis,
963 2410 1091 2453 primas
1127 2410 1220 2441 inter
1250 2409 1418 2439 Romanos
1450 2405 1547 2438 ducis
1574 2416 1655 2450 par-

248 2460 301 2488 tes
330 2455 516 2494 obtinens,
541 2455 637 2487 cuius
661 2466 764 2498 supra
789 2456 993 2498 frequenter
1020 2454 1176 2486 memini.
1223 2452 1311 2484 Nam
1336 2453 1409 2492 ille,
1431 2456 1471 2484 ut
1493 2461 1575 2483 suae
1599 2461 1657 2482 re·-

249 2501 362 2545 gionis
386 2501 632 2543 peritissimus,
656 2507 692 2533 et
715 2512 734 2533 e
763 2512 832 2544 qua
858 2505 957 2544 parte
983 2501 1115 2542 optime
1147 2510 1222 2531 eam
1258 2498 1411 2530 invasuri
1439 2496 1654 2534 viderentur,

250 2546 314 2578 ubi
346 2547 451 2585 etiam
488 2545 771 2580 commodissime
813 2552 923 2578 castra
946 2545 1095 2577 locanda
1114 2569 1122 2584 ‚
1157 2550 1193 2576 et
1217 2542 1393 2587 quomodo
1426 2541 1544 2574 hostes
1569 2552 1651 2584 per-

249 2591 445 2635 vestigandi
479 2597 608 2630 essent,
641 2591 685 2623 ad
716 2602 870 2635 unguem
904 2596 1033 2632 norat3
1069 2590 1195 2622 merito
1226 2588 1449 2632 Imperatoris
1481 2587 1578 2620 iussu
1609 2585 1654 2618 ad

250 2636 317 2668 hoc
343 2637 524 2680 negotium
546 2637 804 2669 conficiendum
822 2641 875 2668 est
903 2637 1040 2671 missus.
1074 2635 1206 2668 Castris
1226 2635 1347 2678 itaque
1370 2643 1389 2664 e
1412 2631 1575 2664 Colchica
1600 2641 1655 2663 re-

251 2682 353 2725 gione
378 2692 455 2715 cum
480 2682 571 2720 iusto
597 2683 751 2721 ,exercitu
775 2682 900 2722 moda,
928 2682 1075 2727 eiusque
1102 2682 1188 2719 lines
1222 2680 1312 2712 ultra
1335 2676 1516 2715 Phasidem
1553 2687 1652 2716 occa—
