1832 3152
578 121 952 164 ms'rofflARUM
992 124 1061 164 1v.
1091 125 1129 170 7.
1334 151 1336 153 ,
1465 121 1495 158 2
1510 121 1577 175 19

148 240 232 267 νων
246 257 260 277 ,
287 223 337 266 vd
361 222 502 279 πλήθη
523 224 609 267 τῶν
629 221 810 277 Κόλχων
833 223 985 280 (αὐτοῦ
1002 221 1081 279 γὰρ
1103 221 1402 281 συνήθροιστο)
1428 225 1676 269 ἑπαῖεινΑ.Ο.
1693 232 1761 269 555

148 292 227 344 μὲν
249 289 300 330 οιῖ
327 287 440 342 μάλα
463 289 663 343 ἠδύναντο
690 291 762 344 τῆς
791 291 875 331 τῶν
897 289 1028 344 λόγων
1056 287 1304 344 ἀπαγγελίας
1329 285 1357 344 ἢ
1387 291 1459 344 τῆς
1494 290 1576 331 τῶν

147 353 360 409 νοημάτων
389 354 632 408 δεινότητος·
682 351 796 407 ὅμως
835 356 880 396 δὲ
915 354 962 396 τὸ
999 357 1144 410 χρῆμα
1181 354 1467 409 γιγνώσκοντες
1504 355 1573 409 ἐφ’

151 415 258 479 ᾧπερ
287 421 439 462 ἕκαστα
472 418 671 473 ἐτύγχανε
711 422 968 475 προηγμένα,
1016 418 1328 474 ἀγωνιζομένοις
1359 437 1404 461 τε
1439 421 1620 469 αὕτοῖςΒ

123 483 211 526 5ἔτι
230 483 517 538 συνεμόχθουν
539 486 588 541 τῇ
612 485 824 543 προθυμίᾳ
838 519 849 538 ,
890 485 962 527 καί
986 485 1308 540 συμπεριὴγοντο
1337 491 1428 534 ταῖς
1448 501 1579 537 μετα-

146 553 290 603 βολαῖς
317 551 400 592 τῶν
433 551 684 605 σχημάτων·
731 547 837 606 οὕτω
862 567 907 593 τε
928 549 1002 601 τοὶς
1027 550 1171 605 ψυχὰς
1191 552 1410 603 διέκειντο,
1449 549 1505 598 ὥς
1531 544 1581 592 ἂν

152 615 300 665 αὐτοῖς
332 617 477 658 ἐκεῖνοι
511 617 772 672 φρονήματος
800 616 914 671 ἔχειν
941 612 967 672 ἢ
999 616 1132 658 οἴκτου
1166 615 1350 658 ἐδόκουν.
1389 617 1462 657 καί
1491 612 1582 657 εἶτα

147 680 290 736 ἐπειδὴ
329 682 405 723 τοῦ
429 681 669 738 ῥητορεύειν
705 684 936 724 ἐπέπαυντο
954 716 967 735 ,
1010 679 1159 723 αὖτίκα
1193 683 1300 735 οἵγε,
1341 678 1582 734 ἐπισχόντος

151 745 292 802 βραχύ
324 749 400 788 τοῦ
434 748 627 789 δικαστοῦ
653 749 724 789 καί
747 750 1068 802 βουλευομένου,
1103 749 1412 802 κατεμέμφοντο
1444 745 1582 801 ἡσυχῇ

99 811 225 855 loma*
247 811 507 868 ἠγανάκτουν
534 810 598 855 ὅτι
630 812 680 869 δη
704 812 764 869 μη
796 810 925 863 εὐθὺς
957 813 996 855 οἱ
1045 813 1222 856 ἐναντίοι
1252 809 1468 869 οἷνῄρηντο·
1509 811 1582 852 τοῦ

151 879 199 920 δὲ
230 880 648 933 παρακελευσαμένου
677 881 750 921 καί
770 881 903 933 λέγειν
931 879 1074 928 αὐτοῖς
1103 875 1209 920 ἅττα
1243 874 1292 919 ἂν
1327 876 1582 932 ἐθελήσαιεν,

150 942 242 986 τότε
264 941 315 999 δὴ
347 947 554 1001 καταβοᾷν
577 946 621 992 ἐς
643 944 690 985 τὸ
719 946 903 1001 ἐμφανὲς
934 947 1042 986 ἵεντο
1051 979 1064 998 ,
1104 946 1176 986 καί
1195 939 1274 999 ἤδη
1299 941 1584 998 ὑπετονθόρυ-

148 1011 247 1063 ζον,
284 1008 357 1050 καί
389 1004 468 1065 ἤδη
500 1007 525 1064 ἦ
560 1008 680 1066 φωνὴ
705 1012 748 1058 ἐς
783 1008 831 1052 τὸ
863 1013 1117 1067 σαφέστερον
1149 1009 1382 1066 διεκρίνετο.
1425 1009 1515 1049 ἀλλ’
1545 1007 1584 1049 οἱ

148 1073 255 1131 πρὸς
297 1073 344 1116 τὸ
385 1082 626 1132 κατηγορεῖν
668 1077 930 1132 τεταγμένοι,
977 1083 1067 1125 ταῖς
1104 1074 1230 1131 χερσί
1269 1071 1585 1126 καταπαύοντες,
1628 1096 1630 1098 v

1601 281 1626 313 Ι.
1639 280 1665 314 L
1679 291 1725 325 29

95 1141 358 1194 “ι5ἆνέκοψαν
390 1139 463 1195 την
487 1143 716 1197 περαιτέρω
751 1140 886 1198 φορὰν
919 1144 994 1183 τοῦ
1021 1141 1222 1197 θορύβου.
1251 1139 1322 1181 καί
1350 1140 1488 1181 τοίνυν
1514 1146 1681 1181 ot-V.81

147 1208 223 1262 γῆς
263 1208 554 1261 γεγενημένης,
591 1206 814 1262 παρελθών
852 1209 924 1249 καί
968 1207 1212 1255 (Ρούστικος
1253 1208 1299 1248 ἐν
1331 1206 1444 1262 μέσῳ
1492 1202 1615 1257 ἅμαῦ

142 1267 316 1329 Ἰωάννῃ
337 1273 394 1329 τῷ
411 1271 592 1329 ἀδελφῷ,
613 1271 723 1327 ἔλεξε
744 1272 899 1314 τοιάδε·
925 1273 1175 1327 »ΖιΙετηγαγε
1195 1272 1273 1324 μὲν
1299 1271 1399 1326 ἡμῖν
1427 1267 1583 1326 ἀθρόον

149 1339 223 1380 καὶ
245 1338 509 1394 περιέστησεν
537 1340 596 1387 εἰς
621 1335 860 1380 τοῦναντίον
891 1338 969 1388 τὰς
1001 1340 1084 1380 τῶν
1110 1339 1365 1392 ὀόκηθέντων
1393 1337 1583 1390 ἐκβάσεις

146 1402 177 1458 ἦ
205 1401 326 1458 τύχη,
359 1402 441 1456 καί,
470 1404 562 1446 δέον
583 1403 786 1457 μεγίστων
809 1406 941 1459 γερῶν
968 1399 1229 1455 ἀπόνασθαι,
1271 1400 1479 1457 πάρεσμεν
1500 1405 1584 1443 θα-

94 1467 275 1511 -ειονοίτου
296 1467 564 1525 φευξούμενοι
595 1468 724 1524 δίκην·
762 1467 866 1524 πλὴν
889 1465 981 1509 ἀλλ’
1002 1466 1165 1522 ἥδιστος
1195 1465 1294 1522 ἡμῖν
1324 1466 1346 1508 ὅ
1375 1465 1485 1521 ἀγών
1506 1483 1582 1507 κα-

147 1535 391 1590 ταφαίνεται
415 1533 487 1575 καί
509 1536 698 1590 πλείστης
718 1530 817 1589 ὅσης
845 1535 1131 1588 μεγαλαυχίας
1153 1530 1379 1582 ἀνάπλεως.
1414 1531 1582 1586 γενήσε-

148 1617 218 1643 ται
249 1598 328 1656 γὰρ
361 1595 490 1642 ἅπασι
524 1599 860 1656 γνωριμώτερον,
897 1599 954 1650 ὥς
981 1597 1121 1653 μόνοις
1156 1599 1256 1654 ἡμῖν
1287 1597 1503 1653 διήνυσται
1534 1596 1580 1639 τὸ

239 1690 270 1714 2.
298 1676 320 1721 ἢ
343 1679 406 1721 τῆς
427 1699 475 1705 —
494 1680 623 1725 χρῆμα
648 1691 714 1713 om.
741 1680 778 1712 R.
803 1684 859 1720 ct,
888 1684 930 1712 ut
951 1678 1116 1719 videtur,
1136 1679 1250 1723 Intpr.
1363 1677 1395 1720 4.
1422 1675 1515 1721 ὅπερ
1540 1677 1577 1708 R.

246 1737 297 1759 ια.
324 1727 422 1759 ἵεντο
447 1727 482 1759 R.
512 1732 549 1760 et
572 1727 666 1772 vulg.
757 1737 814 1760 21.
843 1725 1037 1762 ἀνάπλεως
1062 1725 1142 1758 add.
1169 1737 1213 1758 ex
1241 1726 1278 1757 R.
1305 1728 1342 1757 et
1363 1725 1476 1768 Intpr.
1499 1724 1580 1769 glo-

239 1773 321 1809 riae
342 1773 500 1820 plenum.

147 1853 362 1889 Colchorum
387 1859 513 1902 copiae
547 1860 608 1898 (eo
647 1859 744 1892 enim
774 1856 1029 1902 convenerant)
1061 1856 1251 1889 verborum
1287 1855 1579 1890 enuntiationem

146 1913 221 1935 non
243 1903 327 1936 satis
352 1904 524 1940 exaudire
546 1909 735 1948 poterant,
769 1915 888 1950 neque
915 1904 1175 1937 sententiarum
1202 1902 1378 1946 pondera:
1416 1913 1491 1935 rem
1520 1909 1578 1934 ta-

147 1958 231 1981 men
253 1949 367 1994 ipsam
395 1951 658 1995 intelligentes,
683 1952 783 1984 cuius
814 1962 920 1984 causa
943 1951 1083 1995 singula
1108 1950 1146 1982 in
1177 1949 1336 1982 medium
1366 1953 1469 1981 erant
1491 1959 1577 1992 pro·
1635 1959 1639 1963 ’

146 1993 276 2036 ducta,
298 1994 568 2032 decertantibus
592 1999 678 2042 ipsis
700 1999 811 2031 animi
834 1998 1072 2042 propensione
1095 1995 1387 2035 collaborabant,
1411 1994 1577 2028 eosdem-

149 2051 234 2086 que,
257 2053 345 2087 qnos
367 2049 600 2086 accusatores,
626 2051 742 2090 gestus
764 2056 850 2089 prae
879 2055 915 2076 se
938 2043 1113 2084 ferebant,
1138 2049 1246 2088 atque
1272 2042 1323 2075 ita
1340 2041 1467 2074 animis
1488 2043 1577 2074 affe-

149 2086 198 2119 cti
211 2092 322 2128 erant,
339 2095 445 2133 prout
461 2091 518 2122 illi
527 2093 584 2125 vel
603 2091 771 2124 fiduciam
782 2091 840 2124 vel
851 2090 1196 2123 commiserationem
1205 2089 1306 2121 vultu
1318 2087 1579 2133 exprimebant.

148 2131 200 2166 Ac
226 2131 356 2168 deinde
376 2135 441 2168 ubi
464 2136 608 2172 dicendi
625 2139 732 2172 finem
750 2138 939 2177 fecissent,
963 2138 1081 2170 statim
1103 2135 1163 2176 hi,
1197 2136 1385 2169 restitante
1409 2133 1581 2168 nonnihil

149 2177 271 2213 iudice
291 2185 328 2213 et
346 2183 592 2226 consultante,
618 2187 727 2218 tacite
745 2183 980 2224 incusabant,
1006 2183 1229 2228 molesteque
1259 2181 1421 2214 ferebant
1451 2179 1579 2214 adver-

149 2226 260 2259 sarios
277 2237 350 2261 non
367 2229 488 2263 statim
506 2231 550 2264 ad
570 2242 694 2265 necem
715 2232 803 2277 rapi.
836 2229 1029 2263 Mandante
1046 2240 1129 2262 vero
1146 2228 1278 2268 iudice,
1298 2233 1339 2261 ut
1354 2233 1390 2261 et
1406 2228 1463 2260 illi
1484 2238 1578 2273 quae

147 2271 287 2305 vellent
301 2284 366 2317 pro
389 2286 466 2309 sese
493 2276 676 2319 dicerent,
710 2283 785 2311 tum
822 2282 944 2322 aperte
970 2277 1161 2309 reclamare
1194 2279 1408 2320 coeperunt,
1442 2279 1478 2307 et
1506 2275 1578 2306 iam

149 2317 506 2365 submurmurabant,
551 2334 726 2370 vocesque
765 2326 863 2369 ipsae
896 2324 964 2356 iam
1003 2323 1230 2356 manifestius
1278 2320 1577 2354 exaudiebantur.

148 2363 221 2401 Sed
243 2372 480 2410 accusatores,
513 2371 659 2404 silentio
692 2371 857 2404 manibus
883 2369 1040 2410 indicto,
1076 2369 1218 2402 maioris
1248 2368 1424 2401 tumultus
1455 2378 1580 2399 ansam

148 2411 412 2456 praeciderunt.
461 2416 614 2450 Silentio
634 2418 755 2462 itaque
781 2418 898 2456 facto,
931 2427 1134 2460 progressus
1152 2416 1190 2448 in
1226 2414 1385 2447 medium
1414 2414 1578 2447 Rusticus

148 2470 228 2492 cum
251 2459 361 2494 fratre
378 2472 440 2494 suo
461 2463 613 2504 Ioanne,
636 2465 675 2497 in
694 2464 791 2497 hunc
820 2462 966 2496 modum
995 2462 1103 2495 verba
1132 2461 1239 2494 fecit:
1273 2460 1449 2498 „Mutavit
1470 2459 1576 2492 nobis

147 2505 282 2547 subito,
306 2507 455 2549 iudices,
480 2514 516 2542 et
533 2510 571 2542 in
593 2511 806 2544 contrarium
823 2511 932 2543 vertit
953 2509 1183 2541 consiliorum
1201 2513 1400 2540 nostrorum
1410 2510 1576 2538 eventum

146 2553 324 2595 Fortuna;
364 2566 515 2601 cumque
538 2557 691 2589 maxima
724 2557 830 2590 nobis
857 2555 1013 2600 praemia
1033 2556 1106 2587 sint
1132 2553 1273 2593 debita,
1307 2551 1432 2594 capitis
1454 2562 1574 2584 accer-

146 2600 267 2636 simur.
307 2601 439 2634 Verum
466 2601 645 2636 enimvero
661 2603 958 2637 iucundissimum
977 2601 1083 2634 nobis
1109 2600 1178 2632 hoc
1201 2605 1380 2632 certamen
1403 2597 1573 2631 iudiciale

146 2645 290 2680 videtur
315 2648 540 2693 maximeque
562 2648 770 2693 gloriosum3
812 2650 875 2683 fiet
903 2648 998 2680 enim
1022 2647 1188 2680 omnibus
1210 2645 1456 2690 perspicuum,
1485 2644 1571 2678 solis

148 2691 252 2729 ”obis
273 2692 342 2730 hoc
361 2693 498 2736 deberi,
524 2693 747 2740 quodrhomo
767 2695 930 2741 proditor
954 2699 990 2727 et
1015 2699 1186 2737 tyrannus
1212 2692 1259 2726 sit
1281 2691 1509 2733 interfectus,
1534 2696 1571 2726 et
