<?xml version="1.0" encoding="UTF-8"?>
<!DOCTYPE html PUBLIC "-//W3C//DTD XHTML 1.0 Transitional//EN"
    "http://www.w3.org/TR/xhtml1/DTD/xhtml1-transitional.dtd">
<html xmlns="http://www.w3.org/1999/xhtml" xml:lang="en" lang="en">
 <head>
  <title>
</title>
<meta http-equiv="Content-Type" content="text/html;charset=utf-8" />
  <meta name='ocr-system' content='tesseract 3.04.00' />
  <meta name='ocr-capabilities' content='ocr_page ocr_carea ocr_par ocr_line ocrx_word'/>
</head>
<body>
  <div class='ocr_page' id='page_1' title='image "./corpusscriptorum01niebuoft_0251.png"; bbox 0 0 1832 3152; ppageno 0'>
   <div class='ocr_carea' id='block_1_1' title="bbox 572 136 1588 194">
    <p class='ocr_par' dir='ltr' id='par_1_1' title="bbox 572 136 1588 194">
     <span class='ocr_line' id='line_1_1' title="bbox 572 136 1588 194; baseline -0.019 -2"><span class='ocrx_word' id='word_1_1' title='bbox 572 148 948 192; x_wconf 71' lang='lat' dir='ltr'><strong>ms&#39;romARUM</strong></span> <span class='ocrx_word' id='word_1_2' title='bbox 989 147 1058 187; x_wconf 73' lang='grc' dir='ltr'><strong>Ν,</strong></span> <span class='ocrx_word' id='word_1_3' title='bbox 1090 150 1126 190; x_wconf 86' lang='lat'><strong>1.</strong></span> <span class='ocrx_word' id='word_1_4' title='bbox 1307 160 1309 162; x_wconf 92' lang='lat'><em>-</em></span> <span class='ocrx_word' id='word_1_5' title='bbox 1481 136 1588 194; x_wconf 81' lang='lat'><strong>207</strong></span> 
     </span>
    </p>
   </div>
   <div class='ocr_carea' id='block_1_2' title="bbox 151 238 1783 310">
    <p class='ocr_par' dir='ltr' id='par_1_2' title="bbox 151 238 1783 310">
     <span class='ocr_line' id='line_1_2' title="bbox 151 238 1783 310; baseline -0.01 -13"><span class='ocrx_word' id='word_1_6' title='bbox 151 258 308 310; x_wconf 76' lang='grc' dir='ltr'><em>χεσθαι</em></span> <span class='ocrx_word' id='word_1_7' title='bbox 324 252 406 296; x_wconf 73' lang='grc' dir='ltr'><strong>ὑπὸ</strong></span> <span class='ocrx_word' id='word_1_8' title='bbox 422 252 583 295; x_wconf 75' lang='grc' dir='ltr'><em>τούτων</em></span> <span class='ocrx_word' id='word_1_9' title='bbox 595 253 893 303; x_wconf 71' lang='grc' dir='ltr'><em>ξυνεθισθεῖεν,</em></span> <span class='ocrx_word' id='word_1_10' title='bbox 910 244 1015 290; x_wconf 80' lang='grc' dir='ltr'><strong>ἀλλά</strong></span> <span class='ocrx_word' id='word_1_11' title='bbox 1032 245 1105 288; x_wconf 85' lang='grc' dir='ltr'><em>καί</em></span> <span class='ocrx_word' id='word_1_12' title='bbox 1116 241 1240 299; x_wconf 74' lang='grc' dir='ltr'><em>ὅπως,</em></span> <span class='ocrx_word' id='word_1_13' title='bbox 1253 245 1293 287; x_wconf 87' lang='grc' dir='ltr'><strong>εἶ</strong></span> <span class='ocrx_word' id='word_1_14' title='bbox 1307 244 1386 299; x_wconf 78' lang='grc' dir='ltr'><strong>μὲν</strong></span> <span class='ocrx_word' id='word_1_15' title='bbox 1399 238 1456 292; x_wconf 73' lang='grc' dir='ltr'><em>ὥς</em></span> <span class='ocrx_word' id='word_1_16' title='bbox 1467 239 1633 296; x_wconf 86' lang='grc' dir='ltr'><em>μηδί-Α.</em></span> <span class='ocrx_word' id='word_1_17' title='bbox 1655 250 1692 285; x_wconf 91' lang='lat' dir='ltr'><strong>C.</strong></span> <span class='ocrx_word' id='word_1_18' title='bbox 1714 248 1783 286; x_wconf 86' lang='lat'><strong>555</strong></span> 
     </span>
    </p>
   </div>
   <div class='ocr_carea' id='block_1_3' title="bbox 153 297 1734 376">
    <p class='ocr_par' dir='ltr' id='par_1_3' title="bbox 153 297 1734 376">
     <span class='ocr_line' id='line_1_3' title="bbox 153 297 1734 376; baseline -0.011 -13"><span class='ocrx_word' id='word_1_19' title='bbox 153 337 230 370; x_wconf 87' lang='grc' dir='ltr'><strong>σας</strong></span> <span class='ocrx_word' id='word_1_20' title='bbox 243 318 443 376; x_wconf 88' lang='grc' dir='ltr'><em>πρότερον</em></span> <span class='ocrx_word' id='word_1_21' title='bbox 455 316 477 359; x_wconf 82' lang='grc' dir='ltr'>ὅ</span> <span class='ocrx_word' id='word_1_22' title='bbox 497 319 537 360; x_wconf 94' lang='grc' dir='ltr'><strong><em>Γ</em></strong></span> <span class='ocrx_word' id='word_1_23' title='bbox 535 316 714 372; x_wconf 85' lang='grc' dir='ltr'><em>ουβάζης</em></span> <span class='ocrx_word' id='word_1_24' title='bbox 731 314 978 358; x_wconf 76' lang='grc' dir='ltr'><em>δικαιότατα</em></span> <span class='ocrx_word' id='word_1_25' title='bbox 995 312 1145 370; x_wconf 83' lang='grc' dir='ltr'><em>φανείη</em></span> <span class='ocrx_word' id='word_1_26' title='bbox 1160 308 1430 368; x_wconf 81' lang='grc' dir='ltr'><em>ἀνῃρημένος,</em></span> <span class='ocrx_word' id='word_1_27' title='bbox 1451 297 1626 362; x_wconf 82' lang='grc' dir='ltr'><em>μηκέτιῘ·</em></span> <span class='ocrx_word' id='word_1_28' title='bbox 1641 299 1666 332; x_wconf 85' lang='grc' dir='ltr'><strong>Ῑ·</strong></span> <span class='ocrx_word' id='word_1_29' title='bbox 1689 311 1734 345; x_wconf 81' lang='lat'><strong>29</strong></span> 
     </span>
    </p>
   </div>
   <div class='ocr_carea' id='block_1_4' title="bbox 92 375 1698 1712">
    <p class='ocr_par' dir='ltr' id='par_1_4' title="bbox 92 375 1698 1712">
     <span class='ocr_line' id='line_1_4' title="bbox 152 375 1598 444; baseline -0.01 -15"><span class='ocrx_word' id='word_1_30' title='bbox 152 383 330 444; x_wconf 78' lang='grc' dir='ltr'><em>ἀνιῷντο</em></span> <span class='ocrx_word' id='word_1_31' title='bbox 353 383 390 426; x_wconf 81' lang='grc' dir='ltr'><strong>οἱ</strong></span> <span class='ocrx_word' id='word_1_32' title='bbox 402 382 588 437; x_wconf 82' lang='grc' dir='ltr'><strong><em>Κόλχοι,</em></strong></span> <span class='ocrx_word' id='word_1_33' title='bbox 615 383 724 438; x_wconf 81' lang='grc' dir='ltr'><em>μηδὲ</em></span> <span class='ocrx_word' id='word_1_34' title='bbox 748 379 806 431; x_wconf 73' lang='grc' dir='ltr'><em>ὥς</em></span> <span class='ocrx_word' id='word_1_35' title='bbox 824 398 864 423; x_wconf 90' lang='grc' dir='ltr'><strong>τι</strong></span> <span class='ocrx_word' id='word_1_36' title='bbox 889 378 1024 421; x_wconf 86' lang='grc' dir='ltr'><em>δεινὸν</em></span> <span class='ocrx_word' id='word_1_37' title='bbox 1048 376 1299 425; x_wconf 75' lang='grc' dir='ltr'><em>πεπονθότες</em></span> <span class='ocrx_word' id='word_1_38' title='bbox 1319 375 1598 430; x_wconf 83' lang='grc' dir='ltr'><em>ἀγανακτοῖεν.</em></span> 
     </span>
     <span class='ocr_line' id='line_1_5' title="bbox 149 438 1598 504; baseline -0.008 -11"><span class='ocrx_word' id='word_1_39' title='bbox 149 453 191 495; x_wconf 86' lang='grc' dir='ltr'><strong>εἰ</strong></span> <span class='ocrx_word' id='word_1_40' title='bbox 213 453 262 493; x_wconf 85' lang='grc' dir='ltr'><strong>δέ</strong></span> <span class='ocrx_word' id='word_1_41' title='bbox 285 466 332 504; x_wconf 87' lang='grc' dir='ltr'><strong>γε</strong></span> <span class='ocrx_word' id='word_1_42' title='bbox 351 447 517 491; x_wconf 75' lang='grc' dir='ltr'><em>ἅπαντα</em></span> <span class='ocrx_word' id='word_1_43' title='bbox 539 446 928 502; x_wconf 80' lang='grc' dir='ltr'><em>καταψευσάμενοι,</em></span> <span class='ocrx_word' id='word_1_44' title='bbox 967 443 1040 486; x_wconf 82' lang='grc' dir='ltr'><em>καί</em></span> <span class='ocrx_word' id='word_1_45' title='bbox 1057 438 1200 485; x_wconf 67' lang='grc' dir='ltr'><em>ἄδικον</em></span> <span class='ocrx_word' id='word_1_46' title='bbox 1220 443 1387 495; x_wconf 88' lang='grc' dir='ltr'><em>μίασμα</em></span> <span class='ocrx_word' id='word_1_47' title='bbox 1415 438 1598 496; x_wconf 84' lang='grc' dir='ltr'><em>δράσαν-</em></span> 
     </span>
     <span class='ocr_line' id='line_1_6' title="bbox 120 502 1596 572; baseline -0.01 -12"><span class='ocrx_word' id='word_1_48' title='bbox 120 531 217 572; x_wconf 83' lang='grc' dir='ltr'><em>5τες</em></span> <span class='ocrx_word' id='word_1_49' title='bbox 241 514 379 559; x_wconf 77' lang='grc' dir='ltr'><em>ἁλοῖεν</em></span> <span class='ocrx_word' id='word_1_50' title='bbox 404 514 441 557; x_wconf 86' lang='grc' dir='ltr'><strong>οἱ</strong></span> <span class='ocrx_word' id='word_1_51' title='bbox 464 512 743 567; x_wconf 76' lang='grc' dir='ltr'><em>ἀπεκτονότες,</em></span> <span class='ocrx_word' id='word_1_52' title='bbox 773 509 879 554; x_wconf 77' lang='grc' dir='ltr'><em>οὕτω</em></span> <span class='ocrx_word' id='word_1_53' title='bbox 908 527 953 554; x_wconf 90' lang='grc' dir='ltr'><em>τε</em></span> <span class='ocrx_word' id='word_1_54' title='bbox 980 510 1386 563; x_wconf 77' lang='grc' dir='ltr'><em>καταδιαιτηθέντες,</em></span> <span class='ocrx_word' id='word_1_55' title='bbox 1415 508 1489 548; x_wconf 83' lang='grc' dir='ltr'>καί</span> <span class='ocrx_word' id='word_1_56' title='bbox 1514 502 1596 547; x_wconf 75' lang='grc' dir='ltr'><strong>ὑπὸ</strong></span> 
     </span>
     <span class='ocr_line' id='line_1_7' title="bbox 138 571 1638 640; baseline -0.01 -14"><span class='ocrx_word' id='word_1_57' title='bbox 138 583 295 640; x_wconf 84' lang='grc' dir='ltr'><em>’κήρυκι</em></span> <span class='ocrx_word' id='word_1_58' title='bbox 323 583 472 639; x_wconf 77' lang='grc' dir='ltr'><em>πομπῷ</em></span> <span class='ocrx_word' id='word_1_59' title='bbox 494 577 572 623; x_wconf 77' lang='grc' dir='ltr'><strong>ἀνὰ</strong></span> <span class='ocrx_word' id='word_1_60' title='bbox 596 578 649 622; x_wconf 84' lang='grc' dir='ltr'><em>τά</em></span> <span class='ocrx_word' id='word_1_61' title='bbox 674 578 811 635; x_wconf 72' lang='grc' dir='ltr'><em>πλήθη</em></span> <span class='ocrx_word' id='word_1_62' title='bbox 831 578 1117 635; x_wconf 85' lang='grc' dir='ltr'><em>περιηγμένοι,</em></span> <span class='ocrx_word' id='word_1_63' title='bbox 1147 571 1235 616; x_wconf 87' lang='grc' dir='ltr'><em>εἶτα</em></span> <span class='ocrx_word' id='word_1_64' title='bbox 1267 574 1323 630; x_wconf 77' lang='grc' dir='ltr'><em>τῷ</em></span> <span class='ocrx_word' id='word_1_65' title='bbox 1344 573 1594 629; x_wconf 75' lang='grc' dir='ltr'><em>παλαμναίῳ</em></span> <span class='ocrx_word' id='word_1_66' title='bbox 1609 581 1638 616; x_wconf 90' lang='grc' dir='ltr'>Β</span> 
     </span>
     <span class='ocr_line' id='line_1_8' title="bbox 146 634 1595 705; baseline -0.01 -15"><span class='ocrx_word' id='word_1_67' title='bbox 146 649 272 705; x_wconf 82' lang='grc' dir='ltr'><em>ξίφει,</em></span> <span class='ocrx_word' id='word_1_68' title='bbox 301 647 497 690; x_wconf 73' lang='grc' dir='ltr'><em>ἁπάντων</em></span> <span class='ocrx_word' id='word_1_69' title='bbox 524 649 761 700; x_wconf 74' lang='grc' dir='ltr'><em>θεωμένων,</em></span> <span class='ocrx_word' id='word_1_70' title='bbox 796 645 1141 701; x_wconf 73' lang='grc' dir='ltr'><em>καρατομηθεῖεν,</em></span> <span class='ocrx_word' id='word_1_71' title='bbox 1178 637 1270 681; x_wconf 82' lang='grc' dir='ltr'><em>τότε</em></span> <span class='ocrx_word' id='word_1_72' title='bbox 1305 635 1354 692; x_wconf 73' lang='grc' dir='ltr'><em>δὴ</em></span> <span class='ocrx_word' id='word_1_73' title='bbox 1382 634 1529 691; x_wconf 79' lang='grc' dir='ltr'><em>μεῖζόν</em></span> <span class='ocrx_word' id='word_1_74' title='bbox 1552 653 1595 678; x_wconf 90' lang='grc' dir='ltr'><strong>τι</strong></span> 
     </span>
     <span class='ocr_line' id='line_1_9' title="bbox 147 703 1596 768; baseline -0.01 -12"><span class='ocrx_word' id='word_1_75' title='bbox 147 713 304 766; x_wconf 81' lang='grc' dir='ltr'><em>δόξειεν</em></span> <span class='ocrx_word' id='word_1_76' title='bbox 336 710 444 755; x_wconf 82' lang='grc' dir='ltr'><em>εἶναι</em></span> <span class='ocrx_word' id='word_1_77' title='bbox 473 710 522 754; x_wconf 87' lang='grc' dir='ltr'><em>τὸ</em></span> <span class='ocrx_word' id='word_1_78' title='bbox 548 714 707 768; x_wconf 91' lang='grc' dir='ltr'><em>πέρας,</em></span> <span class='ocrx_word' id='word_1_79' title='bbox 747 710 820 752; x_wconf 78' lang='grc' dir='ltr'>καί</span> <span class='ocrx_word' id='word_1_80' title='bbox 851 710 1083 752; x_wconf 89' lang='grc' dir='ltr'><em>διπλασίων</em></span> <span class='ocrx_word' id='word_1_81' title='bbox 1111 703 1355 763; x_wconf 80' lang='grc' dir='ltr'><em>ἧτιμωρία.</em></span> <span class='ocrx_word' id='word_1_82' title='bbox 1395 703 1596 759; x_wconf 76' lang='grc' dir='ltr'><em>ἠπίστατο</em></span> 
     </span>
     <span class='ocr_line' id='line_1_10' title="bbox 145 767 1597 837; baseline -0.009 -15"><span class='ocrx_word' id='word_1_83' title='bbox 145 778 226 837; x_wconf 78' lang='grc' dir='ltr'><strong>γάρ</strong></span> <span class='ocrx_word' id='word_1_84' title='bbox 257 779 338 833; x_wconf 82' lang='grc' dir='ltr'><em>ὦς,</em></span> <span class='ocrx_word' id='word_1_85' title='bbox 362 781 402 821; x_wconf 83' lang='grc' dir='ltr'><strong>εἰ</strong></span> <span class='ocrx_word' id='word_1_86' title='bbox 419 780 499 831; x_wconf 82' lang='grc' dir='ltr'><strong>μὲν</strong></span> <span class='ocrx_word' id='word_1_87' title='bbox 529 774 638 819; x_wconf 72' lang='grc' dir='ltr'><em>οὕτω</em></span> <span class='ocrx_word' id='word_1_88' title='bbox 665 794 754 827; x_wconf 87' lang='grc' dir='ltr'><em>πως</em></span> <span class='ocrx_word' id='word_1_89' title='bbox 773 779 820 819; x_wconf 79' lang='grc' dir='ltr'><strong>ἐν</strong></span> <span class='ocrx_word' id='word_1_90' title='bbox 837 772 1059 832; x_wconf 68' lang='grc' dir='ltr'><em>ἀπορρήτῳ</em></span> <span class='ocrx_word' id='word_1_91' title='bbox 1079 771 1447 828; x_wconf 77' lang='grc' dir='ltr'><em>βαρβαρικώτερον</em></span> <span class='ocrx_word' id='word_1_92' title='bbox 1476 767 1597 811; x_wconf 81' lang='grc' dir='ltr'><em>Ῥού-</em></span> 
     </span>
     <span class='ocr_line' id='line_1_11' title="bbox 98 835 1596 899; baseline -0.008 -12"><span class='ocrx_word' id='word_1_93' title='bbox 98 842 291 889; x_wconf 80' lang='grc' dir='ltr'><em>ιοστικόν</em></span> <span class='ocrx_word' id='word_1_94' title='bbox 327 861 372 887; x_wconf 88' lang='grc' dir='ltr'><em>τε</em></span> <span class='ocrx_word' id='word_1_95' title='bbox 413 847 486 887; x_wconf 79' lang='grc' dir='ltr'><em>καί</em></span> <span class='ocrx_word' id='word_1_96' title='bbox 527 842 726 899; x_wconf 82' lang='grc' dir='ltr'><em>Ἰωάννην</em></span> <span class='ocrx_word' id='word_1_97' title='bbox 769 843 1066 898; x_wconf 72' lang='grc' dir='ltr'><em>διαφθαρῆναι</em></span> <span class='ocrx_word' id='word_1_98' title='bbox 1104 835 1472 894; x_wconf 83' lang='grc' dir='ltr'><em>παρακελεύσοιτο,</em></span> <span class='ocrx_word' id='word_1_99' title='bbox 1522 835 1596 876; x_wconf 84' lang='grc' dir='ltr'><strong>οὖκ</strong></span> 
     </span>
     <span class='ocr_line' id='line_1_12' title="bbox 145 898 1598 967; baseline -0.008 -14"><span class='ocrx_word' id='word_1_100' title='bbox 145 909 427 967; x_wconf 82' lang='grc' dir='ltr'><em>ἀποχρώντως</em></span> <span class='ocrx_word' id='word_1_101' title='bbox 459 908 700 965; x_wconf 71' lang='grc' dir='ltr'><em>ἡγήσασθαι</em></span> <span class='ocrx_word' id='word_1_102' title='bbox 736 905 787 952; x_wconf 78' lang='grc' dir='ltr'><strong>ἂν</strong></span> <span class='ocrx_word' id='word_1_103' title='bbox 817 906 914 957; x_wconf 80' lang='grc' dir='ltr'><em>τοὺς</em></span> <span class='ocrx_word' id='word_1_104' title='bbox 952 906 1151 960; x_wconf 82' lang='grc' dir='ltr'><em>Κόλχους</em></span> <span class='ocrx_word' id='word_1_105' title='bbox 1183 902 1262 959; x_wconf 83' lang='grc' dir='ltr'><strong>τὴν</strong></span> <span class='ocrx_word' id='word_1_106' title='bbox 1293 901 1418 959; x_wconf 62' lang='grc' dir='ltr'><em>ὕβριν</em></span> <span class='ocrx_word' id='word_1_107' title='bbox 1451 898 1598 951; x_wconf 78' lang='grc' dir='ltr'><em>αὖτοῖς</em></span> 
     </span>
     <span class='ocr_line' id='line_1_13' title="bbox 145 968 1597 1031; baseline -0.006 -12"><span class='ocrx_word' id='word_1_108' title='bbox 145 977 474 1028; x_wconf 78' lang='grc' dir='ltr'><em>ἀπεσκευάσθαι,</em></span> <span class='ocrx_word' id='word_1_109' title='bbox 494 976 594 1017; x_wconf 77' lang='grc' dir='ltr'><em>ου’δὲ</em></span> <span class='ocrx_word' id='word_1_110' title='bbox 612 973 905 1031; x_wconf 82' lang='grc' dir='ltr'><em>προσήκουσαν</em></span> <span class='ocrx_word' id='word_1_111' title='bbox 922 970 1071 1028; x_wconf 79' lang='grc' dir='ltr'><em>ποινην</em></span> <span class='ocrx_word' id='word_1_112' title='bbox 1089 971 1346 1024; x_wconf 72' lang='grc' dir='ltr'><em>κομίσασθαι</em></span> <span class='ocrx_word' id='word_1_113' title='bbox 1359 970 1442 1011; x_wconf 75' lang='grc' dir='ltr'><strong>τῶν</strong></span> <span class='ocrx_word' id='word_1_114' title='bbox 1458 968 1597 1024; x_wconf 76' lang='grc' dir='ltr'><em>ἦμαρ-</em></span> 
     </span>
     <span class='ocr_line' id='line_1_14' title="bbox 143 1031 1598 1098; baseline -0.007 -13"><span class='ocrx_word' id='word_1_115' title='bbox 143 1043 343 1098; x_wconf 77' lang='grc' dir='ltr'><em>τημένων.</em></span> <span class='ocrx_word' id='word_1_116' title='bbox 371 1041 638 1097; x_wconf 76' lang='grc' dir='ltr'><em>δικαστηρίου</em></span> <span class='ocrx_word' id='word_1_117' title='bbox 668 1042 714 1081; x_wconf 81' lang='grc' dir='ltr'><strong>δὲ</strong></span> <span class='ocrx_word' id='word_1_118' title='bbox 741 1037 1019 1087; x_wconf 81' lang='grc' dir='ltr'><em>καταστάντος</em></span> <span class='ocrx_word' id='word_1_119' title='bbox 1035 1072 1048 1091; x_wconf 92' lang='grc'><em>,</em></span> <span class='ocrx_word' id='word_1_120' title='bbox 1093 1036 1166 1078; x_wconf 83' lang='grc' dir='ltr'>καί</span> <span class='ocrx_word' id='word_1_121' title='bbox 1189 1034 1424 1090; x_wconf 73' lang='grc' dir='ltr'><em>ἀντιλογίας</em></span> <span class='ocrx_word' id='word_1_122' title='bbox 1454 1031 1598 1076; x_wconf 72' lang='grc' dir='ltr'><em>ἑκατέ-</em></span> 
     </span>
     <span class='ocr_line' id='line_1_15' title="bbox 145 1099 1597 1164; baseline -0.006 -15"><span class='ocrx_word' id='word_1_123' title='bbox 145 1111 285 1164; x_wconf 74' lang='grc' dir='ltr'><em>ρωθεν</em></span> <span class='ocrx_word' id='word_1_124' title='bbox 306 1106 606 1164; x_wconf 75' lang='grc' dir='ltr'><em>προελθούσης,</em></span> <span class='ocrx_word' id='word_1_125' title='bbox 634 1105 805 1148; x_wconf 72' lang='grc' dir='ltr'><em>καὶτῶν</em></span> <span class='ocrx_word' id='word_1_126' title='bbox 820 1104 1042 1160; x_wconf 69' lang='grc' dir='ltr'><em>ὑπηρετῶν</em></span> <span class='ocrx_word' id='word_1_127' title='bbox 1065 1099 1153 1144; x_wconf 77' lang='grc' dir='ltr'><em>ἷίνω</em></span> <span class='ocrx_word' id='word_1_128' title='bbox 1176 1118 1220 1143; x_wconf 91' lang='grc' dir='ltr'><em>τε</em></span> <span class='ocrx_word' id='word_1_129' title='bbox 1247 1100 1321 1143; x_wconf 81' lang='grc' dir='ltr'>καί</span> <span class='ocrx_word' id='word_1_130' title='bbox 1339 1101 1450 1143; x_wconf 84' lang='grc' dir='ltr'><em>κάτω</em></span> <span class='ocrx_word' id='word_1_131' title='bbox 1481 1102 1597 1142; x_wconf 87' lang='grc' dir='ltr'><em>διατ-</em></span> 
     </span>
     <span class='ocr_line' id='line_1_16' title="bbox 92 1164 1595 1227; baseline -0.008 -9"><span class='ocrx_word' id='word_1_132' title='bbox 92 1169 323 1227; x_wconf 29' lang='grc' dir='ltr'><em>ἰὄτόντωη</em></span> <span class='ocrx_word' id='word_1_133' title='bbox 361 1167 572 1221; x_wconf 73' lang='grc' dir='ltr'><em>καῖ’ὅπως</em></span> <span class='ocrx_word' id='word_1_134' title='bbox 599 1173 684 1213; x_wconf 81' lang='grc' dir='ltr'><strong>τῶν</strong></span> <span class='ocrx_word' id='word_1_135' title='bbox 709 1173 966 1227; x_wconf 82' lang='grc' dir='ltr'><em>κρινομένων</em></span> <span class='ocrx_word' id='word_1_136' title='bbox 997 1171 1171 1218; x_wconf 74' lang='grc' dir='ltr'><em>ἕκαστος</em></span> <span class='ocrx_word' id='word_1_137' title='bbox 1197 1168 1242 1209; x_wconf 79' lang='grc' dir='ltr'><strong>ἐν</strong></span> <span class='ocrx_word' id='word_1_138' title='bbox 1267 1164 1408 1224; x_wconf 74' lang='grc' dir='ltr'><em>κόσμῳ</em></span> <span class='ocrx_word' id='word_1_139' title='bbox 1432 1164 1595 1221; x_wconf 70' lang='grc' dir='ltr'><em>ἑστήξει</em></span> 
     </span>
     <span class='ocr_line' id='line_1_17' title="bbox 145 1229 1632 1295; baseline -0.003 -14"><span class='ocrx_word' id='word_1_140' title='bbox 145 1239 219 1281; x_wconf 80' lang='grc' dir='ltr'>καί</span> <span class='ocrx_word' id='word_1_141' title='bbox 241 1236 523 1295; x_wconf 74' lang='grc' dir='ltr'><em>ἀποκρινεῖται</em></span> <span class='ocrx_word' id='word_1_142' title='bbox 552 1238 910 1290; x_wconf 88' lang='grc' dir='ltr'><em>διαταττομένων,</em></span> <span class='ocrx_word' id='word_1_143' title='bbox 949 1229 1074 1290; x_wconf 69' lang='grc' dir='ltr'><em>ὄγκου</em></span> <span class='ocrx_word' id='word_1_144' title='bbox 1098 1249 1142 1276; x_wconf 86' lang='grc' dir='ltr'><em>τε</em></span> <span class='ocrx_word' id='word_1_145' title='bbox 1175 1235 1416 1276; x_wconf 84' lang='grc' dir='ltr'><em>δικαστικοῦ</em></span> <span class='ocrx_word' id='word_1_146' title='bbox 1445 1242 1632 1290; x_wconf 77' lang='lat' dir='ltr'><strong>‹pawn-C</strong></span> 
     </span>
     <span class='ocr_line' id='line_1_18' title="bbox 144 1297 1596 1359; baseline -0.005 -11"><span class='ocrx_word' id='word_1_147' title='bbox 144 1307 301 1359; x_wconf 87' lang='grc' dir='ltr'><em>μένου,</em></span> <span class='ocrx_word' id='word_1_148' title='bbox 349 1306 422 1346; x_wconf 82' lang='grc' dir='ltr'><em>καί</em></span> <span class='ocrx_word' id='word_1_149' title='bbox 455 1302 761 1359; x_wconf 73' lang='grc' dir='ltr'><em>μεγαληγορίας</em></span> <span class='ocrx_word' id='word_1_150' title='bbox 791 1300 1071 1356; x_wconf 89' lang='grc' dir='ltr'><em>ἀκουομένης,</em></span> <span class='ocrx_word' id='word_1_151' title='bbox 1117 1299 1190 1342; x_wconf 83' lang='grc' dir='ltr'>καί</span> <span class='ocrx_word' id='word_1_152' title='bbox 1218 1298 1290 1342; x_wconf 73' lang='grc' dir='ltr'><strong>ἐπὶ</strong></span> <span class='ocrx_word' id='word_1_153' title='bbox 1319 1297 1484 1350; x_wconf 82' lang='grc' dir='ltr'><em>τούτοις</em></span> <span class='ocrx_word' id='word_1_154' title='bbox 1515 1301 1596 1342; x_wconf 75' lang='grc' dir='ltr'><em>τοῦ</em></span> 
     </span>
     <span class='ocr_line' id='line_1_19' title="bbox 148 1361 1698 1427; baseline -0.005 -15"><span class='ocrx_word' id='word_1_155' title='bbox 148 1367 326 1427; x_wconf 64' lang='grc' dir='ltr'><em>ὀλέθρου</em></span> <span class='ocrx_word' id='word_1_156' title='bbox 376 1370 708 1426; x_wconf 76' lang='grc' dir='ltr'><em>φρικωδέστερον</em></span> <span class='ocrx_word' id='word_1_157' title='bbox 736 1369 1059 1423; x_wconf 82' lang='grc' dir='ltr'><em>ἐπιγιγνομένου·</em></span> <span class='ocrx_word' id='word_1_158' title='bbox 1106 1364 1268 1408; x_wconf 79' lang='grc' dir='ltr'><em>τούτων</em></span> <span class='ocrx_word' id='word_1_159' title='bbox 1297 1365 1348 1421; x_wconf 72' lang='grc' dir='ltr'><strong>δὴ</strong></span> <span class='ocrx_word' id='word_1_160' title='bbox 1374 1361 1451 1408; x_wconf 79' lang='grc' dir='ltr'><strong>οὖν</strong></span> <span class='ocrx_word' id='word_1_161' title='bbox 1484 1363 1698 1419; x_wconf 63' lang='lat' dir='ltr'><strong>015er.77</strong></span> 
     </span>
     <span class='ocr_line' id='line_1_20' title="bbox 145 1430 1596 1493; baseline -0.003 -16"><span class='ocrx_word' id='word_1_162' title='bbox 145 1437 445 1493; x_wconf 86' lang='grc' dir='ltr'><em>πρασσομένων</em></span> <span class='ocrx_word' id='word_1_163' title='bbox 461 1469 474 1489; x_wconf 90' lang='grc'><em>,</em></span> <span class='ocrx_word' id='word_1_164' title='bbox 503 1432 645 1491; x_wconf 72' lang='grc' dir='ltr'><em>ἕτερόν</em></span> <span class='ocrx_word' id='word_1_165' title='bbox 665 1450 707 1476; x_wconf 87' lang='grc' dir='ltr'><strong>τι</strong></span> <span class='ocrx_word' id='word_1_166' title='bbox 732 1435 878 1484; x_wconf 75' lang='grc' dir='ltr'><em>αὖτοΐς</em></span> <span class='ocrx_word' id='word_1_167' title='bbox 899 1435 1046 1487; x_wconf 84' lang='grc' dir='ltr'><em>μεῖζον</em></span> <span class='ocrx_word' id='word_1_168' title='bbox 1072 1431 1145 1474; x_wconf 85' lang='grc' dir='ltr'><em>καί</em></span> <span class='ocrx_word' id='word_1_169' title='bbox 1166 1431 1282 1485; x_wconf 86' lang='grc' dir='ltr'><em>μάλα</em></span> <span class='ocrx_word' id='word_1_170' title='bbox 1308 1430 1478 1481; x_wconf 87' lang='grc' dir='ltr'><em>εἰκότως</em></span> <span class='ocrx_word' id='word_1_171' title='bbox 1510 1449 1596 1488; x_wconf 84' lang='grc' dir='ltr'><em>φα-</em></span> 
     </span>
     <span class='ocr_line' id='line_1_21' title="bbox 93 1496 1596 1557; baseline -0.004 -13"><span class='ocrx_word' id='word_1_172' title='bbox 93 1505 313 1548; x_wconf 64' lang='grc' dir='ltr'><em>αονεῖσθαι</em></span> <span class='ocrx_word' id='word_1_173' title='bbox 337 1499 384 1543; x_wconf 83' lang='grc' dir='ltr'><em>τὸ</em></span> <span class='ocrx_word' id='word_1_174' title='bbox 413 1502 561 1557; x_wconf 80' lang='grc' dir='ltr'><em>χρῆμα</em></span> <span class='ocrx_word' id='word_1_175' title='bbox 583 1499 825 1555; x_wconf 80' lang='grc' dir='ltr'><em>ἐγίγνωσκε,</em></span> <span class='ocrx_word' id='word_1_176' title='bbox 863 1498 936 1542; x_wconf 85' lang='grc' dir='ltr'><em>καί</em></span> <span class='ocrx_word' id='word_1_177' title='bbox 959 1497 1070 1554; x_wconf 83' lang='grc' dir='ltr'><em>τάχα</em></span> <span class='ocrx_word' id='word_1_178' title='bbox 1098 1497 1175 1553; x_wconf 77' lang='grc' dir='ltr'><strong>τὴν</strong></span> <span class='ocrx_word' id='word_1_179' title='bbox 1193 1496 1313 1548; x_wconf 78' lang='grc' dir='ltr'><em>ἀξίαν</em></span> <span class='ocrx_word' id='word_1_180' title='bbox 1332 1500 1409 1540; x_wconf 81' lang='grc' dir='ltr'><em>τοῦ</em></span> <span class='ocrx_word' id='word_1_181' title='bbox 1427 1498 1596 1553; x_wconf 80' lang='grc' dir='ltr'><em>ἐπικλή-</em></span> 
     </span>
     <span class='ocr_line' id='line_1_22' title="bbox 143 1560 1595 1624; baseline -0.003 -15"><span class='ocrx_word' id='word_1_182' title='bbox 143 1583 274 1622; x_wconf 88' lang='grc' dir='ltr'><em>ματος</em></span> <span class='ocrx_word' id='word_1_183' title='bbox 305 1565 585 1622; x_wconf 74' lang='grc' dir='ltr'><em>ὖπερβάλλον.</em></span> <span class='ocrx_word' id='word_1_184' title='bbox 619 1568 752 1608; x_wconf 81' lang='grc' dir='ltr'><em>ταῦτα</em></span> <span class='ocrx_word' id='word_1_185' title='bbox 777 1565 855 1624; x_wconf 81' lang='grc' dir='ltr'><strong>γὰρ</strong></span> <span class='ocrx_word' id='word_1_186' title='bbox 891 1565 965 1608; x_wconf 83' lang='grc' dir='ltr'>καί</span> <span class='ocrx_word' id='word_1_187' title='bbox 989 1563 1087 1614; x_wconf 79' lang='grc' dir='ltr'><em>τούς</em></span> <span class='ocrx_word' id='word_1_188' title='bbox 1110 1567 1155 1607; x_wconf 81' lang='grc' dir='ltr'><strong>ἐν</strong></span> <span class='ocrx_word' id='word_1_189' title='bbox 1175 1563 1397 1622; x_wconf 75' lang='grc' dir='ltr'><em>Βυζαντίῳ</em></span> <span class='ocrx_word' id='word_1_190' title='bbox 1426 1560 1595 1617; x_wconf 72' lang='grc' dir='ltr'><em>ἀστοὺς,</em></span> 
     </span>
     <span class='ocr_line' id='line_1_23' title="bbox 235 1664 1595 1712; baseline 0 -13"><span class='ocrx_word' id='word_1_191' title='bbox 235 1667 270 1702; x_wconf 86' lang='grc'><strong>5.</strong></span> <span class='ocrx_word' id='word_1_192' title='bbox 295 1665 335 1699; x_wconf 77' lang='grc' dir='ltr'><strong>οἱ</strong></span> <span class='ocrx_word' id='word_1_193' title='bbox 357 1664 610 1702; x_wconf 76' lang='grc' dir='ltr'><em>ἀπεκτονότες</em></span> <span class='ocrx_word' id='word_1_194' title='bbox 633 1666 690 1707; x_wconf 83' lang='grc' dir='ltr'><strong>Β.,</strong></span> <span class='ocrx_word' id='word_1_195' title='bbox 717 1671 783 1703; x_wconf 75' lang='lat' dir='ltr'><strong>art.</strong></span> <span class='ocrx_word' id='word_1_196' title='bbox 812 1678 881 1704; x_wconf 85' lang='lat' dir='ltr'><strong>om,</strong></span> <span class='ocrx_word' id='word_1_197' title='bbox 903 1666 1009 1712; x_wconf 59' lang='lat' dir='ltr'><strong>vulg:</strong></span> <span class='ocrx_word' id='word_1_198' title='bbox 1092 1666 1124 1701; x_wconf 88' lang='lat'><strong>8.</strong></span> <span class='ocrx_word' id='word_1_199' title='bbox 1148 1665 1262 1711; x_wconf 75' lang='lat' dir='ltr'><strong>Lugd,</strong></span> <span class='ocrx_word' id='word_1_200' title='bbox 1299 1678 1367 1711; x_wconf 87' lang='lat' dir='ltr'><strong>mg.</strong></span> <span class='ocrx_word' id='word_1_201' title='bbox 1394 1667 1447 1703; x_wconf 82' lang='grc' dir='ltr'><em>ἴσ.</em></span> <span class='ocrx_word' id='word_1_202' title='bbox 1475 1665 1595 1710; x_wconf 75' lang='grc' dir='ltr'><em>τέρας.</em></span> 
     </span>
    </p>
   </div>
   <div class='ocr_carea' id='block_1_5' title="bbox 231 1711 1595 1806">
    <p class='ocr_par' dir='ltr' id='par_1_5' title="bbox 231 1711 1595 1806">
     <span class='ocr_line' id='line_1_24' title="bbox 238 1711 1595 1760; baseline 0.002 -14"><span class='ocrx_word' id='word_1_203' title='bbox 238 1713 290 1757; x_wconf 75' lang='grc' dir='ltr'><strong>ι4.</strong></span> <span class='ocrx_word' id='word_1_204' title='bbox 318 1711 548 1747; x_wconf 82' lang='grc' dir='ltr'><em>διαττόντων</em></span> <span class='ocrx_word' id='word_1_205' title='bbox 566 1713 660 1757; x_wconf 83' lang='lat' dir='ltr'>vulg.</span> <span class='ocrx_word' id='word_1_206' title='bbox 688 1724 731 1746; x_wconf 81' lang='lat' dir='ltr'><strong>ex</strong></span> <span class='ocrx_word' id='word_1_207' title='bbox 755 1714 848 1746; x_wconf 89' lang='lat' dir='ltr'><strong>coni.</strong></span> <span class='ocrx_word' id='word_1_208' title='bbox 876 1714 915 1746; x_wconf 88' lang='lat' dir='ltr'><strong>in</strong></span> <span class='ocrx_word' id='word_1_209' title='bbox 931 1725 999 1758; x_wconf 87' lang='lat' dir='ltr'><strong>mg.</strong></span> <span class='ocrx_word' id='word_1_210' title='bbox 1016 1713 1143 1758; x_wconf 87' lang='lat' dir='ltr'><strong>Lugd.,</strong></span> <span class='ocrx_word' id='word_1_211' title='bbox 1166 1713 1279 1760; x_wconf 83' lang='lat' dir='ltr'><strong>Iutpr.</strong></span> <span class='ocrx_word' id='word_1_212' title='bbox 1300 1714 1400 1749; x_wconf 79' lang='lat' dir='ltr'><strong>ultro</strong></span> <span class='ocrx_word' id='word_1_213' title='bbox 1427 1713 1595 1760; x_wconf 79' lang='lat' dir='ltr'><strong>citroque</strong></span> 
     </span>
     <span class='ocr_line' id='line_1_25' title="bbox 231 1758 1044 1806; baseline -0.004 -11"><span class='ocrx_word' id='word_1_214' title='bbox 231 1760 511 1802; x_wconf 75' lang='lat' dir='ltr'><strong><em>cursitantibus,</em></strong></span> <span class='ocrx_word' id='word_1_215' title='bbox 528 1758 802 1795; x_wconf 72' lang='grc' dir='ltr'><em>διαπιπτόντων</em></span> <span class='ocrx_word' id='word_1_216' title='bbox 823 1761 861 1795; x_wconf 76' lang='lat' dir='ltr'><strong>R.</strong></span> <span class='ocrx_word' id='word_1_217' title='bbox 881 1766 918 1794; x_wconf 87' lang='lat' dir='ltr'><strong>ct</strong></span> <span class='ocrx_word' id='word_1_218' title='bbox 931 1759 1044 1806; x_wconf 84' lang='lat' dir='ltr'><strong>Lugd.</strong></span> 
     </span>
    </p>
   </div>
   <div class='ocr_carea' id='block_1_6' title="bbox 139 1860 1595 2796">
    <p class='ocr_par' dir='ltr' id='par_1_6' title="bbox 139 1860 1595 2796">
     <span class='ocr_line' id='line_1_26' title="bbox 142 1860 1591 1904; baseline -0.001 -8"><span class='ocrx_word' id='word_1_219' title='bbox 142 1874 220 1896; x_wconf 83' lang='lat' dir='ltr'><strong>rum</strong></span> <span class='ocrx_word' id='word_1_220' title='bbox 244 1863 354 1902; x_wconf 80' lang='lat' dir='ltr'><strong>etiam</strong></span> <span class='ocrx_word' id='word_1_221' title='bbox 378 1867 439 1904; x_wconf 90' lang='lat' dir='ltr'><strong>ut,</strong></span> <span class='ocrx_word' id='word_1_222' title='bbox 474 1863 505 1896; x_wconf 90' lang='lat' dir='ltr'><strong>si</strong></span> <span class='ocrx_word' id='word_1_223' title='bbox 546 1861 669 1896; x_wconf 85' lang='lat' dir='ltr'><strong>uidem</strong></span> <span class='ocrx_word' id='word_1_224' title='bbox 700 1863 865 1897; x_wconf 91' lang='lat' dir='ltr'><strong>Gubazes</strong></span> <span class='ocrx_word' id='word_1_225' title='bbox 896 1862 1103 1898; x_wconf 84' lang='lat' dir='ltr'><strong>desectione</strong></span> <span class='ocrx_word' id='word_1_226' title='bbox 1138 1866 1244 1896; x_wconf 84' lang='lat' dir='ltr'><strong>antea</strong></span> <span class='ocrx_word' id='word_1_227' title='bbox 1279 1862 1324 1896; x_wconf 90' lang='lat' dir='ltr'><strong>ad</strong></span> <span class='ocrx_word' id='word_1_228' title='bbox 1351 1860 1478 1896; x_wconf 86' lang='lat' dir='ltr'><strong>Medos</strong></span> <span class='ocrx_word' id='word_1_229' title='bbox 1508 1865 1591 1895; x_wconf 87' lang='lat' dir='ltr'><strong>ten-</strong></span> 
     </span>
     <span class='ocr_line' id='line_1_27' title="bbox 141 1908 1591 1955; baseline -0.001 -12"><span class='ocrx_word' id='word_1_230' title='bbox 141 1915 215 1944; x_wconf 84' lang='lat' dir='ltr'><strong>tata</strong></span> <span class='ocrx_word' id='word_1_231' title='bbox 238 1921 360 1943; x_wconf 81' lang='lat' dir='ltr'><strong>caesus</strong></span> <span class='ocrx_word' id='word_1_232' title='bbox 383 1910 497 1944; x_wconf 81' lang='lat' dir='ltr'><strong>fuisse</strong></span> <span class='ocrx_word' id='word_1_233' title='bbox 553 1909 883 1955; x_wconf 84' lang='lat' dir='ltr'><strong>eprehenderetur‚</strong></span> <span class='ocrx_word' id='word_1_234' title='bbox 916 1921 990 1943; x_wconf 90' lang='lat' dir='ltr'><strong>non</strong></span> <span class='ocrx_word' id='word_1_235' title='bbox 1021 1910 1176 1955; x_wconf 82' lang='lat' dir='ltr'><strong>amplius</strong></span> <span class='ocrx_word' id='word_1_236' title='bbox 1205 1911 1282 1943; x_wconf 86' lang='lat' dir='ltr'><strong>eius</strong></span> <span class='ocrx_word' id='word_1_237' title='bbox 1315 1909 1461 1942; x_wconf 83' lang='lat' dir='ltr'><strong>caedem</strong></span> <span class='ocrx_word' id='word_1_238' title='bbox 1487 1908 1591 1942; x_wconf 86' lang='lat' dir='ltr'><strong>dole-</strong></span> 
     </span>
     <span class='ocr_line' id='line_1_28' title="bbox 142 1955 1594 2003; baseline -0.001 -13"><span class='ocrx_word' id='word_1_239' title='bbox 142 1961 223 1990; x_wconf 80' lang='lat' dir='ltr'><strong>rent</strong></span> <span class='ocrx_word' id='word_1_240' title='bbox 242 1955 393 2003; x_wconf 79' lang='lat' dir='ltr'><strong>Colchi,</strong></span> <span class='ocrx_word' id='word_1_241' title='bbox 417 1967 538 2002; x_wconf 90' lang='lat' dir='ltr'><strong>neque</strong></span> <span class='ocrx_word' id='word_1_242' title='bbox 566 1961 607 1989; x_wconf 90' lang='lat' dir='ltr'><strong>ut</strong></span> <span class='ocrx_word' id='word_1_243' title='bbox 631 1957 723 2002; x_wconf 84' lang='lat' dir='ltr'><strong>gravi</strong></span> <span class='ocrx_word' id='word_1_244' title='bbox 749 1958 842 1990; x_wconf 84' lang='lat' dir='ltr'><strong>malo</strong></span> <span class='ocrx_word' id='word_1_245' title='bbox 870 1962 1019 2001; x_wconf 86' lang='lat' dir='ltr'><strong>accepto</strong></span> <span class='ocrx_word' id='word_1_246' title='bbox 1050 1957 1336 2002; x_wconf 85' lang='lat' dir='ltr'><strong>indignarentur.</strong></span> <span class='ocrx_word' id='word_1_247' title='bbox 1363 1956 1400 1989; x_wconf 84' lang='lat' dir='ltr'><strong>Si</strong></span> <span class='ocrx_word' id='word_1_248' title='bbox 1425 1967 1508 1988; x_wconf 88' lang='lat' dir='ltr'><strong>vero</strong></span> <span class='ocrx_word' id='word_1_249' title='bbox 1533 1955 1594 1988; x_wconf 89' lang='lat' dir='ltr'><strong>in-</strong></span> 
     </span>
     <span class='ocr_line' id='line_1_29' title="bbox 142 2003 1593 2048; baseline -0.001 -12"><span class='ocrx_word' id='word_1_250' title='bbox 142 2003 350 2036; x_wconf 77' lang='lat' dir='ltr'><strong>terfectores</strong></span> <span class='ocrx_word' id='word_1_251' title='bbox 378 2014 444 2048; x_wconf 85' lang='lat' dir='ltr'><strong>per</strong></span> <span class='ocrx_word' id='word_1_252' title='bbox 479 2003 607 2036; x_wconf 83' lang='lat' dir='ltr'><strong>falsam</strong></span> <span class='ocrx_word' id='word_1_253' title='bbox 642 2003 932 2037; x_wconf 71' lang='lat' dir='ltr'>criminationem</span> <span class='ocrx_word' id='word_1_254' title='bbox 962 2004 1132 2037; x_wconf 84' lang='lat' dir='ltr'><strong>facinoris</strong></span> <span class='ocrx_word' id='word_1_255' title='bbox 1166 2004 1358 2048; x_wconf 88' lang='lat' dir='ltr'><strong>piacularis</strong></span> <span class='ocrx_word' id='word_1_256' title='bbox 1394 2003 1593 2047; x_wconf 87' lang='lat' dir='ltr'><strong>perpetrati</strong></span> 
     </span>
     <span class='ocr_line' id='line_1_30' title="bbox 142 2049 1595 2094; baseline 0.001 -12"><span class='ocrx_word' id='word_1_257' title='bbox 142 2050 440 2083; x_wconf 83' lang='lat' dir='ltr'>convincerentur</span> <span class='ocrx_word' id='word_1_258' title='bbox 463 2075 474 2091; x_wconf 93' lang='lat'><strong>,</strong></span> <span class='ocrx_word' id='word_1_259' title='bbox 509 2050 596 2094; x_wconf 78' lang='lat' dir='ltr'><strong>ipsis</strong></span> <span class='ocrx_word' id='word_1_260' title='bbox 634 2050 782 2094; x_wconf 85' lang='lat' dir='ltr'><strong>publico</strong></span> <span class='ocrx_word' id='word_1_261' title='bbox 824 2050 962 2083; x_wconf 89' lang='lat' dir='ltr'><strong>iudicio</strong></span> <span class='ocrx_word' id='word_1_262' title='bbox 999 2049 1177 2084; x_wconf 79' lang='lat' dir='ltr'><strong>damnatis</strong></span> <span class='ocrx_word' id='word_1_263' title='bbox 1200 2075 1212 2090; x_wconf 88' lang='lat'><strong>,</strong></span> <span class='ocrx_word' id='word_1_264' title='bbox 1246 2056 1283 2083; x_wconf 82' lang='lat' dir='ltr'><strong>et</strong></span> <span class='ocrx_word' id='word_1_265' title='bbox 1318 2055 1515 2094; x_wconf 85' lang='lat' dir='ltr'><strong>praeeunte</strong></span> <span class='ocrx_word' id='word_1_266' title='bbox 1553 2061 1595 2084; x_wconf 87' lang='lat' dir='ltr'><strong>ac</strong></span> 
     </span>
     <span class='ocr_line' id='line_1_31' title="bbox 142 2095 1594 2141; baseline 0.001 -13"><span class='ocrx_word' id='word_1_267' title='bbox 142 2095 383 2140; x_wconf 80' lang='lat' dir='ltr'><strong>proclamante</strong></span> <span class='ocrx_word' id='word_1_268' title='bbox 409 2107 586 2140; x_wconf 84' lang='lat' dir='ltr'>praecone</span> <span class='ocrx_word' id='word_1_269' title='bbox 610 2107 676 2141; x_wconf 88' lang='lat' dir='ltr'><strong>per</strong></span> <span class='ocrx_word' id='word_1_270' title='bbox 709 2097 908 2130; x_wconf 83' lang='lat' dir='ltr'><strong>exercitum</strong></span> <span class='ocrx_word' id='word_1_271' title='bbox 941 2097 1192 2130; x_wconf 79' lang='lat' dir='ltr'>circumductis</span> <span class='ocrx_word' id='word_1_272' title='bbox 1217 2096 1435 2141; x_wconf 86' lang='lat' dir='ltr'><strong>vindiceque</strong></span> <span class='ocrx_word' id='word_1_273' title='bbox 1461 2095 1594 2141; x_wconf 83' lang='lat' dir='ltr'><strong>gladio,</strong></span> 
     </span>
     <span class='ocr_line' id='line_1_32' title="bbox 143 2141 1594 2188; baseline 0.002 -14"><span class='ocrx_word' id='word_1_274' title='bbox 143 2141 310 2175; x_wconf 78' lang='lat' dir='ltr'><strong>omnibus</strong></span> <span class='ocrx_word' id='word_1_275' title='bbox 335 2141 593 2187; x_wconf 78' lang='lat' dir='ltr'><strong>spectantibus,</strong></span> <span class='ocrx_word' id='word_1_276' title='bbox 622 2143 742 2188; x_wconf 86' lang='lat' dir='ltr'><strong>capite</strong></span> <span class='ocrx_word' id='word_1_277' title='bbox 775 2144 950 2177; x_wconf 86' lang='lat' dir='ltr'><strong>truncatis</strong></span> <span class='ocrx_word' id='word_1_278' title='bbox 970 2168 979 2184; x_wconf 90' lang='lat'><strong>,</strong></span> <span class='ocrx_word' id='word_1_279' title='bbox 1013 2144 1169 2178; x_wconf 84' lang='lat' dir='ltr'><strong>atrocior</strong></span> <span class='ocrx_word' id='word_1_280' title='bbox 1196 2143 1357 2178; x_wconf 82' lang='lat' dir='ltr'><strong>barbaris</strong></span> <span class='ocrx_word' id='word_1_281' title='bbox 1388 2144 1442 2176; x_wconf 89' lang='lat' dir='ltr'><strong>rei</strong></span> <span class='ocrx_word' id='word_1_282' title='bbox 1476 2144 1594 2177; x_wconf 81' lang='lat' dir='ltr'><strong>exitus</strong></span> 
     </span>
     <span class='ocr_line' id='line_1_33' title="bbox 144 2187 1595 2234; baseline 0.001 -13"><span class='ocrx_word' id='word_1_283' title='bbox 144 2192 182 2221; x_wconf 83' lang='lat' dir='ltr'><strong>et</strong></span> <span class='ocrx_word' id='word_1_284' title='bbox 214 2187 434 2233; x_wconf 82' lang='lat' dir='ltr'><strong>duplicatum</strong></span> <span class='ocrx_word' id='word_1_285' title='bbox 467 2190 686 2234; x_wconf 85' lang='lat' dir='ltr'><strong>supplicium</strong></span> <span class='ocrx_word' id='word_1_286' title='bbox 717 2202 794 2224; x_wconf 90' lang='lat' dir='ltr'><strong>esse</strong></span> <span class='ocrx_word' id='word_1_287' title='bbox 823 2190 1019 2224; x_wconf 83' lang='lat' dir='ltr'><strong>videretur.</strong></span> <span class='ocrx_word' id='word_1_288' title='bbox 1070 2191 1218 2224; x_wconf 86' lang='lat' dir='ltr'><strong>Sciebat</strong></span> <span class='ocrx_word' id='word_1_289' title='bbox 1250 2191 1359 2231; x_wconf 86' lang='lat' dir='ltr'><strong>enim,</strong></span> <span class='ocrx_word' id='word_1_290' title='bbox 1382 2191 1412 2223; x_wconf 90' lang='lat' dir='ltr'><strong>si</strong></span> <span class='ocrx_word' id='word_1_291' title='bbox 1445 2190 1595 2223; x_wconf 87' lang='lat' dir='ltr'><strong>clande-</strong></span> 
     </span>
     <span class='ocr_line' id='line_1_34' title="bbox 142 2234 1593 2271; baseline 0.002 -4"><span class='ocrx_word' id='word_1_292' title='bbox 142 2234 240 2268; x_wconf 80' lang='lat' dir='ltr'><strong>stina</strong></span> <span class='ocrx_word' id='word_1_293' title='bbox 266 2245 355 2268; x_wconf 84' lang='lat' dir='ltr'><strong>nece</strong></span> <span class='ocrx_word' id='word_1_294' title='bbox 379 2235 604 2268; x_wconf 85' lang='lat' dir='ltr'><strong>barbaricum</strong></span> <span class='ocrx_word' id='word_1_295' title='bbox 627 2236 666 2269; x_wconf 87' lang='lat' dir='ltr'><strong>in</strong></span> <span class='ocrx_word' id='word_1_296' title='bbox 685 2248 822 2270; x_wconf 88' lang='lat' dir='ltr'><strong>morem</strong></span> <span class='ocrx_word' id='word_1_297' title='bbox 848 2237 1034 2270; x_wconf 88' lang='lat' dir='ltr'><strong>Rusticum</strong></span> <span class='ocrx_word' id='word_1_298' title='bbox 1059 2243 1095 2271; x_wconf 89' lang='lat' dir='ltr'><strong>et</strong></span> <span class='ocrx_word' id='word_1_299' title='bbox 1120 2238 1291 2271; x_wconf 84' lang='lat' dir='ltr'><strong>Ioannem</strong></span> <span class='ocrx_word' id='word_1_300' title='bbox 1316 2249 1335 2271; x_wconf 89' lang='lat' dir='ltr'><strong>e</strong></span> <span class='ocrx_word' id='word_1_301' title='bbox 1358 2236 1479 2271; x_wconf 83' lang='lat' dir='ltr'><strong>medio</strong></span> <span class='ocrx_word' id='word_1_302' title='bbox 1509 2238 1593 2271; x_wconf 90' lang='lat' dir='ltr'><strong>tolli</strong></span> 
     </span>
     <span class='ocr_line' id='line_1_35' title="bbox 142 2279 1593 2329; baseline 0.003 -16"><span class='ocrx_word' id='word_1_303' title='bbox 142 2279 368 2321; x_wconf 80' lang='lat' dir='ltr'><strong>mandasset,</strong></span> <span class='ocrx_word' id='word_1_304' title='bbox 393 2282 658 2316; x_wconf 76' lang='lat' dir='ltr'><strong>existimaturos</strong></span> <span class='ocrx_word' id='word_1_305' title='bbox 695 2283 875 2324; x_wconf 89' lang='lat' dir='ltr'><strong>Colchos,</strong></span> <span class='ocrx_word' id='word_1_306' title='bbox 900 2284 1083 2324; x_wconf 85' lang='lat' dir='ltr'><strong>iniuriam,</strong></span> <span class='ocrx_word' id='word_1_307' title='bbox 1117 2296 1226 2329; x_wconf 92' lang='lat' dir='ltr'><strong>quam</strong></span> <span class='ocrx_word' id='word_1_308' title='bbox 1261 2290 1486 2329; x_wconf 82' lang='lat' dir='ltr'><strong>acceperant,</strong></span> <span class='ocrx_word' id='word_1_309' title='bbox 1518 2296 1593 2317; x_wconf 89' lang='lat' dir='ltr'><strong>non</strong></span> 
     </span>
     <span class='ocr_line' id='line_1_36' title="bbox 142 2327 1592 2376; baseline 0.003 -16"><span class='ocrx_word' id='word_1_310' title='bbox 142 2327 227 2360; x_wconf 74' lang='lat' dir='ltr'><strong>natis</strong></span> <span class='ocrx_word' id='word_1_311' title='bbox 248 2338 312 2371; x_wconf 90' lang='lat' dir='ltr'><strong>pro</strong></span> <span class='ocrx_word' id='word_1_312' title='bbox 323 2337 366 2360; x_wconf 81' lang='lat' dir='ltr'><strong>eo</strong></span> <span class='ocrx_word' id='word_1_313' title='bbox 387 2328 605 2366; x_wconf 78' lang='lat' dir='ltr'><strong>ac,debebat</strong></span> <span class='ocrx_word' id='word_1_314' title='bbox 618 2329 847 2371; x_wconf 86' lang='lat' dir='ltr'><strong>vindicatam,</strong></span> <span class='ocrx_word' id='word_1_315' title='bbox 870 2341 991 2376; x_wconf 87' lang='lat' dir='ltr'><strong>neque</strong></span> <span class='ocrx_word' id='word_1_316' title='bbox 1013 2333 1099 2366; x_wconf 84' lang='lat' dir='ltr'><strong>satis</strong></span> <span class='ocrx_word' id='word_1_317' title='bbox 1118 2343 1240 2376; x_wconf 86' lang='lat' dir='ltr'><strong>graves</strong></span> <span class='ocrx_word' id='word_1_318' title='bbox 1259 2331 1304 2365; x_wconf 87' lang='lat' dir='ltr'><strong>de</strong></span> <span class='ocrx_word' id='word_1_319' title='bbox 1331 2331 1480 2364; x_wconf 86' lang='lat' dir='ltr'><strong>crimine</strong></span> <span class='ocrx_word' id='word_1_320' title='bbox 1501 2342 1592 2375; x_wconf 91' lang='lat' dir='ltr'><strong>poe-</strong></span> 
     </span>
     <span class='ocr_line' id='line_1_37' title="bbox 142 2374 1591 2422; baseline 0.002 -15"><span class='ocrx_word' id='word_1_321' title='bbox 142 2385 206 2407; x_wconf 88' lang='lat' dir='ltr'><strong>nas</strong></span> <span class='ocrx_word' id='word_1_322' title='bbox 221 2378 352 2408; x_wconf 72' lang='lat' dir='ltr'><strong>sumtas</strong></span> <span class='ocrx_word' id='word_1_323' title='bbox 367 2374 488 2409; x_wconf 81' lang='lat' dir='ltr'><strong>fuisse.</strong></span> <span class='ocrx_word' id='word_1_324' title='bbox 513 2375 652 2408; x_wconf 89' lang='lat' dir='ltr'><strong>Iudicio</strong></span> <span class='ocrx_word' id='word_1_325' title='bbox 673 2386 756 2410; x_wconf 86' lang='lat' dir='ltr'><strong>vero</strong></span> <span class='ocrx_word' id='word_1_326' title='bbox 777 2389 841 2422; x_wconf 89' lang='lat' dir='ltr'><strong>pro</strong></span> <span class='ocrx_word' id='word_1_327' title='bbox 862 2377 1038 2411; x_wconf 86' lang='lat' dir='ltr'><strong>tribunali</strong></span> <span class='ocrx_word' id='word_1_328' title='bbox 1064 2379 1235 2412; x_wconf 88' lang='lat' dir='ltr'><strong>instituto</strong></span> <span class='ocrx_word' id='word_1_329' title='bbox 1248 2404 1258 2419; x_wconf 94' lang='lat'><strong>,</strong></span> <span class='ocrx_word' id='word_1_330' title='bbox 1283 2384 1321 2412; x_wconf 90' lang='lat' dir='ltr'><strong>et</strong></span> <span class='ocrx_word' id='word_1_331' title='bbox 1337 2389 1443 2412; x_wconf 88' lang='lat' dir='ltr'><strong>causa</strong></span> <span class='ocrx_word' id='word_1_332' title='bbox 1459 2379 1591 2410; x_wconf 87' lang='lat' dir='ltr'><strong>utrim-</strong></span> 
     </span>
     <span class='ocr_line' id='line_1_38' title="bbox 143 2420 1590 2470; baseline 0.003 -18"><span class='ocrx_word' id='word_1_333' title='bbox 143 2431 215 2466; x_wconf 89' lang='lat' dir='ltr'><strong>que</strong></span> <span class='ocrx_word' id='word_1_334' title='bbox 245 2420 443 2464; x_wconf 80' lang='lat' dir='ltr'><strong>disceptata</strong></span> <span class='ocrx_word' id='word_1_335' title='bbox 462 2446 472 2462; x_wconf 91' lang='lat'><strong>,</strong></span> <span class='ocrx_word' id='word_1_336' title='bbox 497 2427 534 2455; x_wconf 91' lang='lat' dir='ltr'><strong>et</strong></span> <span class='ocrx_word' id='word_1_337' title='bbox 558 2422 732 2456; x_wconf 79' lang='lat' dir='ltr'><strong>ministris</strong></span> <span class='ocrx_word' id='word_1_338' title='bbox 758 2424 958 2458; x_wconf 80' lang='lat' dir='ltr'><strong>iudiciariis</strong></span> <span class='ocrx_word' id='word_1_339' title='bbox 982 2425 1077 2458; x_wconf 86' lang='lat' dir='ltr'><strong>ultro</strong></span> <span class='ocrx_word' id='word_1_340' title='bbox 1105 2424 1270 2470; x_wconf 76' lang='lat' dir='ltr'><strong>citroque</strong></span> <span class='ocrx_word' id='word_1_341' title='bbox 1295 2424 1590 2465; x_wconf 85' lang='lat' dir='ltr'><strong>commeantibus,</strong></span> 
     </span>
     <span class='ocr_line' id='line_1_39' title="bbox 141 2469 1591 2516; baseline 0.003 -17"><span class='ocrx_word' id='word_1_342' title='bbox 141 2473 256 2512; x_wconf 88' lang='lat' dir='ltr'><strong>utque</strong></span> <span class='ocrx_word' id='word_1_343' title='bbox 284 2472 420 2499; x_wconf 82' lang='lat' dir='ltr'><strong>actores</strong></span> <span class='ocrx_word' id='word_1_344' title='bbox 460 2473 497 2500; x_wconf 86' lang='lat' dir='ltr'><strong>et</strong></span> <span class='ocrx_word' id='word_1_345' title='bbox 527 2469 580 2501; x_wconf 87' lang='lat' dir='ltr'><strong>rei</strong></span> <span class='ocrx_word' id='word_1_346' title='bbox 613 2474 695 2512; x_wconf 88' lang='lat' dir='ltr'><strong>apte</strong></span> <span class='ocrx_word' id='word_1_347' title='bbox 720 2481 784 2503; x_wconf 81' lang='lat' dir='ltr'><strong>suo</strong></span> <span class='ocrx_word' id='word_1_348' title='bbox 821 2470 950 2504; x_wconf 83' lang='lat' dir='ltr'><strong>ordine</strong></span> <span class='ocrx_word' id='word_1_349' title='bbox 979 2471 1272 2516; x_wconf 82' lang='lat' dir='ltr'><strong>interloquantur</strong></span> <span class='ocrx_word' id='word_1_350' title='bbox 1298 2470 1591 2515; x_wconf 82' lang='lat' dir='ltr'><strong>procurantibus,</strong></span> 
     </span>
     <span class='ocr_line' id='line_1_40' title="bbox 139 2514 1590 2563; baseline 0.003 -17"><span class='ocrx_word' id='word_1_351' title='bbox 139 2519 306 2547; x_wconf 79' lang='lat' dir='ltr'><strong>versante</strong></span> <span class='ocrx_word' id='word_1_352' title='bbox 331 2514 439 2546; x_wconf 85' lang='lat' dir='ltr'><strong>etiam</strong></span> <span class='ocrx_word' id='word_1_353' title='bbox 467 2514 514 2546; x_wconf 93' lang='lat' dir='ltr'><strong>ob</strong></span> <span class='ocrx_word' id='word_1_354' title='bbox 541 2515 664 2548; x_wconf 87' lang='lat' dir='ltr'><strong>oculos</strong></span> <span class='ocrx_word' id='word_1_355' title='bbox 698 2517 885 2550; x_wconf 82' lang='lat' dir='ltr'><strong>maiestate</strong></span> <span class='ocrx_word' id='word_1_356' title='bbox 918 2517 1084 2551; x_wconf 83' lang='lat' dir='ltr'><strong>iudiciali</strong></span> <span class='ocrx_word' id='word_1_357' title='bbox 1119 2524 1156 2551; x_wconf 90' lang='lat' dir='ltr'><strong>et</strong></span> <span class='ocrx_word' id='word_1_358' title='bbox 1180 2517 1497 2563; x_wconf 82' lang='lat' dir='ltr'><strong>grandiloquentia</strong></span> <span class='ocrx_word' id='word_1_359' title='bbox 1523 2529 1590 2550; x_wconf 86' lang='lat' dir='ltr'><strong>au—</strong></span> 
     </span>
     <span class='ocr_line' id='line_1_41' title="bbox 145 2560 1592 2608; baseline 0.002 -15"><span class='ocrx_word' id='word_1_360' title='bbox 145 2570 201 2593; x_wconf 73' lang='lat' dir='ltr'><strong>res</strong></span> <span class='ocrx_word' id='word_1_361' title='bbox 225 2560 403 2600; x_wconf 84' lang='lat' dir='ltr'><strong>feriente,</strong></span> <span class='ocrx_word' id='word_1_362' title='bbox 426 2563 548 2605; x_wconf 87' lang='lat' dir='ltr'><strong>&#39;eoque</strong></span> <span class='ocrx_word' id='word_1_363' title='bbox 576 2561 674 2594; x_wconf 89' lang='lat' dir='ltr'><strong>omni</strong></span> <span class='ocrx_word' id='word_1_364' title='bbox 711 2570 885 2608; x_wconf 84' lang='lat' dir='ltr'><strong>apparatu</strong></span> <span class='ocrx_word' id='word_1_365' title='bbox 919 2570 1074 2598; x_wconf 82' lang='lat' dir='ltr'><strong>mortem</strong></span> <span class='ocrx_word' id='word_1_366' title='bbox 1103 2565 1352 2598; x_wconf 84' lang='lat' dir='ltr'><strong>imminentem</strong></span> <span class='ocrx_word' id='word_1_367' title='bbox 1378 2563 1592 2597; x_wconf 85' lang='lat' dir='ltr'><strong>horribilio-</strong></span> 
     </span>
     <span class='ocr_line' id='line_1_42' title="bbox 141 2606 1590 2655; baseline 0.003 -16"><span class='ocrx_word' id='word_1_368' title='bbox 141 2617 216 2639; x_wconf 88' lang='lat' dir='ltr'><strong>rem</strong></span> <span class='ocrx_word' id='word_1_369' title='bbox 241 2606 423 2639; x_wconf 82' lang='lat' dir='ltr'><strong>efficiente</strong></span> <span class='ocrx_word' id='word_1_370' title='bbox 444 2618 453 2648; x_wconf 67' lang='grc' dir='ltr'><em>ς</em></span> <span class='ocrx_word' id='word_1_371' title='bbox 471 2606 540 2646; x_wconf 84' lang='lat' dir='ltr'><strong>his,</strong></span> <span class='ocrx_word' id='word_1_372' title='bbox 568 2606 733 2653; x_wconf 90' lang='lat' dir='ltr'><strong>inquam,</strong></span> <span class='ocrx_word' id='word_1_373' title='bbox 758 2610 927 2644; x_wconf 88' lang='lat' dir='ltr'><strong>omnibus</strong></span> <span class='ocrx_word' id='word_1_374' title='bbox 954 2611 1006 2643; x_wconf 87' lang='lat' dir='ltr'><strong>ita</strong></span> <span class='ocrx_word' id='word_1_375' title='bbox 1033 2612 1202 2655; x_wconf 86' lang='lat' dir='ltr'><strong>peractis,</strong></span> <span class='ocrx_word' id='word_1_376' title='bbox 1224 2623 1300 2644; x_wconf 86' lang='lat' dir='ltr'><strong>rem</strong></span> <span class='ocrx_word' id='word_1_377' title='bbox 1329 2613 1445 2655; x_wconf 87' lang='lat' dir='ltr'><strong>ipsam</strong></span> <span class='ocrx_word' id='word_1_378' title='bbox 1472 2611 1590 2644; x_wconf 84' lang='lat' dir='ltr'><strong>maius</strong></span> 
     </span>
     <span class='ocr_line' id='line_1_43' title="bbox 143 2652 1590 2732; baseline 0.004 -47"><span class='ocrx_word' id='word_1_379' title='bbox 143 2652 284 2698; x_wconf 86' lang='lat' dir='ltr'><strong>aliquid</strong></span> <span class='ocrx_word' id='word_1_380' title='bbox 313 2658 422 2732; x_wconf 53' lang='lat'><strong>3232?</strong></span> <span class='ocrx_word' id='word_1_381' title='bbox 454 2654 608 2686; x_wconf 77' lang='lat' dir='ltr'><strong>atrocius</strong></span> <span class='ocrx_word' id='word_1_382' title='bbox 643 2653 805 2688; x_wconf 80' lang='lat' dir='ltr'><strong>barbaris</strong></span> <span class='ocrx_word' id='word_1_383' title='bbox 838 2668 915 2690; x_wconf 80' lang='lat' dir='ltr'><strong>esse</strong></span> <span class='ocrx_word' id='word_1_384' title='bbox 952 2663 1323 2700; x_wconf 80' lang='lat' dir='ltr'><strong>repraesentaturam,</strong></span> <span class='ocrx_word' id='word_1_385' title='bbox 1369 2663 1407 2692; x_wconf 91' lang='lat' dir='ltr'><strong>et</strong></span> <span class='ocrx_word' id='word_1_386' title='bbox 1440 2656 1590 2691; x_wconf 81' lang='lat' dir='ltr'><strong>fortasse</strong></span> 
     </span>
     <span class='ocr_line' id='line_1_44' title="bbox 142 2699 1589 2748; baseline 0.004 -17"><span class='ocrx_word' id='word_1_387' title='bbox 142 2699 303 2732; x_wconf 85' lang='lat' dir='ltr'><strong>criminis</strong></span> <span class='ocrx_word' id='word_1_388' title='bbox 334 2711 353 2732; x_wconf 87' lang='lat' dir='ltr'><strong>a</strong></span> <span class='ocrx_word' id='word_1_389' title='bbox 417 2700 480 2732; x_wconf 86' lang='lat' dir='ltr'><strong>issi</strong></span> <span class='ocrx_word' id='word_1_390' title='bbox 509 2700 681 2732; x_wconf 86' lang='lat' dir='ltr'><strong>meritum</strong></span> <span class='ocrx_word' id='word_1_391' title='bbox 713 2702 899 2736; x_wconf 83' lang='lat' dir='ltr'><strong>excedens.</strong></span> <span class='ocrx_word' id='word_1_392' title='bbox 950 2704 1047 2737; x_wconf 83' lang='lat' dir='ltr'><strong>Haec</strong></span> <span class='ocrx_word' id='word_1_393' title='bbox 1081 2704 1177 2737; x_wconf 89' lang='lat' dir='ltr'><strong>enim</strong></span> <span class='ocrx_word' id='word_1_394' title='bbox 1214 2704 1322 2737; x_wconf 85' lang='lat' dir='ltr'><strong>ctiam</strong></span> <span class='ocrx_word' id='word_1_395' title='bbox 1362 2704 1458 2748; x_wconf 84' lang='lat' dir='ltr'><strong>ipsos</strong></span> <span class='ocrx_word' id='word_1_396' title='bbox 1495 2705 1589 2737; x_wconf 75' lang='lat' dir='ltr'><strong>clves</strong></span> 
     </span>
     <span class='ocr_line' id='line_1_45' title="bbox 141 2745 1589 2796; baseline 0.005 -20"><span class='ocrx_word' id='word_1_397' title='bbox 141 2745 376 2787; x_wconf 73' lang='lat' dir='ltr'><strong>Byzantinos,</strong></span> <span class='ocrx_word' id='word_1_398' title='bbox 410 2747 552 2780; x_wconf 84' lang='lat' dir='ltr'><strong>tametsi</strong></span> <span class='ocrx_word' id='word_1_399' title='bbox 584 2746 794 2792; x_wconf 83' lang='lat' dir='ltr'><strong>frequenter</strong></span> <span class='ocrx_word' id='word_1_400' title='bbox 827 2749 903 2783; x_wconf 88' lang='lat' dir='ltr'><strong>illic</strong></span> <span class='ocrx_word' id='word_1_401' title='bbox 939 2751 1150 2795; x_wconf 84' lang='lat' dir='ltr'><strong>contingant</strong></span> <span class='ocrx_word' id='word_1_402' title='bbox 1176 2776 1185 2792; x_wconf 92' lang='lat'><strong>,</strong></span> <span class='ocrx_word' id='word_1_403' title='bbox 1215 2750 1444 2796; x_wconf 83' lang='lat' dir='ltr'><strong>percellunt,</strong></span> <span class='ocrx_word' id='word_1_404' title='bbox 1479 2757 1589 2796; x_wconf 82' lang='lat' dir='ltr'><strong>atque</strong></span> 
     </span>
    </p>
   </div>
  </div>
 </body>
</html>
