1794 3112
542 130 913 172 HISTORIARUM
952 132 1023 170 111.
1054 133 1123 173 118.
1476 125 1496 160 1
1512 125 1538 179 7
1555 125 1572 158 Ι

149 233 197 283 ’ἔς
229 231 276 276 τὸ
306 227 494 288 ἀκριβὲς,
533 232 607 272 καί
635 229 740 272 κατὰ
774 228 872 279 τοὺς
904 228 1130 283 “Ρωμαι’ων
1166 226 1318 281 νόμους
1353 227 1580 282 κρινοῦντα.
1594 228 1634 309 e}
1644 227 1688 309 1C2
1699 230 1767 312 {54

150 301 226 341 καί
252 296 302 352 δὴ
331 295 682 353 παραγενόμενος,
716 296 958 339 ‘Potamou
979 297 1058 348 μὲν
1077 291 1208 343 εὐθὺς
1235 294 1278 342 ἐς
1311 292 1581 347 Ἀψαροῦντα
1620 301 1628 308 “
1659 289 1701 312 ‘¹‘

148 362 308 406 ἔστειλε
340 360 416 417 τήν
446 359 594 414 πόλιν,
644 360 717 402 καί
747 363 803 418 τῷ
836 360 970 418 ἐκείνῃ
1005 359 1272 418 δεσμωτηράιυ
1310 359 1580 433 ἐγκαρείρξαέ

147 426 372 484 ἐφρούρει·
402 426 567 484 Ἰωάννῃ
591 429 637 469 δὲ
674 428 733 485 τῷ
750 428 927 480 βασιλέα
948 428 1028 479 μὲν
1054 425 1335 481 φενακίσαντι,
1364 438 1580 498 αυτουργῳ

120 493 198 541 ’ὅδὲ
223 494 298 534 τοῦ
322 490 559 545 μιάσματος
585 493 858 549 γεγενημένῳ,
906 489 1193 546 ἆποὸράσαντί
1210 505 1298 538 πως
1322 491 1367 531 ἐν
1393 491 1451 546 τῷ
1485 503 1578 530 τοτε

148 556 458 615 λαθραιότατα,
504 559 577 600 καί
607 560 718 614 φυγῇ
745 557 820 613 την
855 555 1064 612 σωτηρίαν
1098 557 1399 611 καρπώσασθαι
1427 569 1580 630 πειρω-

142 626 283 682 μένῳ,
311 624 404 666 ἄλλ’
429 624 569 682 ἐκείνῳ
583 639 629 678 γε
650 625 707 682 τῷ
736 624 903 680 Ἰωάννῃ
920 621 991 664 ἐπὶ
1004 622 1141 664 τοῖσδε
1158 620 1420 686 πορευομένη)
1448 634 1584 661 υπαν-

111 696 113 698 ’
146 689 296 743 τιάζει,
329 686 438 731 οὕτω
463 687 696 746 παρασχὸν,
718 688 741 731 ὅ
766 685 1020 745 ΠΙετριανὸς,
1051 684 1129 743 (εἷς
1151 687 1197 728 δέ
1216 703 1263 740 γε
1283 679 1333 740 ἦν
1355 687 1478 732 οὗτος
1501 685 1582 726 τῶν

146 750 267 811 ’ἇμφί
292 753 343 797 τά
365 754 556 809 βασίλεια
587 754 863 813 δορυφόρων,
907 750 981 803 οὓς
1012 751 1063 808 δὴ
1085 751 1322 807 Σκρίβωνας
1347 749 1685 803 ὄνομάζου-Ρ.90

56 828 61 831 ⁴
90 830 231 863 ‘somv-
258 820 428 864 ἔσταλτο
460 822 505 863 δὲ
531 820 685 864 αὐτόσε
705 820 855 864 τούτου
881 819 931 876 δὴ
957 821 1096 872 ἕνεκα,
1127 819 1196 874 ἐφ’
1223 811 1256 876 ᾧ
1279 815 1585 872 ἐξυπηρετήσα-

147 886 262 929 σθαί
274 902 319 928 τε
343 889 401 946 τῷ
430 883 686 945 Ἀθανασιῖιυ,
714 886 787 928 καί
805 883 908 928 ἅττα
929 881 980 926 ἂν
996 884 1235 926 ὑπ’έκείνου
1273 881 1582 938 κριθείητόνδε

139 953 282 993 ’ταῦτα
299 953 564 1008 ἐπιτελέσαν)
585 950 802 1006 ξυλλαβών
821 949 872 1006 δη
892 945 966 992 οὖν
987 949 1008 991 ὃ
1024 946 1268 1005 Μετριανὸς
1288 946 1362 990 τὸν
1376 946 1582 1003 Ἰωάννην,

141 1015 262 1073 παρὰ
291 1015 362 1059 τὸν
398 1015 615 1073 διαιτητὴν
643 1016 908 1070 ἄπεκόμισεν.
961 1012 983 1056 ὅ
1011 1016 1057 1058 δὲ
1091 1013 1164 1056 καί
1193 1016 1338 1056 τοῦτον
1369 1014 1414 1063 ἐς
1442 1009 1582 1066 Ἀψα-

144 1083 301 1136 ροῦντα
321 1083 570 1136 ἐξέπεμψεν,
600 1083 645 1124 ἐν
671 1080 812 1140 εἱρκτῇ
837 1098 879 1124 τε
909 1083 985 1124 καί
1003 1080 1208 1138 ποδοκάκῃ
1232 1081 1468 1134 μενοῦντα,
1503 1081 1581 1127 ἕως

91 1145 173 1191 15ὅ
197 1147 243 1188 ἐν
266 1146 389 1189 ποσὶν
413 1147 527 1201 ιῖγιόν
549 1147 810 1203 διανυσθείη.

250 1210 309 1256 ιε’.
352 1209 469 1266 Ἅμα
497 1213 578 1269 γὰρ
599 1215 654 1270 τῷ
681 1209 753 1269 ἦρι
785 1213 1004 1271 ἀρξαμένῳ
1022 1213 1167 1269 παρῆν
1192 1209 1216 1252 ὅ
1246 1208 1505 1267 Ναχοραγάν
1532 1212 1578 1259 ἐς
1589 1221 1627 1256 A.
1640 1222 1677 1256 C.
1692 1223 1760 1261 555

140 1281 452 1334 Μουχείρισιν,
491 1278 565 1320 καί
594 1279 742 1321 αὐτίκα
775 1280 828 1320 τά
858 1295 902 1320 τε
929 1277 1229 1335 στρατεύματα
1260 1271 1459 1333 ἤθροιζε,
1507 1280 1579 1320 καί
1590 1269 1615 1304 Ῑ·
1629 1270 1655 1304 Ῑ·
1670 1282 1718 1318 29

140 1345 312 1400 πλείστῃ
339 1339 414 1400 ὅσῃ
437 1342 651 1399 χρώμενος
674 1344 893 1402 προθυμίᾳ
918 1343 969 1386 τά
999 1345 1042 1392 ἐς
1057 1342 1127 1385 τὸν
1149 1343 1330 1395 πόλεμον
1345 1342 1579 1398 ἐξηρτύετο.

141 1407 354 1464 τοιγάρτοι
383 1407 516 1450 nal-oi
549 1407 762 1461 εΡωμαῖοι
782 1408 897 1465 ἀμφὶ
916 1408 992 1463 τήν
1017 1410 1162 1465 Νῆσον
1204 1405 1462 1463 ἀγειρόμενοι
1494 1425 1578 1450 πα-
1615 1429 1621 1435 ·

84 1471 448 1528 αορεσκευάζοντο,
478 1475 550 1516 καί
566 1471 618 1515 τά
646 1476 719 1528 τῆς
749 1473 922 1528 κρίσεως
949 1470 1118 1522 εἰκότως
1140 1473 1398 1516 ἄνεκόπτετο.
1426 1477 1474 1515 τί
1490 1472 1570 1529 γὰρ

137 1531 191 1579 ἂν
217 1533 362 1586 αὖτοῖς
382 1539 427 1580 ἐν
457 1540 517 1595 τῷ
560 1538 652 1581 τότε
676 1538 1016 1595 προύργιαίτερον
1036 1537 1250 1595 κατεφάνη
1273 1541 1349 1594 τῆς
1379 1542 1476 1595 περί
1504 1537 1577 1580 τὸν

135 1602 317 1656 πόλεμον
333 1603 557 1656 εὐκοσμίας
566 1622 580 1656 ‚-
608 1599 689 1659 ἤδη
721 1606 768 1646 δὲ
790 1604 863 1646 καί
890 1603 911 1647 ὅ
953 1604 1122 1660 Τζάθης
1144 1601 1232 1657 ἅμα
1256 1604 1480 1663 Σωτηρίχῳ
1505 1608 1598 1663 τῷΒ

134 1670 352 1726 στρατηγῷ
378 1670 425 1711 ἐκ
455 1669 696 1721 Βυζαντίου
719 1671 892 1726 ἀφῖκτο,
930 1670 1006 1726 τήν
1032 1686 1078 1712 τε
1108 1671 1303 1728 πατρῴαν
1327 1667 1465 1726 ἆρχὴν
1497 1672 1571 1714 καὶ

226 1748 258 1771 2.
283 1736 321 1774 ἐς
343 1748 410 1771 om.
437 1737 476 1770 R.
603 1740 635 1774 8.
661 1736 877 1784 Μετριανός
910 1739 947 1771 R.
975 1743 1014 1772 et
1047 1739 1180 1783 Intpxn,
1209 1736 1456 1795 Μαστριανός
1478 1740 1573 1784 vulg.

225 1795 258 1828 9.
282 1784 493 1828 Σκρίβονας
514 1783 625 1829 Lugd.
687 1796 736 1819 ιο.
762 1786 832 1818 τοῦ
856 1782 900 1828 δὴ
926 1786 965 1818 R.
1019 1796 1070 1819 ια.
1095 1786 1343 1829 Μαστριανος
1365 1787 1460 1831 vulg.
1523 1787 1573 1830 ¹4·

221 1831 431 1875 μενοῦντας
453 1830 493 1865 R.
545 1842 596 1875 ¹7·
621 1828 814 1877 ἠθροίζετο
838 1833 876 1865 Β.
934 1843 989 1866 22.
1010 1832 1163 1866 Sotirem
1183 1831 1320 1877 ubique
1339 1838 1444 1868 vocat
1460 1833 1572 1879 Intpr.

222 1877 275 1920 τῷ
298 1886 369 1910 om.
393 1878 434 1913 R.
550 1878 604 1910 23.
631 1878 810 1924 πατρώου
838 1879 877 1913 R.
903 1883 940 1912 et
967 1879 1006 1913 in
1027 1889 1094 1925 mg.
1123 1876 1308 1925 ἀδελφοῦ.

129 1945 348 1990 praescripto
387 1945 624 1978 Romanarum
659 1947 778 1992 legum
813 1949 1030 1982 sententiam
1073 1949 1193 1983 ferret.
1265 1947 1340 1994 Qui
1382 1961 1464 1985 cum
1501 1949 1568 1986 ad-
1604 1980 1607 1984 .

129 1992 309 2032 venisset,
342 1991 525 2024 Rusticum
557 1992 704 2037 quidem
730 1994 850 2027 statim
869 1993 1096 2039 Apsarunten
1121 1996 1237 2035 misit,
1264 2002 1372 2042 atque
1397 1998 1436 2030 in
1466 1998 1566 2032 illius

128 2036 230 2074 ¹urbis
253 2048 391 2070 carcere
415 2037 589 2072 custodiri
613 2039 726 2072 iussit.
777 2040 904 2073 Ioanni
930 2051 1026 2082 vero,
1052 2042 1116 2087 qui
1145 2053 1266 2087 regem
1291 2043 1492 2086 fefellerat,
1527 2051 1565 2079 et

128 2087 207 2116 tum
229 2084 400 2128 temporis
423 2084 616 2117 admodum
641 2086 732 2118 clam
757 2097 794 2119 se
819 2086 906 2120 inde
933 2089 1180 2131 surripuerat,
1218 2093 1255 2122 et
1288 2090 1371 2135 fuga
1409 2091 1564 2125 salutem

126 2138 252 2173 parere
266 2129 464 2172 nitebatur;
488 2129 586 2171 huic,
605 2131 762 2178 inquam,
779 2133 918 2174 Ioanni,
932 2135 996 2179 qui
1011 2134 1079 2167 hac
1098 2133 1143 2168 de
1163 2145 1268 2168 causa
1291 2147 1329 2169 se
1354 2137 1394 2170 in
1410 2138 1479 2171 iter
1495 2138 1562 2172 de·

127 2173 252 2216 derat,
273 2174 366 2208 forte
391 2175 536 2209 fortuna
567 2177 692 2211 obvius
720 2184 774 2212 est
793 2178 907 2212 factus
921 2179 1130 2220 Metrianus‚
1157 2193 1250 2214 unus
1278 2193 1296 2215 e
1321 2183 1428 2228 regiis
1454 2185 1563 2218 satel-

127 2219 280 2261 litibus,
304 2232 392 2267 quos
417 2221 609 2256 Scribonas
639 2230 779 2265 vocant,
804 2225 931 2258 missus
956 2232 1075 2260 autem
1104 2233 1179 2261 erat
1202 2228 1302 2270 illuc,
1330 2235 1372 2262 ut
1393 2229 1559 2264 Athana—

125 2266 218 2298 sium
253 2266 486 2308 ministraret,
519 2273 557 2302 et
590 2281 683 2315 quae
717 2271 779 2304 ille
818 2271 1014 2307 iudicasset
1038 2279 1305 2320 exsequeretur.
1355 2275 1556 2311 Metrianus

125 2312 250 2357 itaque
275 2323 355 2345 eum
380 2313 640 2357 apprehensum
664 2315 710 2349 ad
734 2316 891 2351 iudicem
923 2318 1158 2353 Athanasium
1190 2320 1315 2363 duxit,
1352 2323 1415 2367 qui
1443 2324 1555 2358 etiam

122 2356 222 2391 hunc
245 2357 470 2402 Apsarunten
503 2361 622 2402 misit,
658 2367 700 2395 ut
731 2363 785 2396 ibi
812 2364 851 2397 in
881 2376 1019 2398 carcere
1056 2371 1093 2399 et
1129 2367 1235 2411 cippo
1269 2367 1434 2402 haereret
1469 2375 1553 2403 tan-

122 2399 236 2448 ¹tisper
251 2403 335 2437 dum
360 2403 571 2450 disceptatio
585 2408 778 2450 iudicialis,
797 2421 889 2455 quae
911 2412 982 2443 iam
1002 2412 1254 2456 apparabatur,
1269 2421 1362 2448 esset
1378 2416 1553 2450 absoluta.

220 2451 269 2483 15.
319 2449 447 2483 Statim
481 2452 575 2486 enim
600 2455 750 2488 ineunte
781 2466 864 2490 vere
899 2457 1131 2503 Nachoragan
1166 2459 1395 2494 Muchirisim
1427 2463 1550 2503 venit,

121 2499 160 2528 et
182 2496 371 2529 confestim
396 2496 512 2540 copias
538 2501 674 2545 coegit,
701 2508 909 2548 quantaque
933 2509 1078 2548 poterat
1109 2504 1299 2550 diligentia
1325 2518 1362 2540 se
1387 2506 1432 2539 ad
1469 2507 1551 2540 bel-

119 2540 198 2574 lum
221 2541 458 2586 comparabat.
506 2542 628 2579 Nihilo
652 2547 766 2581 secius
789 2558 871 2582 vero
904 2550 1012 2583 etiam
1044 2552 1194 2584 Romani
1230 2552 1363 2585 circum
1391 2553 1547 2588 Insulam

120 2585 342 2632 imagi-egani,
366 2598 443 2622 sese
476 2600 611 2624 summa
634 2593 669 2625 vi
696 2594 941 2639 apparabant3
977 2602 1014 2630 et
1039 2597 1216 2631 iudicium
1240 2599 1370 2631 merito
1405 2605 1546 2643 protra-

119 2630 283 2668 bebatur.
333 2633 433 2680 Quid
459 2636 555 2671 enim
579 2638 664 2681 ipsis
689 2650 731 2672 eo
755 2651 873 2674 rerum
899 2647 994 2675 statu
1020 2644 1148 2678 maiori
1176 2655 1280 2676 curae.
1317 2655 1392 2678 esse
1429 2645 1545 2680 debe-

119 2676 203 2723 bat,
251 2691 356 2733 quam
390 2692 444 2715 res
481 2681 527 2716 ad
563 2682 698 2719 bellum
731 2689 944 2722 necessarias
979 2700 1085 2735 quam
1125 2691 1261 2735 optime
1295 2692 1542 2728 constituere?
