<?xml version="1.0" encoding="UTF-8"?>
<!DOCTYPE html PUBLIC "-//W3C//DTD XHTML 1.0 Transitional//EN"
    "http://www.w3.org/TR/xhtml1/DTD/xhtml1-transitional.dtd">
<html xmlns="http://www.w3.org/1999/xhtml" xml:lang="en" lang="en">
 <head>
  <title>
</title>
<meta http-equiv="Content-Type" content="text/html;charset=utf-8" />
  <meta name='ocr-system' content='tesseract 3.04.00' />
  <meta name='ocr-capabilities' content='ocr_page ocr_carea ocr_par ocr_line ocrx_word'/>
</head>
<body>
  <div class='ocr_page' id='page_1' title='image "./corpusscriptorum01niebuoft_0140.png"; bbox 0 0 1794 3112; ppageno 0'>
   <div class='ocr_carea' id='block_1_1' title="bbox 257 130 1093 201">
    <p class='ocr_par' dir='ltr' id='par_1_1' title="bbox 257 130 1093 201">
     <span class='ocr_line' id='line_1_1' title="bbox 257 130 1093 201; baseline 0.013 -19"><span class='ocrx_word' id='word_1_1' title='bbox 257 130 332 201; x_wconf 87' lang='lat'><strong>96</strong></span> <span class='ocrx_word' id='word_1_2' title='bbox 822 148 1093 192; x_wconf 76' lang='lat' dir='ltr'>AGATHIAE</span> 
     </span>
    </p>
   </div>
   <div class='ocr_carea' id='block_1_2' title="bbox 70 242 1705 1785">
    <p class='ocr_par' dir='ltr' id='par_1_2' title="bbox 70 242 1705 1785">
     <span class='ocr_line' id='line_1_2' title="bbox 70 242 1652 307; baseline 0.006 -22"><span class='ocrx_word' id='word_1_3' title='bbox 70 253 158 286; x_wconf 81' lang='lat' dir='ltr'><strong>A.c.</strong></span> <span class='ocrx_word' id='word_1_4' title='bbox 180 250 245 297; x_wconf 76' lang='lat'><strong>554</strong></span> <span class='ocrx_word' id='word_1_5' title='bbox 257 243 410 298; x_wconf 85' lang='grc' dir='ltr'><em>λα’λητα</em></span> <span class='ocrx_word' id='word_1_6' title='bbox 448 245 522 298; x_wconf 75' lang='grc' dir='ltr'><em>τῆς</em></span> <span class='ocrx_word' id='word_1_7' title='bbox 557 242 789 297; x_wconf 80' lang='grc' dir='ltr'><em>οἰκοδομίας</em></span> <span class='ocrx_word' id='word_1_8' title='bbox 817 246 1095 302; x_wconf 74' lang='grc' dir='ltr'><em>δαιδάλματα,</em></span> <span class='ocrx_word' id='word_1_9' title='bbox 1123 249 1178 298; x_wconf 74' lang='grc' dir='ltr'><em>αἷς</em></span> <span class='ocrx_word' id='word_1_10' title='bbox 1199 252 1326 304; x_wconf 78' lang='grc' dir='ltr'><em>μηδὲν</em></span> <span class='ocrx_word' id='word_1_11' title='bbox 1349 251 1482 294; x_wconf 77' lang='grc' dir='ltr'><em>ὁτιοῦν</em></span> <span class='ocrx_word' id='word_1_12' title='bbox 1505 252 1652 307; x_wconf 74' lang='grc' dir='ltr'><em>σχεδόν</em></span> 
     </span>
     <span class='ocr_line' id='line_1_3' title="bbox 111 299 1654 370; baseline 0.008 -24"><span class='ocrx_word' id='word_1_13' title='bbox 111 299 138 334; x_wconf 77' lang='grc' dir='ltr'><strong>Ῑ·</strong></span> <span class='ocrx_word' id='word_1_14' title='bbox 153 299 179 338; x_wconf 80' lang='grc' dir='ltr'><strong>Ῑ·</strong></span> <span class='ocrx_word' id='word_1_15' title='bbox 193 301 236 332; x_wconf 77' lang='lat'><strong>23</strong></span> <span class='ocrx_word' id='word_1_16' title='bbox 254 323 334 348; x_wconf 87' lang='grc' dir='ltr'><strong>που</strong></span> <span class='ocrx_word' id='word_1_17' title='bbox 351 310 592 361; x_wconf 74' lang='grc' dir='ltr'><em>λειφθῆναι,</em></span> <span class='ocrx_word' id='word_1_18' title='bbox 619 303 648 362; x_wconf 74' lang='grc' dir='ltr'><em>ἢ</em></span> <span class='ocrx_word' id='word_1_19' title='bbox 666 307 771 360; x_wconf 89' lang='grc' dir='ltr'><em>μόνα</em></span> <span class='ocrx_word' id='word_1_20' title='bbox 792 312 861 363; x_wconf 73' lang='grc' dir='ltr'><em>τῆς</em></span> <span class='ocrx_word' id='word_1_21' title='bbox 886 315 1134 367; x_wconf 78' lang='grc' dir='ltr'><em>κατασκευῆς</em></span> <span class='ocrx_word' id='word_1_22' title='bbox 1153 313 1204 354; x_wconf 76' lang='grc' dir='ltr'><em>τὰ</em></span> <span class='ocrx_word' id='word_1_23' title='bbox 1227 316 1374 370; x_wconf 77' lang='grc' dir='ltr'><em>ἐδάφη.</em></span> <span class='ocrx_word' id='word_1_24' title='bbox 1426 314 1554 364; x_wconf 72' lang='grc' dir='ltr'><em>πολὺς</em></span> <span class='ocrx_word' id='word_1_25' title='bbox 1576 320 1654 368; x_wconf 83' lang='grc' dir='ltr'><strong>μὲν</strong></span> 
     </span>
     <span class='ocr_line' id='line_1_4' title="bbox 254 367 1652 432; baseline 0.009 -23"><span class='ocrx_word' id='word_1_26' title='bbox 254 367 326 411; x_wconf 76' lang='grc' dir='ltr'><em>οὖν</em></span> <span class='ocrx_word' id='word_1_27' title='bbox 357 367 496 422; x_wconf 74' lang='grc' dir='ltr'><em>ὅμιλος</em></span> <span class='ocrx_word' id='word_1_28' title='bbox 525 372 723 424; x_wconf 78' lang='grc' dir='ltr'><em>ἰθαγενῶν</em></span> <span class='ocrx_word' id='word_1_29' title='bbox 756 389 800 413; x_wconf 87' lang='grc' dir='ltr'><strong>τε</strong></span> <span class='ocrx_word' id='word_1_30' title='bbox 831 375 903 415; x_wconf 80' lang='grc' dir='ltr'><em>καί</em></span> <span class='ocrx_word' id='word_1_31' title='bbox 930 375 1133 417; x_wconf 81' lang='grc' dir='ltr'><em>ἐνδαπίων</em></span> <span class='ocrx_word' id='word_1_32' title='bbox 1173 377 1332 432; x_wconf 71' lang='grc' dir='ltr'><em>ἀνδρῶν</em></span> <span class='ocrx_word' id='word_1_33' title='bbox 1369 379 1628 421; x_wconf 70' lang='grc' dir='ltr'><em>ἀπολώλασιν</em></span> <span class='ocrx_word' id='word_1_34' title='bbox 1638 413 1652 431; x_wconf 90' lang='grc'><em>,</em></span> 
     </span>
     <span class='ocr_line' id='line_1_5' title="bbox 252 430 1654 498; baseline 0.007 -24"><span class='ocrx_word' id='word_1_35' title='bbox 252 433 590 485; x_wconf 78' lang='grc' dir='ltr'><em>ὖποπεπιεσμένοι</em></span> <span class='ocrx_word' id='word_1_36' title='bbox 610 437 668 490; x_wconf 72' lang='grc' dir='ltr'><em>τῷ</em></span> <span class='ocrx_word' id='word_1_37' title='bbox 693 430 841 488; x_wconf 65' lang='grc' dir='ltr'><em>ἄχθει,</em></span> <span class='ocrx_word' id='word_1_38' title='bbox 879 437 1022 478; x_wconf 73' lang='grc' dir='ltr'><em>πολλοὶ</em></span> <span class='ocrx_word' id='word_1_39' title='bbox 1055 440 1099 480; x_wconf 82' lang='grc' dir='ltr'><strong>δὲ</strong></span> <span class='ocrx_word' id='word_1_40' title='bbox 1121 440 1205 480; x_wconf 82' lang='grc' dir='ltr'><em>νέοι</em></span> <span class='ocrx_word' id='word_1_41' title='bbox 1233 441 1429 494; x_wconf 82' lang='grc' dir='ltr'><em>ἐπήλυδες</em></span> <span class='ocrx_word' id='word_1_42' title='bbox 1459 439 1654 498; x_wconf 79' lang='grc' dir='ltr'><em>εὖπατρί-</em></span> 
     </span>
     <span class='ocr_line' id='line_1_6' title="bbox 252 495 1677 559; baseline 0.008 -23"><span class='ocrx_word' id='word_1_43' title='bbox 252 498 322 537; x_wconf 89' lang='grc' dir='ltr'><strong>δαι</strong></span> <span class='ocrx_word' id='word_1_44' title='bbox 343 513 385 537; x_wconf 93' lang='grc' dir='ltr'><strong>τε</strong></span> <span class='ocrx_word' id='word_1_45' title='bbox 405 499 475 538; x_wconf 84' lang='grc' dir='ltr'>καί</span> <span class='ocrx_word' id='word_1_46' title='bbox 498 499 685 547; x_wconf 81' lang='grc' dir='ltr'><em>παιδείας</em></span> <span class='ocrx_word' id='word_1_47' title='bbox 703 495 1064 554; x_wconf 12' lang='grc' dir='ltr'><em>ἄρισταέἐχοντες,</em></span> <span class='ocrx_word' id='word_1_48' title='bbox 1104 502 1144 543; x_wconf 77' lang='grc' dir='ltr'><strong>οἳ</strong></span> <span class='ocrx_word' id='word_1_49' title='bbox 1166 501 1216 557; x_wconf 76' lang='grc' dir='ltr'><em>δὴ</em></span> <span class='ocrx_word' id='word_1_50' title='bbox 1237 507 1426 559; x_wconf 81' lang='grc' dir='ltr'><em>παρῆσαν</em></span> <span class='ocrx_word' id='word_1_51' title='bbox 1444 506 1539 555; x_wconf 75' lang='grc' dir='ltr'><strong>τούς</strong></span> <span class='ocrx_word' id='word_1_52' title='bbox 1552 505 1677 548; x_wconf 73' lang='lat' dir='ltr'><strong>‘Pto-5</strong></span> 
     </span>
     <span class='ocr_line' id='line_1_7' title="bbox 249 559 1652 625; baseline 0.009 -26"><span class='ocrx_word' id='word_1_53' title='bbox 249 559 384 611; x_wconf 89' lang='grc' dir='ltr'><em>μαίων</em></span> <span class='ocrx_word' id='word_1_54' title='bbox 406 561 536 601; x_wconf 78' lang='grc' dir='ltr'><em>αὐτοῦ</em></span> <span class='ocrx_word' id='word_1_55' title='bbox 559 561 845 615; x_wconf 69' lang='grc' dir='ltr'><em>ἀναλεξάμενοι</em></span> <span class='ocrx_word' id='word_1_56' title='bbox 865 563 1032 616; x_wconf 86' lang='grc' dir='ltr'><em>νόμους.</em></span> <span class='ocrx_word' id='word_1_57' title='bbox 1086 568 1206 606; x_wconf 79' lang='grc' dir='ltr'><em>τοῦτο</em></span> <span class='ocrx_word' id='word_1_58' title='bbox 1223 565 1301 622; x_wconf 68' lang='grc' dir='ltr'><em>γὰρ</em></span> <span class='ocrx_word' id='word_1_59' title='bbox 1321 567 1490 623; x_wconf 84' lang='grc' dir='ltr'><em>πάτριον</em></span> <span class='ocrx_word' id='word_1_60' title='bbox 1509 572 1558 625; x_wconf 78' lang='grc' dir='ltr'><em>τῇ</em></span> <span class='ocrx_word' id='word_1_61' title='bbox 1578 569 1652 610; x_wconf 88' lang='grc' dir='ltr'><strong>πό-</strong></span> 
     </span>
     <span class='ocr_line' id='line_1_8' title="bbox 250 621 1654 686; baseline 0.006 -21"><span class='ocrx_word' id='word_1_62' title='bbox 250 628 313 665; x_wconf 89' lang='grc' dir='ltr'><strong>λει</strong></span> <span class='ocrx_word' id='word_1_63' title='bbox 338 622 409 664; x_wconf 85' lang='grc' dir='ltr'>καί</span> <span class='ocrx_word' id='word_1_64' title='bbox 427 621 560 679; x_wconf 75' lang='grc' dir='ltr'><em>ὥσπερ</em></span> <span class='ocrx_word' id='word_1_65' title='bbox 582 628 703 681; x_wconf 82' lang='grc' dir='ltr'><em>γέρας</em></span> <span class='ocrx_word' id='word_1_66' title='bbox 725 643 764 667; x_wconf 90' lang='grc' dir='ltr'><strong>τι</strong></span> <span class='ocrx_word' id='word_1_67' title='bbox 789 629 980 681; x_wconf 82' lang='grc' dir='ltr'><em>μέγιστον</em></span> <span class='ocrx_word' id='word_1_68' title='bbox 1001 629 1051 669; x_wconf 75' lang='grc' dir='ltr'><em>τά</em></span> <span class='ocrx_word' id='word_1_69' title='bbox 1073 628 1210 670; x_wconf 77' lang='grc' dir='ltr'><em>τοιάδε</em></span> <span class='ocrx_word' id='word_1_70' title='bbox 1229 631 1329 686; x_wconf 74' lang='grc' dir='ltr'><em>αὐτῇ</em></span> <span class='ocrx_word' id='word_1_71' title='bbox 1357 632 1514 672; x_wconf 68' lang='grc' dir='ltr'><em>ἀνεῖται</em></span> <span class='ocrx_word' id='word_1_72' title='bbox 1533 622 1654 673; x_wconf 43' lang='grc' dir='ltr'><em>διδαξ-</em></span> 
     </span>
     <span class='ocr_line' id='line_1_9' title="bbox 250 686 1652 749; baseline 0.006 -22"><span class='ocrx_word' id='word_1_73' title='bbox 250 692 430 728; x_wconf 85' lang='grc' dir='ltr'><em>σκαλεῖα.</em></span> <span class='ocrx_word' id='word_1_74' title='bbox 482 689 824 740; x_wconf 82' lang='grc' dir='ltr'><em>μετεσκευάσαντο</em></span> <span class='ocrx_word' id='word_1_75' title='bbox 847 694 1060 746; x_wconf 76' lang='grc' dir='ltr'><em>τοιγαροῦν</em></span> <span class='ocrx_word' id='word_1_76' title='bbox 1095 693 1139 733; x_wconf 78' lang='grc' dir='ltr'><em>ἐν</em></span> <span class='ocrx_word' id='word_1_77' title='bbox 1158 694 1216 749; x_wconf 74' lang='grc' dir='ltr'><em>τῷ</em></span> <span class='ocrx_word' id='word_1_78' title='bbox 1237 691 1326 734; x_wconf 83' lang='grc' dir='ltr'><em>τότε</em></span> <span class='ocrx_word' id='word_1_79' title='bbox 1357 686 1498 735; x_wconf 33' lang='grc' dir='ltr'><em>οἷ’τῶν</em></span> <span class='ocrx_word' id='word_1_80' title='bbox 1518 694 1652 747; x_wconf 86' lang='grc' dir='ltr'><em>νόμων</em></span> 
     </span>
     <span class='ocr_line' id='line_1_10' title="bbox 249 750 1653 812; baseline 0.008 -22"><span class='ocrx_word' id='word_1_81' title='bbox 249 750 460 805; x_wconf 74' lang='grc' dir='ltr'><em>ὗφηγηταί</em></span> <span class='ocrx_word' id='word_1_82' title='bbox 480 753 522 800; x_wconf 81' lang='grc' dir='ltr'><strong>ἐς</strong></span> <span class='ocrx_word' id='word_1_83' title='bbox 541 754 701 794; x_wconf 79' lang='grc' dir='ltr'><em>Σιδῶνα</em></span> <span class='ocrx_word' id='word_1_84' title='bbox 722 753 794 808; x_wconf 69' lang='grc' dir='ltr'><strong>τὴν</strong></span> <span class='ocrx_word' id='word_1_85' title='bbox 827 754 941 795; x_wconf 86' lang='grc' dir='ltr'><em>πόλιν</em></span> <span class='ocrx_word' id='word_1_86' title='bbox 961 754 1032 810; x_wconf 73' lang='grc' dir='ltr'><em>τὴν</em></span> <span class='ocrx_word' id='word_1_87' title='bbox 1053 755 1235 809; x_wconf 83' lang='grc' dir='ltr'><em>γείτονα,</em></span> <span class='ocrx_word' id='word_1_88' title='bbox 1262 755 1334 796; x_wconf 81' lang='grc' dir='ltr'><strong>καὶ</strong></span> <span class='ocrx_word' id='word_1_89' title='bbox 1354 758 1398 798; x_wconf 82' lang='grc' dir='ltr'><em>ὲν</em></span> <span class='ocrx_word' id='word_1_90' title='bbox 1416 759 1510 812; x_wconf 80' lang='grc' dir='ltr'><em>τῇδε</em></span> <span class='ocrx_word' id='word_1_91' title='bbox 1529 758 1653 811; x_wconf 64' lang='grc' dir='ltr'><em>μετῆτ-</em></span> 
     </span>
     <span class='ocr_line' id='line_1_11' title="bbox 251 813 1705 874; baseline 0.006 -20"><span class='ocrx_word' id='word_1_92' title='bbox 251 830 320 855; x_wconf 85' lang='grc' dir='ltr'><em>κτο</em></span> <span class='ocrx_word' id='word_1_93' title='bbox 352 813 403 855; x_wconf 73' lang='grc' dir='ltr'><em>τά</em></span> <span class='ocrx_word' id='word_1_94' title='bbox 433 815 742 871; x_wconf 81' lang='grc' dir='ltr'><em>φροντιστήρια,</em></span> <span class='ocrx_word' id='word_1_95' title='bbox 771 818 847 866; x_wconf 75' lang='grc' dir='ltr'><strong>ἕως</strong></span> <span class='ocrx_word' id='word_1_96' title='bbox 874 817 995 859; x_wconf 79' lang='grc' dir='ltr'><em>πάλιν</em></span> <span class='ocrx_word' id='word_1_97' title='bbox 1019 819 1044 872; x_wconf 82' lang='grc' dir='ltr'><em>ἦ</em></span> <span class='ocrx_word' id='word_1_98' title='bbox 1068 817 1254 874; x_wconf 86' lang='grc' dir='ltr'><em>Βηρυτὸς</em></span> <span class='ocrx_word' id='word_1_99' title='bbox 1283 815 1528 874; x_wconf 75' lang='grc' dir='ltr'><em>ἅνεδομήθη.</em></span> <span class='ocrx_word' id='word_1_100' title='bbox 1583 821 1705 869; x_wconf 70' lang='lat' dir='ltr'><strong>miro</strong></span> 
     </span>
     <span class='ocr_line' id='line_1_12' title="bbox 153 876 1653 937; baseline 0.006 -21"><span class='ocrx_word' id='word_1_101' title='bbox 153 885 185 917; x_wconf 88' lang='grc' dir='ltr'><strong>Ρ.</strong></span> <span class='ocrx_word' id='word_1_102' title='bbox 198 880 407 931; x_wconf 69' lang='grc' dir='ltr'><em>59γέγονεν</em></span> <span class='ocrx_word' id='word_1_103' title='bbox 430 876 575 932; x_wconf 74' lang='grc' dir='ltr'><em>ἥκιστα</em></span> <span class='ocrx_word' id='word_1_104' title='bbox 599 882 675 932; x_wconf 82' lang='grc' dir='ltr'><strong>μὲν</strong></span> <span class='ocrx_word' id='word_1_105' title='bbox 699 879 818 922; x_wconf 81' lang='grc' dir='ltr'><em>ὁποία</em></span> <span class='ocrx_word' id='word_1_106' title='bbox 841 880 1036 937; x_wconf 84' lang='grc' dir='ltr'><em>πρότερον</em></span> <span class='ocrx_word' id='word_1_107' title='bbox 1057 877 1122 936; x_wconf 73' lang='grc' dir='ltr'><em>ἧν,</em></span> <span class='ocrx_word' id='word_1_108' title='bbox 1144 881 1247 936; x_wconf 72' lang='grc' dir='ltr'><em>πλὴν</em></span> <span class='ocrx_word' id='word_1_109' title='bbox 1266 883 1355 924; x_wconf 79' lang='grc' dir='ltr'><em>ἀλλ’</em></span> <span class='ocrx_word' id='word_1_110' title='bbox 1377 883 1472 936; x_wconf 74' lang='grc' dir='ltr'><em>οὐχὶ</em></span> <span class='ocrx_word' id='word_1_111' title='bbox 1494 886 1537 932; x_wconf 76' lang='grc' dir='ltr'><strong>ἐς</strong></span> <span class='ocrx_word' id='word_1_112' title='bbox 1559 881 1653 925; x_wconf 74' lang='grc' dir='ltr'><em>ὅσον</em></span> 
     </span>
     <span class='ocr_line' id='line_1_13' title="bbox 249 941 1652 1001; baseline 0.004 -19"><span class='ocrx_word' id='word_1_113' title='bbox 249 941 322 982; x_wconf 84' lang='grc' dir='ltr'><em>καί</em></span> <span class='ocrx_word' id='word_1_114' title='bbox 340 942 578 994; x_wconf 73' lang='grc' dir='ltr'><em>ἀγνοεῖσθαι</em></span> <span class='ocrx_word' id='word_1_115' title='bbox 599 944 655 992; x_wconf 75' lang='grc' dir='ltr'><strong>ὥς</strong></span> <span class='ocrx_word' id='word_1_116' title='bbox 675 945 804 999; x_wconf 80' lang='grc' dir='ltr'><em>ἐκείνη</em></span> <span class='ocrx_word' id='word_1_117' title='bbox 827 944 887 999; x_wconf 80' lang='grc' dir='ltr'><em>εἴη</em></span> <span class='ocrx_word' id='word_1_118' title='bbox 913 946 939 999; x_wconf 81' lang='grc' dir='ltr'><em>ἦ</em></span> <span class='ocrx_word' id='word_1_119' title='bbox 966 943 1106 986; x_wconf 81' lang='grc' dir='ltr'><em>πάλαι.</em></span> <span class='ocrx_word' id='word_1_120' title='bbox 1160 942 1249 986; x_wconf 75' lang='grc' dir='ltr'><em>ἄλλ’</em></span> <span class='ocrx_word' id='word_1_121' title='bbox 1284 941 1404 994; x_wconf 80' lang='grc' dir='ltr'><em>οὗτος</em></span> <span class='ocrx_word' id='word_1_122' title='bbox 1429 948 1506 999; x_wconf 83' lang='grc' dir='ltr'><strong>μὲν</strong></span> <span class='ocrx_word' id='word_1_123' title='bbox 1538 944 1559 987; x_wconf 81' lang='grc' dir='ltr'>ὅ</span> <span class='ocrx_word' id='word_1_124' title='bbox 1581 950 1652 1001; x_wconf 69' lang='grc' dir='ltr'><em>τῆς</em></span> 
     </span>
     <span class='ocr_line' id='line_1_14' title="bbox 246 1003 1653 1066; baseline 0.005 -22"><span class='ocrx_word' id='word_1_125' title='bbox 246 1003 401 1053; x_wconf 86' lang='grc' dir='ltr'><em>πόλεως</em></span> <span class='ocrx_word' id='word_1_126' title='bbox 426 1005 659 1059; x_wconf 82' lang='grc' dir='ltr'><em>οἷνοικισμὸς</em></span> <span class='ocrx_word' id='word_1_127' title='bbox 681 1008 753 1049; x_wconf 80' lang='grc' dir='ltr'><em>καί</em></span> <span class='ocrx_word' id='word_1_128' title='bbox 769 1010 797 1062; x_wconf 82' lang='grc' dir='ltr'><strong>’ἦ</strong></span> <span class='ocrx_word' id='word_1_129' title='bbox 815 1011 894 1050; x_wconf 78' lang='grc' dir='ltr'><strong>τῶν</strong></span> <span class='ocrx_word' id='word_1_130' title='bbox 917 1010 1209 1050; x_wconf 72' lang='grc' dir='ltr'><em>διδασκαλείων</em></span> <span class='ocrx_word' id='word_1_131' title='bbox 1227 1008 1423 1058; x_wconf 78' lang='grc' dir='ltr'><em>ἐπάνοδος</em></span> <span class='ocrx_word' id='word_1_132' title='bbox 1445 1009 1582 1066; x_wconf 73' lang='grc' dir='ltr'><em>χρόνῳ</em></span> <span class='ocrx_word' id='word_1_133' title='bbox 1603 1008 1653 1051; x_wconf 73' lang='grc' dir='ltr'><strong>ὕ-</strong></span> 
     </span>
     <span class='ocr_line' id='line_1_15' title="bbox 245 1067 1651 1130; baseline 0.003 -20"><span class='ocrx_word' id='word_1_134' title='bbox 245 1084 387 1123; x_wconf 86' lang='grc' dir='ltr'><em>στερον</em></span> <span class='ocrx_word' id='word_1_135' title='bbox 411 1067 570 1121; x_wconf 74' lang='grc' dir='ltr'><em>ἔμελλεν</em></span> <span class='ocrx_word' id='word_1_136' title='bbox 595 1070 775 1112; x_wconf 83' lang='grc' dir='ltr'><em>ἔσεσθαι.</em></span> <span class='ocrx_word' id='word_1_137' title='bbox 799 1072 885 1113; x_wconf 87' lang='grc' dir='ltr'><em>τότε</em></span> <span class='ocrx_word' id='word_1_138' title='bbox 900 1074 945 1113; x_wconf 81' lang='grc' dir='ltr'><strong>δὲ</strong></span> <span class='ocrx_word' id='word_1_139' title='bbox 957 1075 1029 1113; x_wconf 81' lang='grc' dir='ltr'><em>καί</em></span> <span class='ocrx_word' id='word_1_140' title='bbox 1048 1074 1092 1114; x_wconf 83' lang='grc' dir='ltr'><em>ἐν</em></span> <span class='ocrx_word' id='word_1_141' title='bbox 1111 1074 1159 1128; x_wconf 84' lang='grc' dir='ltr'><em>τῇ</em></span> <span class='ocrx_word' id='word_1_142' title='bbox 1176 1071 1328 1129; x_wconf 81' lang='grc' dir='ltr'><em>μεγάλῃ</em></span> <span class='ocrx_word' id='word_1_143' title='bbox 1351 1074 1651 1130; x_wconf 66' lang='grc' dir='ltr'><em>Ἀλεξανδρειζι,</em></span> 
     </span>
     <span class='ocr_line' id='line_1_16' title="bbox 243 1130 1702 1192; baseline 0.004 -20"><span class='ocrx_word' id='word_1_144' title='bbox 243 1134 294 1187; x_wconf 78' lang='grc' dir='ltr'><em>τῇ</em></span> <span class='ocrx_word' id='word_1_145' title='bbox 313 1130 414 1186; x_wconf 80' lang='grc' dir='ltr'><em>πρὸς</em></span> <span class='ocrx_word' id='word_1_146' title='bbox 432 1134 486 1189; x_wconf 75' lang='grc' dir='ltr'><em>τῷ</em></span> <span class='ocrx_word' id='word_1_147' title='bbox 501 1135 634 1192; x_wconf 71' lang='grc' dir='ltr'><em>Νείλῳ</em></span> <span class='ocrx_word' id='word_1_148' title='bbox 658 1134 855 1191; x_wconf 68' lang='grc' dir='ltr'><em>ἱδρυμένη</em></span> <span class='ocrx_word' id='word_1_149' title='bbox 869 1137 1047 1190; x_wconf 73' lang='grc' dir='ltr'><em>ποταμῷ,</em></span> <span class='ocrx_word' id='word_1_150' title='bbox 1077 1137 1147 1176; x_wconf 83' lang='grc' dir='ltr'>καί</span> <span class='ocrx_word' id='word_1_151' title='bbox 1167 1138 1298 1177; x_wconf 81' lang='grc' dir='ltr'><em>ταῦτα</em></span> <span class='ocrx_word' id='word_1_152' title='bbox 1322 1137 1394 1187; x_wconf 66' lang='grc' dir='ltr'><strong>οὐκ</strong></span> <span class='ocrx_word' id='word_1_153' title='bbox 1412 1135 1557 1185; x_wconf 77' lang='grc' dir='ltr'><em>εἰωθὸς</em></span> <span class='ocrx_word' id='word_1_154' title='bbox 1567 1137 1702 1189; x_wconf 70' lang='lat' dir='ltr'><strong>‹rel-15</strong></span> 
     </span>
     <span class='ocr_line' id='line_1_17' title="bbox 243 1194 1656 1254; baseline 0.003 -18"><span class='ocrx_word' id='word_1_155' title='bbox 243 1199 365 1237; x_wconf 89' lang='grc' dir='ltr'><em>εσθαι</em></span> <span class='ocrx_word' id='word_1_156' title='bbox 383 1194 427 1236; x_wconf 85' lang='grc' dir='ltr'><em>τὸ</em></span> <span class='ocrx_word' id='word_1_157' title='bbox 454 1199 630 1251; x_wconf 81' lang='grc' dir='ltr'><em>χωρίον,</em></span> <span class='ocrx_word' id='word_1_158' title='bbox 660 1198 926 1252; x_wconf 82' lang='grc' dir='ltr'><em>συναίσθησίς</em></span> <span class='ocrx_word' id='word_1_159' title='bbox 945 1215 1006 1247; x_wconf 83' lang='grc' dir='ltr'><strong>τις</strong></span> <span class='ocrx_word' id='word_1_160' title='bbox 1028 1201 1103 1240; x_wconf 77' lang='grc' dir='ltr'><em>τοῦ</em></span> <span class='ocrx_word' id='word_1_161' title='bbox 1126 1197 1269 1240; x_wconf 84' lang='grc' dir='ltr'><em>κλόνου</em></span> <span class='ocrx_word' id='word_1_162' title='bbox 1291 1201 1484 1254; x_wconf 82' lang='grc' dir='ltr'><em>ἐλαχίστη</em></span> <span class='ocrx_word' id='word_1_163' title='bbox 1497 1202 1574 1252; x_wconf 82' lang='grc' dir='ltr'><strong>μὲν</strong></span> <span class='ocrx_word' id='word_1_164' title='bbox 1585 1201 1656 1241; x_wconf 82' lang='grc' dir='ltr'>καί</span> 
     </span>
     <span class='ocr_line' id='line_1_18' title="bbox 243 1256 1656 1316; baseline 0.003 -16"><span class='ocrx_word' id='word_1_165' title='bbox 243 1259 506 1315; x_wconf 74' lang='grc' dir='ltr'><em>ἀφαυροτάτη</em></span> <span class='ocrx_word' id='word_1_166' title='bbox 529 1264 600 1302; x_wconf 81' lang='grc' dir='ltr'><em>καί</em></span> <span class='ocrx_word' id='word_1_167' title='bbox 614 1262 661 1302; x_wconf 76' lang='grc' dir='ltr'><strong>οὗ</strong></span> <span class='ocrx_word' id='word_1_168' title='bbox 685 1262 856 1314; x_wconf 78' lang='grc' dir='ltr'><em>πάμπαν</em></span> <span class='ocrx_word' id='word_1_169' title='bbox 884 1256 1087 1316; x_wconf 71' lang='grc' dir='ltr'><em>ἀρίδηλος,</em></span> <span class='ocrx_word' id='word_1_170' title='bbox 1115 1265 1249 1316; x_wconf 79' lang='grc' dir='ltr'><em>γέγονε</em></span> <span class='ocrx_word' id='word_1_171' title='bbox 1271 1265 1316 1304; x_wconf 83' lang='grc' dir='ltr'><strong>δὲ</strong></span> <span class='ocrx_word' id='word_1_172' title='bbox 1336 1259 1456 1316; x_wconf 80' lang='grc' dir='ltr'><em>ὅμως.</em></span> <span class='ocrx_word' id='word_1_173' title='bbox 1479 1261 1656 1311; x_wconf 76' lang='grc' dir='ltr'><em>ἅπαντες</em></span> 
     </span>
     <span class='ocr_line' id='line_1_19' title="bbox 244 1320 1656 1382; baseline 0.002 -18"><span class='ocrx_word' id='word_1_174' title='bbox 244 1323 293 1378; x_wconf 74' lang='grc' dir='ltr'><em>δὴ</em></span> <span class='ocrx_word' id='word_1_175' title='bbox 324 1320 399 1365; x_wconf 75' lang='grc' dir='ltr'><em>οὖν</em></span> <span class='ocrx_word' id='word_1_176' title='bbox 436 1322 474 1364; x_wconf 82' lang='grc' dir='ltr'><strong>οἱ</strong></span> <span class='ocrx_word' id='word_1_177' title='bbox 505 1324 719 1379; x_wconf 77' lang='grc' dir='ltr'><em>ἐπιχώριοι</em></span> <span class='ocrx_word' id='word_1_178' title='bbox 748 1327 819 1366; x_wconf 82' lang='grc' dir='ltr'>καί</span> <span class='ocrx_word' id='word_1_179' title='bbox 842 1325 1021 1377; x_wconf 79' lang='grc' dir='ltr'><em>μάλιστα</em></span> <span class='ocrx_word' id='word_1_180' title='bbox 1047 1327 1084 1367; x_wconf 88' lang='grc' dir='ltr'><strong>οὶ</strong></span> <span class='ocrx_word' id='word_1_181' title='bbox 1119 1325 1279 1381; x_wconf 79' lang='grc' dir='ltr'><em>σφόδρα</em></span> <span class='ocrx_word' id='word_1_182' title='bbox 1301 1326 1583 1382; x_wconf 85' lang='grc' dir='ltr'><em>γεγηρακότες,</em></span> <span class='ocrx_word' id='word_1_183' title='bbox 1611 1327 1656 1367; x_wconf 80' lang='grc' dir='ltr'><em>ἒν</em></span> 
     </span>
     <span class='ocr_line' id='line_1_20' title="bbox 239 1385 1655 1444; baseline 0.003 -16"><span class='ocrx_word' id='word_1_184' title='bbox 239 1385 428 1439; x_wconf 75' lang='grc' dir='ltr'><em>θαύματι</em></span> <span class='ocrx_word' id='word_1_185' title='bbox 450 1387 610 1444; x_wconf 76' lang='grc' dir='ltr'><em>μεγάλῳ</em></span> <span class='ocrx_word' id='word_1_186' title='bbox 637 1387 680 1430; x_wconf 76' lang='grc' dir='ltr'><em>τό</em></span> <span class='ocrx_word' id='word_1_187' title='bbox 707 1392 945 1441; x_wconf 80' lang='grc' dir='ltr'><em>’ξυνενεχθὲν</em></span> <span class='ocrx_word' id='word_1_188' title='bbox 969 1390 1207 1441; x_wconf 79' lang='grc' dir='ltr'><em>ἐποιοῦντο,</em></span> <span class='ocrx_word' id='word_1_189' title='bbox 1235 1390 1290 1437; x_wconf 76' lang='grc' dir='ltr'><strong>ὥς</strong></span> <span class='ocrx_word' id='word_1_190' title='bbox 1315 1385 1427 1431; x_wconf 74' lang='grc' dir='ltr'><em>οῧπω</em></span> <span class='ocrx_word' id='word_1_191' title='bbox 1461 1387 1655 1444; x_wconf 80' lang='grc' dir='ltr'><em>πρότερον</em></span> 
     </span>
     <span class='ocr_line' id='line_1_21' title="bbox 245 1448 1705 1504; baseline 0.002 -14"><span class='ocrx_word' id='word_1_192' title='bbox 245 1452 523 1504; x_wconf 84' lang='grc' dir='ltr'><em>γεγενημένον,</em></span> <span class='ocrx_word' id='word_1_193' title='bbox 553 1450 691 1502; x_wconf 81' lang='grc' dir='ltr'><em>ἔμενέν</em></span> <span class='ocrx_word' id='word_1_194' title='bbox 715 1467 758 1492; x_wconf 84' lang='grc' dir='ltr'><strong>τε</strong></span> <span class='ocrx_word' id='word_1_195' title='bbox 785 1450 887 1492; x_wconf 86' lang='grc' dir='ltr'><em>οἴκοι</em></span> <span class='ocrx_word' id='word_1_196' title='bbox 913 1450 1024 1500; x_wconf 78' lang='grc' dir='ltr'><em>ὅστις</em></span> <span class='ocrx_word' id='word_1_197' title='bbox 1043 1452 1202 1504; x_wconf 78' lang='grc' dir='ltr'><em>ου’δείς,</em></span> <span class='ocrx_word' id='word_1_198' title='bbox 1227 1452 1318 1494; x_wconf 75' lang='grc' dir='ltr'><em>ἀλλ’</em></span> <span class='ocrx_word' id='word_1_199' title='bbox 1351 1448 1429 1493; x_wconf 81' lang='grc' dir='ltr'><em>ἆνοὶ</em></span> <span class='ocrx_word' id='word_1_200' title='bbox 1451 1450 1524 1501; x_wconf 75' lang='grc' dir='ltr'><em>τὰς</em></span> <span class='ocrx_word' id='word_1_201' title='bbox 1550 1455 1705 1499; x_wconf 58' lang='lat' dir='ltr'><strong>stem-20</strong></span> 
     </span>
     <span class='ocr_line' id='line_1_22' title="bbox 213 1512 1654 1572; baseline 0.003 -20"><span class='ocrx_word' id='word_1_202' title='bbox 213 1512 398 1569; x_wconf 82' lang='grc' dir='ltr'><em>Βφόρους</em></span> <span class='ocrx_word' id='word_1_203' title='bbox 422 1513 473 1554; x_wconf 83' lang='grc' dir='ltr'><em>τὰ</em></span> <span class='ocrx_word' id='word_1_204' title='bbox 498 1513 635 1569; x_wconf 81' lang='grc' dir='ltr'><em>πλήθη</em></span> <span class='ocrx_word' id='word_1_205' title='bbox 661 1514 868 1570; x_wconf 73' lang='grc' dir='ltr'><em>ξυνέρῤει,</em></span> <span class='ocrx_word' id='word_1_206' title='bbox 899 1517 954 1570; x_wconf 74' lang='grc' dir='ltr'><em>τῷ</em></span> <span class='ocrx_word' id='word_1_207' title='bbox 977 1514 1263 1572; x_wconf 69' lang='grc' dir='ltr'><em>ἀπροσδοκήτῳ</em></span> <span class='ocrx_word' id='word_1_208' title='bbox 1288 1515 1338 1569; x_wconf 87' lang='grc' dir='ltr'><strong>δή</strong></span> <span class='ocrx_word' id='word_1_209' title='bbox 1369 1531 1448 1556; x_wconf 90' lang='grc' dir='ltr'><strong>που</strong></span> <span class='ocrx_word' id='word_1_210' title='bbox 1479 1514 1549 1556; x_wconf 80' lang='grc' dir='ltr'>καί</span> <span class='ocrx_word' id='word_1_211' title='bbox 1575 1533 1654 1558; x_wconf 84' lang='grc' dir='ltr'><strong>πα-</strong></span> 
     </span>
     <span class='ocr_line' id='line_1_23' title="bbox 239 1576 1655 1634; baseline 0.001 -14"><span class='ocrx_word' id='word_1_212' title='bbox 239 1576 396 1634; x_wconf 73' lang='grc' dir='ltr'><em>ραδόξῳ</em></span> <span class='ocrx_word' id='word_1_213' title='bbox 423 1578 529 1632; x_wconf 82' lang='grc' dir='ltr'><em>πέρα</em></span> <span class='ocrx_word' id='word_1_214' title='bbox 575 1581 649 1619; x_wconf 81' lang='grc' dir='ltr'><em>τοῦ</em></span> <span class='ocrx_word' id='word_1_215' title='bbox 683 1580 850 1633; x_wconf 76' lang='grc' dir='ltr'><em>μετρίου</em></span> <span class='ocrx_word' id='word_1_216' title='bbox 893 1579 1277 1632; x_wconf 84' lang='grc' dir='ltr'><em>καταπεπληγμένοι.</em></span> <span class='ocrx_word' id='word_1_217' title='bbox 1317 1579 1410 1631; x_wconf 70' lang='grc' dir='ltr'><em>ἐμοὶ</em></span> <span class='ocrx_word' id='word_1_218' title='bbox 1439 1579 1485 1619; x_wconf 84' lang='grc' dir='ltr'><strong>δέ</strong></span> <span class='ocrx_word' id='word_1_219' title='bbox 1517 1595 1561 1632; x_wconf 84' lang='grc' dir='ltr'><strong>γε</strong></span> <span class='ocrx_word' id='word_1_220' title='bbox 1585 1582 1655 1621; x_wconf 86' lang='grc' dir='ltr'><strong><em>καί</em></strong></span> 
     </span>
     <span class='ocr_line' id='line_1_24' title="bbox 329 1648 1640 1693; baseline -0.002 -9"><span class='ocrx_word' id='word_1_221' title='bbox 329 1661 361 1684; x_wconf 85' lang='lat'><strong>2.</strong></span> <span class='ocrx_word' id='word_1_222' title='bbox 385 1649 586 1693; x_wconf 75' lang='grc' dir='ltr'><em>λειφθῆναι</em></span> <span class='ocrx_word' id='word_1_223' title='bbox 599 1650 856 1693; x_wconf 73' lang='grc' dir='ltr'><em>Β,,λελεῖφθαι</em></span> <span class='ocrx_word' id='word_1_224' title='bbox 870 1649 961 1693; x_wconf 81' lang='lat' dir='ltr'><strong>vulg.</strong></span> <span class='ocrx_word' id='word_1_225' title='bbox 1009 1651 1039 1683; x_wconf 88' lang='grc'><strong>3.</strong></span> <span class='ocrx_word' id='word_1_226' title='bbox 1053 1648 1240 1682; x_wconf 56' lang='lat' dir='ltr'><strong>&amp;munim</strong></span> <span class='ocrx_word' id='word_1_227' title='bbox 1251 1649 1478 1690; x_wconf 45' lang='lat' dir='ltr'><strong>usturam&amp;</strong></span> <span class='ocrx_word' id='word_1_228' title='bbox 1493 1650 1583 1693; x_wconf 82' lang='lat' dir='ltr'><strong>vulg.</strong></span> <span class='ocrx_word' id='word_1_229' title='bbox 1619 1649 1640 1692; x_wconf 76' lang='grc'>4</span> 
     </span>
     <span class='ocr_line' id='line_1_25' title="bbox 329 1693 1651 1739; baseline -0.001 -12"><span class='ocrx_word' id='word_1_230' title='bbox 329 1694 650 1739; x_wconf 76' lang='grc' dir='ltr'><em>ὑποπεπιεσμένοι</em></span> <span class='ocrx_word' id='word_1_231' title='bbox 671 1697 705 1726; x_wconf 86' lang='lat' dir='ltr'><strong>R.</strong></span> <span class='ocrx_word' id='word_1_232' title='bbox 721 1694 814 1739; x_wconf 75' lang='lat' dir='ltr'>(CL),</span> <span class='ocrx_word' id='word_1_233' title='bbox 843 1695 1117 1739; x_wconf 76' lang='grc' dir='ltr'><em>ὑποπιεσμένοι</em></span> <span class='ocrx_word' id='word_1_234' title='bbox 1137 1695 1226 1738; x_wconf 84' lang='lat' dir='ltr'>vulg.</span> <span class='ocrx_word' id='word_1_235' title='bbox 1276 1707 1306 1738; x_wconf 81' lang='lat'><strong>7.</strong></span> <span class='ocrx_word' id='word_1_236' title='bbox 1319 1693 1554 1738; x_wconf 66' lang='grc' dir='ltr'><em>διδασκαλεῖα</em></span> <span class='ocrx_word' id='word_1_237' title='bbox 1572 1694 1651 1727; x_wconf 85' lang='lat' dir='ltr'><strong>edd.</strong></span> 
     </span>
     <span class='ocr_line' id='line_1_26' title="bbox 326 1739 1650 1785; baseline 0 -14"><span class='ocrx_word' id='word_1_238' title='bbox 326 1753 358 1785; x_wconf 83' lang='lat'><strong>9.</strong></span> <span class='ocrx_word' id='word_1_239' title='bbox 387 1739 572 1783; x_wconf 75' lang='grc' dir='ltr'><em>ὑφηγηταὶ</em></span> <span class='ocrx_word' id='word_1_240' title='bbox 587 1742 623 1772; x_wconf 82' lang='grc' dir='ltr'><strong>Β.</strong></span> <span class='ocrx_word' id='word_1_241' title='bbox 651 1740 744 1785; x_wconf 83' lang='lat' dir='ltr'>(CL),</span> <span class='ocrx_word' id='word_1_242' title='bbox 765 1739 950 1784; x_wconf 75' lang='grc' dir='ltr'><em>α’ῳηγηταὶ</em></span> <span class='ocrx_word' id='word_1_243' title='bbox 960 1740 1048 1784; x_wconf 88' lang='lat' dir='ltr'><strong>vulg.</strong></span> <span class='ocrx_word' id='word_1_244' title='bbox 1135 1739 1299 1784; x_wconf 71' lang='grc' dir='ltr'><em>μεθῆκτο</em></span> <span class='ocrx_word' id='word_1_245' title='bbox 1311 1741 1346 1772; x_wconf 77' lang='lat' dir='ltr'><strong>R.</strong></span> <span class='ocrx_word' id='word_1_246' title='bbox 1391 1751 1442 1772; x_wconf 81' lang='lat'><strong>12.</strong></span> <span class='ocrx_word' id='word_1_247' title='bbox 1457 1741 1518 1772; x_wconf 78' lang='grc' dir='ltr'><em>καὶ</em></span> <span class='ocrx_word' id='word_1_248' title='bbox 1533 1750 1600 1774; x_wconf 89' lang='lat' dir='ltr'><strong>om.</strong></span> <span class='ocrx_word' id='word_1_249' title='bbox 1612 1741 1650 1778; x_wconf 83' lang='lat' dir='ltr'><strong>R.</strong></span> 
     </span>
    </p>
   </div>
   <div class='ocr_carea' id='block_1_3' title="bbox 330 1783 1650 1876">
    <p class='ocr_par' dir='ltr' id='par_1_3' title="bbox 330 1783 1650 1876">
     <span class='ocr_line' id='line_1_27' title="bbox 333 1783 1650 1830; baseline 0 -14"><span class='ocrx_word' id='word_1_250' title='bbox 333 1788 382 1819; x_wconf 88' lang='lat'><strong>13.</strong></span> <span class='ocrx_word' id='word_1_251' title='bbox 398 1783 644 1818; x_wconf 85' lang='grc' dir='ltr'><em>διδασκαλίων</em></span> <span class='ocrx_word' id='word_1_252' title='bbox 665 1786 701 1817; x_wconf 71' lang='grc' dir='ltr'><strong>Β.</strong></span> <span class='ocrx_word' id='word_1_253' title='bbox 721 1791 759 1817; x_wconf 89' lang='lat' dir='ltr'><strong>et</strong></span> <span class='ocrx_word' id='word_1_254' title='bbox 777 1786 867 1829; x_wconf 83' lang='lat' dir='ltr'><strong>vulg.</strong></span> <span class='ocrx_word' id='word_1_255' title='bbox 966 1786 1015 1818; x_wconf 77' lang='lat'><strong>16.</strong></span> <span class='ocrx_word' id='word_1_256' title='bbox 1043 1795 1098 1819; x_wconf 86' lang='grc' dir='ltr'><strong>τις</strong></span> <span class='ocrx_word' id='word_1_257' title='bbox 1122 1785 1157 1816; x_wconf 82' lang='lat' dir='ltr'><strong>R.</strong></span> <span class='ocrx_word' id='word_1_258' title='bbox 1183 1790 1218 1816; x_wconf 89' lang='lat' dir='ltr'><strong>et</strong></span> <span class='ocrx_word' id='word_1_259' title='bbox 1242 1785 1350 1827; x_wconf 88' lang='lat' dir='ltr'><strong>Intpr.</strong></span> <span class='ocrx_word' id='word_1_260' title='bbox 1377 1784 1472 1829; x_wconf 78' lang='lat' dir='ltr'><strong>quis,</strong></span> <span class='ocrx_word' id='word_1_261' title='bbox 1497 1793 1537 1817; x_wconf 79' lang='grc' dir='ltr'><strong>τε</strong></span> <span class='ocrx_word' id='word_1_262' title='bbox 1558 1786 1650 1830; x_wconf 77' lang='lat' dir='ltr'><strong>vulg.</strong></span> 
     </span>
     <span class='ocr_line' id='line_1_28' title="bbox 330 1829 1572 1876; baseline -0.002 -12"><span class='ocrx_word' id='word_1_263' title='bbox 330 1842 383 1864; x_wconf 74' lang='lat'><strong>22.</strong></span> <span class='ocrx_word' id='word_1_264' title='bbox 395 1831 490 1876; x_wconf 80' lang='grc' dir='ltr'><em>πέρα</em></span> <span class='ocrx_word' id='word_1_265' title='bbox 503 1829 581 1863; x_wconf 90' lang='lat' dir='ltr'><strong>add.</strong></span> <span class='ocrx_word' id='word_1_266' title='bbox 594 1832 630 1863; x_wconf 88' lang='lat' dir='ltr'><strong>R.</strong></span> <span class='ocrx_word' id='word_1_267' title='bbox 642 1830 748 1874; x_wconf 81' lang='lat' dir='ltr'><strong>Lugd.</strong></span> <span class='ocrx_word' id='word_1_268' title='bbox 760 1841 824 1874; x_wconf 83' lang='lat' dir='ltr'><strong>mg.</strong></span> <span class='ocrx_word' id='word_1_269' title='bbox 844 1829 938 1875; x_wconf 80' lang='lat' dir='ltr'>(CL),</span> <span class='ocrx_word' id='word_1_270' title='bbox 962 1830 1069 1872; x_wconf 89' lang='lat' dir='ltr'><strong>Intpr.</strong></span> <span class='ocrx_word' id='word_1_271' title='bbox 1084 1830 1233 1863; x_wconf 88' lang='lat' dir='ltr'><strong>incisum</strong></span> <span class='ocrx_word' id='word_1_272' title='bbox 1254 1831 1427 1874; x_wconf 85' lang='lat' dir='ltr'><strong>integrum</strong></span> <span class='ocrx_word' id='word_1_273' title='bbox 1441 1830 1572 1863; x_wconf 84' lang='lat' dir='ltr'><strong>omisit.</strong></span> 
     </span>
    </p>
   </div>
   <div class='ocr_carea' id='block_1_4' title="bbox 238 1905 1654 2725">
    <p class='ocr_par' dir='ltr' id='par_1_4' title="bbox 238 1905 1654 2725">
     <span class='ocr_line' id='line_1_29' title="bbox 240 1905 1652 1952; baseline -0.001 -12"><span class='ocrx_word' id='word_1_274' title='bbox 240 1909 321 1948; x_wconf 84' lang='lat' dir='ltr'><strong>fuit,</strong></span> <span class='ocrx_word' id='word_1_275' title='bbox 338 1913 374 1941; x_wconf 87' lang='lat' dir='ltr'><strong>et</strong></span> <span class='ocrx_word' id='word_1_276' title='bbox 386 1907 606 1952; x_wconf 80' lang='lat' dir='ltr'><strong>illainsiguia</strong></span> <span class='ocrx_word' id='word_1_277' title='bbox 622 1919 662 1940; x_wconf 85' lang='lat' dir='ltr'><strong>ac</strong></span> <span class='ocrx_word' id='word_1_278' title='bbox 678 1906 906 1940; x_wconf 85' lang='lat' dir='ltr'><strong>celeberrima</strong></span> <span class='ocrx_word' id='word_1_279' title='bbox 917 1917 1123 1951; x_wconf 88' lang='lat' dir='ltr'><strong>summoque</strong></span> <span class='ocrx_word' id='word_1_280' title='bbox 1135 1906 1282 1939; x_wconf 84' lang='lat' dir='ltr'><strong>artificio</strong></span> <span class='ocrx_word' id='word_1_281' title='bbox 1301 1905 1483 1939; x_wconf 80' lang='lat' dir='ltr'><strong>elaborata</strong></span> <span class='ocrx_word' id='word_1_282' title='bbox 1493 1906 1652 1940; x_wconf 79' lang='lat' dir='ltr'><strong>aedificia</strong></span> 
     </span>
     <span class='ocr_line' id='line_1_30' title="bbox 240 1952 1652 1996; baseline -0.001 -10"><span class='ocrx_word' id='word_1_283' title='bbox 240 1960 464 1994; x_wconf 84' lang='lat' dir='ltr'><strong>corruerunt,</strong></span> <span class='ocrx_word' id='word_1_284' title='bbox 491 1954 578 1986; x_wconf 88' lang='lat' dir='ltr'><strong>adeo</strong></span> <span class='ocrx_word' id='word_1_285' title='bbox 596 1959 636 1986; x_wconf 88' lang='lat' dir='ltr'><strong>ut</strong></span> <span class='ocrx_word' id='word_1_286' title='bbox 650 1954 786 1986; x_wconf 83' lang='lat' dir='ltr'><strong>nullum</strong></span> <span class='ocrx_word' id='word_1_287' title='bbox 804 1952 1057 1996; x_wconf 85' lang='lat' dir='ltr'>propemodum</span> <span class='ocrx_word' id='word_1_288' title='bbox 1077 1952 1185 1984; x_wconf 83' lang='lat' dir='ltr'><strong>fuerit</strong></span> <span class='ocrx_word' id='word_1_289' title='bbox 1201 1953 1378 1992; x_wconf 88' lang='lat' dir='ltr'><strong>relictum,</strong></span> <span class='ocrx_word' id='word_1_290' title='bbox 1403 1957 1652 1996; x_wconf 80' lang='lat' dir='ltr'><strong>praeterquam</strong></span> 
     </span>
     <span class='ocr_line' id='line_1_31' title="bbox 240 1995 1652 2043; baseline -0.001 -11"><span class='ocrx_word' id='word_1_291' title='bbox 240 1999 337 2032; x_wconf 86' lang='lat' dir='ltr'><strong>nuda</strong></span> <span class='ocrx_word' id='word_1_292' title='bbox 351 1999 489 2032; x_wconf 86' lang='lat' dir='ltr'><strong>aedium</strong></span> <span class='ocrx_word' id='word_1_293' title='bbox 509 1999 713 2043; x_wconf 82' lang='lat' dir='ltr'><strong>pavimenta.</strong></span> <span class='ocrx_word' id='word_1_294' title='bbox 762 1999 887 2041; x_wconf 79' lang='lat' dir='ltr'><strong>Magna</strong></span> <span class='ocrx_word' id='word_1_295' title='bbox 903 1998 1024 2042; x_wconf 84' lang='lat' dir='ltr'><strong>itaque</strong></span> <span class='ocrx_word' id='word_1_296' title='bbox 1043 1995 1286 2040; x_wconf 81' lang='lat' dir='ltr'><strong>indigenarum</strong></span> <span class='ocrx_word' id='word_1_297' title='bbox 1304 1998 1435 2040; x_wconf 84' lang='lat' dir='ltr'><strong>pariter</strong></span> <span class='ocrx_word' id='word_1_298' title='bbox 1453 2002 1490 2030; x_wconf 87' lang='lat' dir='ltr'><strong>et</strong></span> <span class='ocrx_word' id='word_1_299' title='bbox 1512 1998 1652 2030; x_wconf 85' lang='lat' dir='ltr'><strong>incola-</strong></span> 
     </span>
     <span class='ocr_line' id='line_1_32' title="bbox 239 2042 1652 2088; baseline -0.001 -11"><span class='ocrx_word' id='word_1_300' title='bbox 239 2055 315 2077; x_wconf 89' lang='lat' dir='ltr'><strong>rum</strong></span> <span class='ocrx_word' id='word_1_301' title='bbox 336 2044 526 2078; x_wconf 88' lang='lat' dir='ltr'><strong>multitudo</strong></span> <span class='ocrx_word' id='word_1_302' title='bbox 549 2044 655 2088; x_wconf 76' lang='lat' dir='ltr'><strong>periit</strong></span> <span class='ocrx_word' id='word_1_303' title='bbox 676 2043 769 2075; x_wconf 85' lang='lat' dir='ltr'><strong>mole</strong></span> <span class='ocrx_word' id='word_1_304' title='bbox 785 2044 907 2075; x_wconf 87' lang='lat' dir='ltr'><strong>ruinae</strong></span> <span class='ocrx_word' id='word_1_305' title='bbox 928 2053 1092 2086; x_wconf 79' lang='lat' dir='ltr'><strong>oppressa</strong></span> <span class='ocrx_word' id='word_1_306' title='bbox 1108 2055 1116 2075; x_wconf 90' lang='lat'>:</span> <span class='ocrx_word' id='word_1_307' title='bbox 1142 2042 1246 2074; x_wconf 89' lang='lat' dir='ltr'><strong>multi</strong></span> <span class='ocrx_word' id='word_1_308' title='bbox 1261 2042 1367 2074; x_wconf 84' lang='lat' dir='ltr'><strong>etiam</strong></span> <span class='ocrx_word' id='word_1_309' title='bbox 1384 2042 1528 2075; x_wconf 85' lang='lat' dir='ltr'><strong>iuvenes</strong></span> <span class='ocrx_word' id='word_1_310' title='bbox 1545 2042 1652 2076; x_wconf 84' lang='lat' dir='ltr'><strong>adve-</strong></span> 
     </span>
     <span class='ocr_line' id='line_1_33' title="bbox 240 2087 1651 2132; baseline -0.001 -10"><span class='ocrx_word' id='word_1_311' title='bbox 240 2101 308 2123; x_wconf 90' lang='lat' dir='ltr'><strong>nae</strong></span> <span class='ocrx_word' id='word_1_312' title='bbox 323 2090 460 2122; x_wconf 87' lang='lat' dir='ltr'><strong>nobiles</strong></span> <span class='ocrx_word' id='word_1_313' title='bbox 482 2095 517 2122; x_wconf 92' lang='lat' dir='ltr'><strong>et</strong></span> <span class='ocrx_word' id='word_1_314' title='bbox 533 2088 684 2128; x_wconf 83' lang='lat' dir='ltr'><strong>eruditi,</strong></span> <span class='ocrx_word' id='word_1_315' title='bbox 713 2088 774 2132; x_wconf 87' lang='lat' dir='ltr'><strong>qui</strong></span> <span class='ocrx_word' id='word_1_316' title='bbox 796 2087 1086 2120; x_wconf 84' lang='lat' dir='ltr'><strong>addiscendarurn</strong></span> <span class='ocrx_word' id='word_1_317' title='bbox 1106 2088 1337 2120; x_wconf 87' lang='lat' dir='ltr'><strong>Romanarum</strong></span> <span class='ocrx_word' id='word_1_318' title='bbox 1352 2088 1467 2131; x_wconf 84' lang='lat' dir='ltr'><strong>legum</strong></span> <span class='ocrx_word' id='word_1_319' title='bbox 1486 2099 1590 2120; x_wconf 82' lang='lat' dir='ltr'><strong>eausa</strong></span> <span class='ocrx_word' id='word_1_320' title='bbox 1608 2099 1651 2120; x_wconf 89' lang='lat' dir='ltr'><strong>eo</strong></span> 
     </span>
     <span class='ocr_line' id='line_1_34' title="bbox 241 2131 1652 2175; baseline -0.003 -7"><span class='ocrx_word' id='word_1_321' title='bbox 241 2141 485 2168; x_wconf 83' lang='lat' dir='ltr'><strong>commearant.</strong></span> <span class='ocrx_word' id='word_1_322' title='bbox 541 2135 625 2167; x_wconf 87' lang='lat' dir='ltr'><strong>Erat</strong></span> <span class='ocrx_word' id='word_1_323' title='bbox 656 2133 748 2165; x_wconf 86' lang='lat' dir='ltr'><strong>enim</strong></span> <span class='ocrx_word' id='word_1_324' title='bbox 770 2132 839 2165; x_wconf 91' lang='lat' dir='ltr'><strong>hoc</strong></span> <span class='ocrx_word' id='word_1_325' title='bbox 862 2131 1118 2175; x_wconf 78' lang='lat' dir='ltr'><strong>urbipatrium</strong></span> <span class='ocrx_word' id='word_1_326' title='bbox 1141 2137 1177 2164; x_wconf 87' lang='lat' dir='ltr'><strong>et</strong></span> <span class='ocrx_word' id='word_1_327' title='bbox 1200 2132 1310 2165; x_wconf 87' lang='lat' dir='ltr'><strong>veluti</strong></span> <span class='ocrx_word' id='word_1_328' title='bbox 1331 2133 1484 2166; x_wconf 79' lang='lat' dir='ltr'><strong>maxima</strong></span> <span class='ocrx_word' id='word_1_329' title='bbox 1506 2133 1652 2166; x_wconf 81' lang='lat' dir='ltr'><strong>honoris</strong></span> 
     </span>
     <span class='ocr_line' id='line_1_35' title="bbox 240 2176 1654 2225; baseline -0.002 -12"><span class='ocrx_word' id='word_1_330' title='bbox 240 2182 495 2225; x_wconf 84' lang='lat' dir='ltr'><strong>praerogativa,</strong></span> <span class='ocrx_word' id='word_1_331' title='bbox 518 2179 614 2224; x_wconf 89' lang='lat' dir='ltr'><strong>quod</strong></span> <span class='ocrx_word' id='word_1_332' title='bbox 631 2178 802 2211; x_wconf 86' lang='lat' dir='ltr'><strong>eiusmodi</strong></span> <span class='ocrx_word' id='word_1_333' title='bbox 822 2177 962 2210; x_wconf 87' lang='lat' dir='ltr'><strong>scholae</strong></span> <span class='ocrx_word' id='word_1_334' title='bbox 981 2178 1014 2210; x_wconf 91' lang='lat' dir='ltr'><strong>ei</strong></span> <span class='ocrx_word' id='word_1_335' title='bbox 1040 2183 1158 2210; x_wconf 81' lang='lat' dir='ltr'><strong>essent</strong></span> <span class='ocrx_word' id='word_1_336' title='bbox 1178 2176 1324 2209; x_wconf 84' lang='lat' dir='ltr'><strong>dicatae.</strong></span> <span class='ocrx_word' id='word_1_337' title='bbox 1374 2178 1654 2222; x_wconf 83' lang='lat' dir='ltr'><strong>Commigrarunt</strong></span> 
     </span>
     <span class='ocr_line' id='line_1_36' title="bbox 239 2221 1653 2270; baseline -0.002 -12"><span class='ocrx_word' id='word_1_338' title='bbox 239 2226 362 2270; x_wconf 83' lang='lat' dir='ltr'><strong>itaque</strong></span> <span class='ocrx_word' id='word_1_339' title='bbox 386 2232 459 2258; x_wconf 88' lang='lat' dir='ltr'><strong>tum</strong></span> <span class='ocrx_word' id='word_1_340' title='bbox 479 2226 647 2268; x_wconf 84' lang='lat' dir='ltr'><strong>temporis</strong></span> <span class='ocrx_word' id='word_1_341' title='bbox 667 2224 784 2267; x_wconf 84' lang='lat' dir='ltr'><strong>legum</strong></span> <span class='ocrx_word' id='word_1_342' title='bbox 804 2224 1016 2265; x_wconf 83' lang='lat' dir='ltr'><strong>interpretes</strong></span> <span class='ocrx_word' id='word_1_343' title='bbox 1038 2221 1205 2254; x_wconf 85' lang='lat' dir='ltr'><strong>Sidonem</strong></span> <span class='ocrx_word' id='word_1_344' title='bbox 1225 2221 1347 2255; x_wconf 90' lang='lat' dir='ltr'><strong>urbem</strong></span> <span class='ocrx_word' id='word_1_345' title='bbox 1357 2223 1520 2262; x_wconf 83' lang='lat' dir='ltr'><strong>vicinam,</strong></span> <span class='ocrx_word' id='word_1_346' title='bbox 1551 2222 1653 2256; x_wconf 87' lang='lat' dir='ltr'><strong>scho-</strong></span> 
     </span>
     <span class='ocr_line' id='line_1_37' title="bbox 239 2267 1652 2316; baseline -0.003 -12"><span class='ocrx_word' id='word_1_347' title='bbox 239 2271 367 2316; x_wconf 84' lang='lat' dir='ltr'><strong>laeque</strong></span> <span class='ocrx_word' id='word_1_348' title='bbox 385 2283 425 2304; x_wconf 90' lang='lat' dir='ltr'><strong>eo</strong></span> <span class='ocrx_word' id='word_1_349' title='bbox 444 2271 644 2308; x_wconf 81' lang='lat' dir='ltr'><strong>translatae,</strong></span> <span class='ocrx_word' id='word_1_350' title='bbox 671 2269 845 2312; x_wconf 81' lang='lat' dir='ltr'><strong>tantisper</strong></span> <span class='ocrx_word' id='word_1_351' title='bbox 858 2267 942 2300; x_wconf 90' lang='lat' dir='ltr'><strong>dum</strong></span> <span class='ocrx_word' id='word_1_352' title='bbox 961 2268 1104 2309; x_wconf 83' lang='lat' dir='ltr'><strong>Berytus</strong></span> <span class='ocrx_word' id='word_1_353' title='bbox 1122 2267 1384 2300; x_wconf 83' lang='lat' dir='ltr'><strong>instauraretur.</strong></span> <span class='ocrx_word' id='word_1_354' title='bbox 1411 2268 1518 2312; x_wconf 82' lang='lat' dir='ltr'><strong>Quod</strong></span> <span class='ocrx_word' id='word_1_355' title='bbox 1539 2273 1574 2300; x_wconf 87' lang='lat' dir='ltr'><strong>et</strong></span> <span class='ocrx_word' id='word_1_356' title='bbox 1597 2267 1652 2300; x_wconf 80' lang='lat' dir='ltr'><strong>fa-</strong></span> 
     </span>
     <span class='ocr_line' id='line_1_38' title="bbox 241 2311 1652 2359; baseline -0.004 -9"><span class='ocrx_word' id='word_1_357' title='bbox 241 2322 335 2350; x_wconf 86' lang='lat' dir='ltr'><strong>ctum</strong></span> <span class='ocrx_word' id='word_1_358' title='bbox 355 2322 426 2358; x_wconf 82' lang='lat' dir='ltr'><strong>est3</strong></span> <span class='ocrx_word' id='word_1_359' title='bbox 452 2324 676 2359; x_wconf 86' lang='lat' dir='ltr'><strong>nequaquam</strong></span> <span class='ocrx_word' id='word_1_360' title='bbox 695 2312 839 2358; x_wconf 84' lang='lat' dir='ltr'><strong>quidem</strong></span> <span class='ocrx_word' id='word_1_361' title='bbox 861 2311 974 2356; x_wconf 86' lang='lat' dir='ltr'><strong>qualis</strong></span> <span class='ocrx_word' id='word_1_362' title='bbox 991 2317 1092 2345; x_wconf 85' lang='lat' dir='ltr'><strong>antea</strong></span> <span class='ocrx_word' id='word_1_363' title='bbox 1110 2317 1206 2352; x_wconf 82' lang='lat' dir='ltr'><strong>erat,</strong></span> <span class='ocrx_word' id='word_1_364' title='bbox 1236 2323 1352 2356; x_wconf 89' lang='lat' dir='ltr'><strong>neque</strong></span> <span class='ocrx_word' id='word_1_365' title='bbox 1370 2317 1486 2346; x_wconf 84' lang='lat' dir='ltr'><strong>tamen</strong></span> <span class='ocrx_word' id='word_1_366' title='bbox 1506 2314 1557 2347; x_wconf 81' lang='lat' dir='ltr'><strong>ita</strong></span> <span class='ocrx_word' id='word_1_367' title='bbox 1579 2311 1652 2345; x_wconf 79' lang='lat' dir='ltr'><strong>‹lis-</strong></span> 
     </span>
     <span class='ocr_line' id='line_1_39' title="bbox 239 2356 1653 2406; baseline -0.003 -11"><span class='ocrx_word' id='word_1_368' title='bbox 239 2361 374 2401; x_wconf 82' lang='lat' dir='ltr'><strong>simssis,</strong></span> <span class='ocrx_word' id='word_1_369' title='bbox 392 2361 477 2406; x_wconf 90' lang='lat' dir='ltr'><strong>quin</strong></span> <span class='ocrx_word' id='word_1_370' title='bbox 501 2372 543 2393; x_wconf 78' lang='lat' dir='ltr'><strong>ex</strong></span> <span class='ocrx_word' id='word_1_371' title='bbox 560 2360 633 2392; x_wconf 84' lang='lat' dir='ltr'><strong>eius</strong></span> <span class='ocrx_word' id='word_1_372' title='bbox 653 2363 795 2402; x_wconf 87' lang='lat' dir='ltr'><strong>aspectu</strong></span> <span class='ocrx_word' id='word_1_373' title='bbox 815 2357 963 2401; x_wconf 84' lang='lat' dir='ltr'><strong>pristina</strong></span> <span class='ocrx_word' id='word_1_374' title='bbox 978 2356 1088 2400; x_wconf 79' lang='lat' dir='ltr'><strong>ipsius</strong></span> <span class='ocrx_word' id='word_1_375' title='bbox 1109 2357 1219 2389; x_wconf 86' lang='lat' dir='ltr'><strong>forma</strong></span> <span class='ocrx_word' id='word_1_376' title='bbox 1244 2359 1384 2401; x_wconf 83' lang='lat' dir='ltr'><strong>agnosci</strong></span> <span class='ocrx_word' id='word_1_377' title='bbox 1407 2363 1535 2401; x_wconf 84' lang='lat' dir='ltr'><strong>posset.</strong></span> <span class='ocrx_word' id='word_1_378' title='bbox 1581 2357 1653 2390; x_wconf 85' lang='lat' dir='ltr'><strong>Sed</strong></span> 
     </span>
     <span class='ocr_line' id='line_1_40' title="bbox 238 2401 1651 2451; baseline -0.005 -10"><span class='ocrx_word' id='word_1_379' title='bbox 238 2407 327 2442; x_wconf 85' lang='lat' dir='ltr'><strong>haec</strong></span> <span class='ocrx_word' id='word_1_380' title='bbox 343 2406 486 2451; x_wconf 86' lang='lat' dir='ltr'><strong>quidem</strong></span> <span class='ocrx_word' id='word_1_381' title='bbox 505 2406 600 2438; x_wconf 87' lang='lat' dir='ltr'><strong>urbis</strong></span> <span class='ocrx_word' id='word_1_382' title='bbox 623 2403 859 2436; x_wconf 80' lang='lat' dir='ltr'><strong>reaedificatio</strong></span> <span class='ocrx_word' id='word_1_383' title='bbox 878 2407 914 2434; x_wconf 74' lang='lat' dir='ltr'><strong>et</strong></span> <span class='ocrx_word' id='word_1_384' title='bbox 938 2401 1135 2434; x_wconf 82' lang='lat' dir='ltr'><strong>scholarum</strong></span> <span class='ocrx_word' id='word_1_385' title='bbox 1160 2403 1333 2435; x_wconf 82' lang='lat' dir='ltr'><strong>revocatio</strong></span> <span class='ocrx_word' id='word_1_386' title='bbox 1360 2402 1580 2445; x_wconf 86' lang='lat' dir='ltr'><strong>postmodum</strong></span> <span class='ocrx_word' id='word_1_387' title='bbox 1595 2403 1651 2435; x_wconf 85' lang='lat' dir='ltr'><strong>vi-</strong></span> 
     </span>
     <span class='ocr_line' id='line_1_41' title="bbox 241 2446 1652 2492; baseline -0.004 -7"><span class='ocrx_word' id='word_1_388' title='bbox 241 2452 391 2485; x_wconf 86' lang='lat' dir='ltr'><strong>debatur</strong></span> <span class='ocrx_word' id='word_1_389' title='bbox 411 2453 542 2486; x_wconf 86' lang='lat' dir='ltr'><strong>futura.</strong></span> <span class='ocrx_word' id='word_1_390' title='bbox 594 2451 657 2482; x_wconf 88' lang='lat' dir='ltr'><strong>Per</strong></span> <span class='ocrx_word' id='word_1_391' title='bbox 677 2448 773 2481; x_wconf 88' lang='lat' dir='ltr'><strong>idem</strong></span> <span class='ocrx_word' id='word_1_392' title='bbox 803 2458 945 2492; x_wconf 89' lang='lat' dir='ltr'><strong>quoque</strong></span> <span class='ocrx_word' id='word_1_393' title='bbox 975 2452 1114 2491; x_wconf 85' lang='lat' dir='ltr'><strong>tempus</strong></span> <span class='ocrx_word' id='word_1_394' title='bbox 1150 2447 1187 2478; x_wconf 88' lang='lat' dir='ltr'><strong>in</strong></span> <span class='ocrx_word' id='word_1_395' title='bbox 1205 2458 1329 2491; x_wconf 82' lang='lat' dir='ltr'><strong>magna</strong></span> <span class='ocrx_word' id='word_1_396' title='bbox 1354 2448 1418 2480; x_wconf 85' lang='lat' dir='ltr'><strong>illa</strong></span> <span class='ocrx_word' id='word_1_397' title='bbox 1442 2446 1652 2481; x_wconf 78' lang='lat' dir='ltr'><strong>Alexandria</strong></span> 
     </span>
     <span class='ocr_line' id='line_1_42' title="bbox 239 2491 1654 2539; baseline -0.005 -8"><span class='ocrx_word' id='word_1_398' title='bbox 239 2498 284 2532; x_wconf 91' lang='lat' dir='ltr'><strong>ad</strong></span> <span class='ocrx_word' id='word_1_399' title='bbox 306 2498 425 2530; x_wconf 86' lang='lat' dir='ltr'><strong>Nilum</strong></span> <span class='ocrx_word' id='word_1_400' title='bbox 443 2497 572 2530; x_wconf 86' lang='lat' dir='ltr'><strong>flumen</strong></span> <span class='ocrx_word' id='word_1_401' title='bbox 597 2495 662 2527; x_wconf 85' lang='lat' dir='ltr'><strong>sita</strong></span> <span class='ocrx_word' id='word_1_402' title='bbox 682 2494 784 2539; x_wconf 90' lang='lat' dir='ltr'><strong>(eum</strong></span> <span class='ocrx_word' id='word_1_403' title='bbox 804 2498 919 2525; x_wconf 78' lang='lat' dir='ltr'><strong>tamen</strong></span> <span class='ocrx_word' id='word_1_404' title='bbox 943 2491 1033 2524; x_wconf 88' lang='lat' dir='ltr'><strong>illud</strong></span> <span class='ocrx_word' id='word_1_405' title='bbox 1061 2491 1231 2535; x_wconf 85' lang='lat' dir='ltr'><strong>oppidum</strong></span> <span class='ocrx_word' id='word_1_406' title='bbox 1258 2498 1371 2524; x_wconf 84' lang='lat' dir='ltr'><strong>terrae</strong></span> <span class='ocrx_word' id='word_1_407' title='bbox 1398 2493 1509 2525; x_wconf 88' lang='lat' dir='ltr'><strong>motui</strong></span> <span class='ocrx_word' id='word_1_408' title='bbox 1534 2492 1654 2524; x_wconf 86' lang='lat' dir='ltr'><strong>obno-</strong></span> 
     </span>
     <span class='ocr_line' id='line_1_43' title="bbox 239 2536 1652 2583; baseline -0.004 -8"><span class='ocrx_word' id='word_1_409' title='bbox 239 2544 337 2576; x_wconf 81' lang='lat' dir='ltr'><strong>xium</strong></span> <span class='ocrx_word' id='word_1_410' title='bbox 356 2553 430 2575; x_wconf 87' lang='lat' dir='ltr'><strong>esse</strong></span> <span class='ocrx_word' id='word_1_411' title='bbox 449 2553 520 2574; x_wconf 91' lang='lat' dir='ltr'><strong>non</strong></span> <span class='ocrx_word' id='word_1_412' title='bbox 534 2541 676 2583; x_wconf 85' lang='lat' dir='ltr'><strong>soleret)</strong></span> <span class='ocrx_word' id='word_1_413' title='bbox 700 2550 822 2571; x_wconf 83' lang='lat' dir='ltr'><strong>sensus</strong></span> <span class='ocrx_word' id='word_1_414' title='bbox 840 2538 946 2570; x_wconf 86' lang='lat' dir='ltr'><strong>etiam</strong></span> <span class='ocrx_word' id='word_1_415' title='bbox 967 2536 1112 2580; x_wconf 88' lang='lat' dir='ltr'><strong>quidam</strong></span> <span class='ocrx_word' id='word_1_416' title='bbox 1134 2542 1262 2577; x_wconf 85' lang='lat' dir='ltr'><strong>motus,</strong></span> <span class='ocrx_word' id='word_1_417' title='bbox 1287 2538 1493 2580; x_wconf 77' lang='lat' dir='ltr'><strong>perexiguus</strong></span> <span class='ocrx_word' id='word_1_418' title='bbox 1508 2536 1652 2581; x_wconf 89' lang='lat' dir='ltr'><strong>quidem</strong></span> 
     </span>
     <span class='ocr_line' id='line_1_44' title="bbox 241 2582 1651 2629; baseline -0.004 -8"><span class='ocrx_word' id='word_1_419' title='bbox 241 2589 302 2621; x_wconf 90' lang='lat' dir='ltr'><strong>ille</strong></span> <span class='ocrx_word' id='word_1_420' title='bbox 321 2599 360 2621; x_wconf 87' lang='lat' dir='ltr'><strong>ae</strong></span> <span class='ocrx_word' id='word_1_421' title='bbox 375 2587 489 2620; x_wconf 87' lang='lat' dir='ltr'><strong>brevis</strong></span> <span class='ocrx_word' id='word_1_422' title='bbox 503 2611 512 2627; x_wconf 91' lang='lat'>‚</span> <span class='ocrx_word' id='word_1_423' title='bbox 539 2596 655 2629; x_wconf 88' lang='lat' dir='ltr'><strong>neque</strong></span> <span class='ocrx_word' id='word_1_424' title='bbox 676 2583 818 2616; x_wconf 88' lang='lat' dir='ltr'><strong>omnino</strong></span> <span class='ocrx_word' id='word_1_425' title='bbox 835 2582 1042 2615; x_wconf 84' lang='lat' dir='ltr'><strong>manifestus</strong></span> <span class='ocrx_word' id='word_1_426' title='bbox 1056 2606 1065 2622; x_wconf 92' lang='lat'>‚</span> <span class='ocrx_word' id='word_1_427' title='bbox 1094 2582 1202 2614; x_wconf 83' lang='lat' dir='ltr'><strong>factus</strong></span> <span class='ocrx_word' id='word_1_428' title='bbox 1229 2587 1282 2615; x_wconf 86' lang='lat' dir='ltr'><strong>est</strong></span> <span class='ocrx_word' id='word_1_429' title='bbox 1301 2587 1427 2614; x_wconf 84' lang='lat' dir='ltr'><strong>tamen.</strong></span> <span class='ocrx_word' id='word_1_430' title='bbox 1476 2582 1651 2616; x_wconf 73' lang='lat' dir='ltr'><strong>Omnibus</strong></span> 
     </span>
     <span class='ocr_line' id='line_1_45' title="bbox 240 2627 1650 2678; baseline -0.006 -11"><span class='ocrx_word' id='word_1_431' title='bbox 240 2634 360 2678; x_wconf 87' lang='lat' dir='ltr'><strong>itaque</strong></span> <span class='ocrx_word' id='word_1_432' title='bbox 380 2633 506 2667; x_wconf 85' lang='lat' dir='ltr'><strong>incolis</strong></span> <span class='ocrx_word' id='word_1_433' title='bbox 525 2636 561 2664; x_wconf 90' lang='lat' dir='ltr'><strong>et</strong></span> <span class='ocrx_word' id='word_1_434' title='bbox 581 2629 803 2674; x_wconf 82' lang='lat' dir='ltr'><strong>potissimum</strong></span> <span class='ocrx_word' id='word_1_435' title='bbox 818 2627 921 2661; x_wconf 87' lang='lat' dir='ltr'><strong>valde</strong></span> <span class='ocrx_word' id='word_1_436' title='bbox 941 2627 1083 2659; x_wconf 84' lang='lat' dir='ltr'><strong>senibus</strong></span> <span class='ocrx_word' id='word_1_437' title='bbox 1103 2638 1226 2670; x_wconf 82' lang='lat' dir='ltr'><strong>magno</strong></span> <span class='ocrx_word' id='word_1_438' title='bbox 1243 2627 1411 2659; x_wconf 80' lang='lat' dir='ltr'><strong>miraculo</strong></span> <span class='ocrx_word' id='word_1_439' title='bbox 1431 2636 1471 2658; x_wconf 88' lang='lat' dir='ltr'><strong>ea</strong></span> <span class='ocrx_word' id='word_1_440' title='bbox 1491 2637 1544 2658; x_wconf 84' lang='lat' dir='ltr'><strong>res</strong></span> <span class='ocrx_word' id='word_1_441' title='bbox 1561 2627 1650 2669; x_wconf 79' lang='lat' dir='ltr'><strong>fuit3</strong></span> 
     </span>
     <span class='ocr_line' id='line_1_46' title="bbox 241 2671 1650 2725; baseline -0.004 -14"><span class='ocrx_word' id='word_1_442' title='bbox 241 2680 373 2724; x_wconf 85' lang='lat' dir='ltr'><strong>quippe</strong></span> <span class='ocrx_word' id='word_1_443' title='bbox 395 2689 485 2725; x_wconf 87' lang='lat' dir='ltr'><strong>quae</strong></span> <span class='ocrx_word' id='word_1_444' title='bbox 500 2682 602 2711; x_wconf 82' lang='lat' dir='ltr'><strong>antea</strong></span> <span class='ocrx_word' id='word_1_445' title='bbox 625 2685 803 2721; x_wconf 84' lang='lat' dir='ltr'><strong>nunquam</strong></span> <span class='ocrx_word' id='word_1_446' title='bbox 823 2672 998 2708; x_wconf 83' lang='lat' dir='ltr'><strong>acciderat</strong></span> <span class='ocrx_word' id='word_1_447' title='bbox 1010 2684 1019 2717; x_wconf 78' lang='lat'>3</span> <span class='ocrx_word' id='word_1_448' title='bbox 1046 2683 1162 2718; x_wconf 84' lang='lat' dir='ltr'><strong>neque</strong></span> <span class='ocrx_word' id='word_1_449' title='bbox 1182 2673 1368 2717; x_wconf 81' lang='lat' dir='ltr'><strong>quisquam</strong></span> <span class='ocrx_word' id='word_1_450' title='bbox 1389 2671 1485 2706; x_wconf 87' lang='lat' dir='ltr'><strong>domi</strong></span> <span class='ocrx_word' id='word_1_451' title='bbox 1502 2673 1650 2712; x_wconf 79' lang='lat' dir='ltr'><strong>mansit,</strong></span> 
     </span>
    </p>
   </div>
  </div>
 </body>
</html>
