1832 3152
376 110 486 165 366
940 131 1211 174 AGATHIAE

941 231 995 268 13.
1017 232 1082 278 (v
1107 234 1199 278 267.)

371 315 395 336 α
411 305 463 345 Τι’
481 303 707 358 στενάχεις,
730 305 905 383 βφιλέω.
936 309 1078 356 ατίνας
1113 309 1361 363 βπαρθένον·
1385 321 1408 342 α
1432 328 1454 363 η
1480 310 1533 365 ῥά
1559 325 1603 363 γε
1627 313 1771 367 καλήν,

458 366 622 422 βκαλῆν
663 367 870 424 ἡμετέροις
907 365 1064 423 ὄμμασι
1098 374 1354 426 φαινομένην.

371 440 396 461 0⁶
410 449 487 473 που
514 435 559 473 δέ
581 449 651 484 μιν
685 433 940 487 εἶσενόησας,·
968 435 1086 476 βέκεῖ
1099 435 1191 475 ποτί
1209 437 1366 476 δεῖπνον
1384 437 1567 479 ἐπελθών

449 498 544 553 ξυνῇ
587 498 818 550 κεκλιμένην
845 496 1014 552 ἔδρακον
1035 500 1078 539 έν
1103 497 1276 550 στιβάδι.

368 561 578 610 αέλπίζεις
609 562 652 600 δὲ
679 567 839 612 τυχεῖν,·
891 563 990 603 βναί
1011 563 1079 602 ναί
1105 563 1242 616 φίλος·
1271 561 1481 617 ἀμφαδίην
1496 565 1547 612 δὲ
1796 573 1819 615 5

449 624 497 664 οὗ
527 626 632 677 ζητῶ
657 626 818 679 φιλίην,
859 625 947 664 ἀλλ’
979 625 1336 679 ὗποκλεπτομένην.
1414 641 1421 645 “

368 686 469 730 ατὸν
496 687 667 739 νόμιμον
694 691 849 740 μᾶλλον
879 688 1043 743 φεύγεις
1061 688 1211 741 γάμον’
1252 689 1412 743 ἀτρεκὲς
1438 688 1562 743 ἔγνων

451 749 536 794 ὅττι
559 768 604 805 γε
635 754 718 793 τῶν
740 751 913 794 κτεάνων
942 751 1071 793 πουλὺ
1096 751 1141 793 τὸ
1170 752 1415 804 λειπόμενον.

359 816 529 871 βέγνως.
564 813 646 856 θεοῦ
674 818 838 871 φιλέεις,
868 815 1062 868 ἐψεύσαο·
1100 818 1184 863 πῶς
1207 815 1378 858 δύναται
1404 815 1483 872 γὰρ

439 879 557 935 ψυχή
581 881 824 935 ἐρωμανέειν
847 877 952 934 ὀρθοὶ
982 879 1240 934 λογιζομένης
1773 889 1818 915 ¹⁰

917 997 998 1037 wae·
1024 999 1103 1045 (v,
1129 1000 1224 1046 269.)

355 1076 520 1118 Δισσῶν
543 1075 783 1129 θηλυτέρων
804 1072 955 1125 μοῦνός
976 1089 1068 1114 ποτε
1088 1076 1239 1125 μέσσος
1260 1075 1436 1130 ἑκειζαην,

435 1141 505 1193 τῆς
528 1140 604 1191 μὲν
633 1139 876 1194 ἐφιμείρων,
914 1140 962 1193 τῇ
983 1139 1028 1178 δὲ
1047 1138 1326 1214 χαριζόμενος.

353 1200 458 1246 εἷλκε
486 1204 530 1243 δέ
557 1207 601 1255 μ’
625 1203 650 1257 ἡ
683 1202 894 1257 φιλέουσα·
924 1200 1045 1242 πάλιν
1066 1203 1104 1242 δ’
1127 1201 1227 1255 ἐγώ,
1256 1200 1322 1245 οἶά
1344 1205 1389 1244 τέ
1411 1219 1474 1252 τις
1493 1203 1601 1260 φώρ,

428 1269 560 1320 χείλεϊ
599 1268 821 1322 φειδομένω
852 1282 925 1319 την
946 1265 1085 1319 ἑτέρην
1114 1267 1301 1320 ἐφίλουν,

352 1333 471 1386 ζῆλον
501 1331 759 1370 υποκλέπτων
779 1346 850 1383 της
879 1330 1076 1382 γείτονος,
1106 1346 1155 1383 ης
1178 1329 1247 1371 τὸν
1271 1328 1437 1383 ἔλεγχον
1787 1323 1811 1364 5

434 1396 505 1435 καί
522 1392 597 1441 τὰς
625 1393 875 1441 λυσιπόθους
898 1391 1066 1448 ἔτρεμον
1103 1393 1303 1446 οἷγγελίας.

356 1457 542 1512 ὄχθήσας
578 1459 616 1498 (5³
637 1452 702 1511 άρ’
724 1455 857 1498 ἔειπον
871 1473 882 1484 ·
920 1458 1015 1509 ἐμοὶ
1035 1455 1141 1510 τάχα
1165 1459 1235 1498 καί
1253 1457 1299 1497 τὸ
1322 1459 1532 1513 φιλεῖσθαι

431 1521 487 1571 ὥς
513 1520 558 1563 τὸ
587 1525 719 1576 φιλεῖν
747 1519 949 1573 χαλεπὸν,
979 1519 1101 1562 δισσοὶ
1128 1522 1394 1578 κολαζομένῳ.

906 1621 962 1656 15.
984 1619 1055 1666 (V,
1082 1621 1173 1666 273.)

341 1708 402 1750 ‘H
419 1709 549 1763 πάρος
574 1707 766 1763 ἀγλαΐῃσι
790 1707 1030 1762 μετάρσιος,
1057 1707 1083 1760 ἦ
1117 1706 1372 1758 πλοκαμῖδας

433 1773 620 1824 σειομένη
645 1769 836 1822 πλεκτὰς,
875 1772 947 1810 καί
971 1771 1294 1824 σοβαρευομένη,

344 1838 370 1891 ἦ
398 1834 748 1890 μεγαλαυχήσασα
783 1837 877 1874 καθ’
915 1833 1114 1887 ἡμετέρης
1138 1833 1391 1886 μελεδαίνης,

424 1901 550 1955 γήραϊ
582 1897 778 1954 ῥικνώὸης
806 1914 878 1952 την
908 1913 1000 1952 πριν
1022 1897 1154 1951 ἀφῆκε
1182 1895 1320 1950 χάριν.

343 1964 475 2018 μαζὸς
498 1964 745 2016 υπεκλίνθη,
775 1961 897 2003 πέσον
918 1960 1086 2016 οφρύες,
1125 1975 1241 2012 ομμα
1266 1963 1471 2015 τέτηκται,
1781 1959 1807 2002 5

420 2030 560 2081 χείλεα
581 2029 799 2080 βαμβαίνει
823 2027 1030 2081 φθέγματι
1051 2027 1244 2081 γηραλέῳ.

342 2091 418 2147 τὴν
455 2090 599 2145 πολιὴν
625 2092 755 2131 καλέω
778 2089 955 2141 Νέμεσιν
979 2089 1128 2129 Πόθου
1143 2122 1154 2140 ,
1185 2086 1270 2129 δ’ττι
1298 2089 1452 2140 δικάζει

424 2155 595 2208 ἔννομα,
625 2160 714 2201 ταῖς
737 2157 934 2208 σοβαραῖς
964 2153 1120 2192 θᾶσσον
1144 2151 1406 2207 ἐπερχομένη.

908 2250 991 2288 16.·3ε
1015 2251 1078 2296 (V,
1104 2252 1198 2298 276.)

345 2341 419 2380 Σοὶ
438 2339 529 2380 τόδε
555 2336 600 2378 τὸ
627 2338 859 2392 κρήδεμνον,
890 2335 968 2390 ἐμή
1000 2337 1235 2391 μνήστειρα,
1263 2338 1428 2390 κομίζω,

420 2402 732 2458 χρυσεοπηνήτῳ
765 2400 1023 2453 λαμπόμενον
1053 2403 1237 2456 γραφίδι.

343 2467 468 2520 βάλλε
491 2469 536 2508 δὲ
557 2472 644 2514 σοῖς
664 2466 948 2516 πλοκάμοισιν·
979 2465 1236 2520 ἑφεσσαμένη
1262 2467 1301 2505 δ’
1322 2465 1427 2521 ὑπὲρ
1452 2460 1573 2519 ὤμων

423 2531 570 2584 στήθεϊ
590 2529 799 2586 παλλεύκῳ
823 2527 940 2582 τήνδε
969 2529 1040 2576 δὸς
1063 2527 1310 2584 ἀμπεχόνην.

343 2597 414 2638 ναί
433 2596 502 2636 vat*
521 2594 664 2648 στήθεϊ
681 2595 836 2646 μᾶλλον
847 2627 859 2645 ,
889 2589 998 2640 ὅπως
1019 2592 1234 2645 ἐπιμάζιον
1254 2592 1315 2649 εἴη
1770 2591 1794 2632 5

423 2658 800 2714 ἅμφιπεριπλέγδην
824 2658 881 2706 εἰς
908 2657 954 2699 σὲ
988 2658 1291 2711 κεὸαννύμενον.
