1794 3112
309 164 325 198 1
340 148 371 200 8
380 167 406 199 2
866 162 1138 204 AGATHIAE

112 262 149 296 A.
171 256 290 298 0555
304 258 377 312 ἂν,
406 258 486 314 εἴγε
507 258 558 301 σύ
577 261 652 312 μὲν
687 260 745 308 ιὸς
770 260 945 314 τάχιστα
980 264 1021 312 ἐς
1043 263 1223 316 Ἰβηρίαν
1253 259 1586 316 μεταχωρήσεις,
1626 261 1704 316 ἐγώ

169 310 349 366 ’Ῑ’Ῑ·“9δὲ
374 325 595 381 ἐλεύσομαι
615 325 658 372 ἐς
679 327 971 380 Μουχείρισιν.
999 323 1107 366 οὕτω
1137 341 1180 365 τε
1209 323 1261 365 τὰ
1298 327 1341 366 ἐν
1367 323 1464 365 ποσί
1485 324 1705 378 διασκεψά-

301 390 427 439 μεθα.
488 389 561 441 τῆς
595 389 640 428 δὲ
678 387 790 442 νίκης
821 390 914 444 πέρι
949 389 1018 430 σοί
1060 391 1138 440 μὲν
1165 389 1312 436 ἐξέστω
1348 391 1620 441 μεγαλαυχεῖν
1647 390 1705 444 τῷ

296 449 400 506 λόγῳ
439 449 511 490 καί
529 447 886 503 αὗθαὸιάζεσθαι,
926 454 998 493 καί
1026 453 1107 492 τῶν
1132 451 1336 505 ἀγοραίων
1372 449 1503 505 αὐτὴν
1527 453 1599 492 καί
1622 451 1703 492 αὕ-

255 516 500 569 Βθαιρέτων
538 515 730 569 ἡγεῖσθαι
754 515 981 569 κτημάτων·
1014 513 1091 568 ἐγώ
1122 516 1167 556 δὲ
1195 513 1265 555 καὶ
1286 514 1402 555 τοῦτό
1426 531 1533 570 φημι
1555 517 1603 571 τῇ
1625 517 1724 558 τοῦὅ

295 580 523 632 κρείττονος
553 576 882 620 ταλαντεύεσθαι
919 579 1087 636 γνώμῃ,
1127 577 1199 620 καί
1235 578 1284 619 οὗ
1312 576 1425 632 παρὰ
1461 578 1559 627 τούς
1595 579 1701 632 μέγα

294 644 627 696 βρενθυομένους
662 643 793 694 ἰέναι,
838 643 927 684 ἀλλ’
950 645 1019 698 ἐφ’
1045 639 1193 692 οὕςιῖν
1227 641 1250 683 ὅ
1281 641 1444 683 πάντων
1465 640 1702 696 προαγωγὸς

294 705 528 760 ἐ’πιιέὐσῃ.”
582 701 688 746 οὕτω
725 707 770 748 δὲ
809 709 886 747 τοῦ
909 708 1129 761 Μαρτίνου
1154 703 1420 761 ἀνδρειότατα
1436 721 1478 746 τε
1501 706 1572 746 καί
1587 698 1706 757 μάλα

293 768 420 818 ’ὁσίως
459 769 780 824 ἀποκριναμένου
797 803 810 822 ,
862 772 934 811 καί
967 773 1018 825 τῇ
1051 772 1125 811 τοῦ
1154 767 1369 824 βαρβάρου
1407 769 1703 823 νεμεσήσαντος

251 857 254 860 ’
295 833 536 890 ἀλαζονείᾳ,
567 830 689 874 οῦδὲν
711 835 757 874 δὲ
780 833 918 876 ὄτιοῧν
938 833 1142 890 προελθὸν
1176 835 1400 888 εἰρηναῖον,
1438 831 1754 888 διεκρίθησανῐο

295 895 366 939 ἀπ’
391 897 592 952 ἀλλήλων.
619 897 690 938 καί
710 897 735 938 ὅ
756 899 832 950 μὲν
855 900 898 947 ἐς
927 897 973 940 τὸ
1001 899 1276 954 στρατόπεδον
1299 897 1496 950 ἐπανῆκε,
1534 899 1703 950 May-tlh-

294 978 362 1010 νος
393 963 438 1002 δὲ
462 963 504 1010 ἐς
535 961 610 1016 τὴν
635 964 787 1016 Νῆσον.
815 964 872 1019 τῷ
907 965 953 1004 δὲ
981 961 1236 1018 Ναχοραγοὶν
1268 961 1436 1014 μενετέα
1458 962 1536 1012 μὲν
1570 960 1702 1000 αὐτοῦ

291 1023 435 1080 ἣκιστα
472 1023 624 1078 ἐδόκει,
662 1026 703 1074 ἒς
727 1028 773 1068 δὲ
809 1025 883 1068 τὸν
921 1027 1057 1068 Φάσιν
1089 1025 1164 1080 τὴν
1197 1026 1313 1067 πόλιν
1355 1025 1459 1065 ἴέναι
1493 1025 1701 1076 διενοεῖτο,

288 1091 422 1143 ’ἒκεΐσέ
441 1106 483 1132 τε
507 1090 665 1142 μᾶλλον
682 1091 981 1132 ἐκκαλέσασθαι
1007 1089 1103 1139 τοὺς
1121 1088 1365 1142 Ῥωμαίους.
1380 1088 1697 1140 ἐπιμαχώτατον

291 1154 369 1210 γάρ
406 1152 452 1196 τό
487 1154 618 1211 ἐκείνῃ
653 1153 789 1209 ἔρυμα
826 1152 932 1196 εἶναι
956 1156 1158 1196 ἐπέπυστο
1177 1186 1190 1205 ,
1232 1150 1306 1193 ἅτε
1339 1150 1388 1206 δὴ
1423 1150 1560 1202 ξύλοις
1596 1148 1754 1194 ἅπανι5

264 1219 622 1270 (Ξέσκευασμένον,
651 1218 721 1259 καὶ
752 1216 800 1259 τὰ
827 1217 1001 1270 ἐχόμενα
1029 1219 1150 1258 πεδία
1181 1215 1365 1267 εὖόμαλά
1395 1229 1440 1256 τε
1462 1216 1534 1256 καί
1561 1212 1699 1268 ἀγαθοὶ

291 1282 786 1336 ἒνστρατοπεὸεύσασθαι.
813 1276 892 1335 ἤδη
914 1282 959 1321 δὲ
984 1280 1010 1334 ἦ
1034 1278 1187 1327 πόλιςὸ
1211 1279 1356 1330 Φᾶσις,
1382 1275 1545 1330 ἅπασιν,
1573 1274 1701 1329 οἶμαι,

287 1343 597 1399 ’ὃιαδηλότατον,
626 1342 681 1392 ὥς
703 1346 748 1384 ἐκ
770 1346 846 1384 τοῦ
868 1345 1057 1395 ποταμοῦ
1075 1342 1216 1397 εἴληφε
1235 1341 1307 1396 τὴν
1326 1341 1574 1392 ἐπωνυμίαν,
1600 1343 1702 1394 πλη-

292 1409 489 1450 σιαίτατα
513 1404 813 1462 ὑπορρέοντος,
839 1408 911 1447 καί
942 1407 1046 1462 ἄμφ’
1072 1403 1200 1459 αὐτὴν
1229 1406 1272 1452 ές
1294 1402 1366 1446 τὸν
1393 1398 1585 1453 Εὔξεινον
1605 1403 1703 1444 πόν-

287 1487 358 1512 τον
381 1472 721 1526 οἷπερευγομένου.
761 1469 864 1526 πρὸς
897 1468 976 1524 γὰρ
1002 1472 1060 1526 τῷ
1088 1469 1260 1525 αἰγιαλῷ
1293 1467 1366 1509 καί
1398 1473 1488 1517 ταῖς
1520 1468 1754 1520 ἒκβολαῖςῃο

288 1533 335 1575 τὸ
352 1533 530 1587 πόλισμα
549 1536 731 1590 ἵδρυται·
771 1529 975 1590 ἀφέστηκε
991 1535 1036 1575 δὲ
1057 1535 1128 1588 τῆς
1147 1531 1289 1587 Νήσου
1309 1533 1352 1582 ἓξ
1366 1531 1544 1584 μάλιστα
1558 1546 1703 1586 παραν·

290 1599 460 1653 σὰγγαις
487 1598 556 1639 ἐπὶ
572 1596 918 1653 δυόμενονιῆλιον.

380 1667 412 1699 8.
437 1664 613 1710 ἐπινεύσῃ
653 1666 712 1705 R„
737 1663 931 1697 ἐπινεύσοι
954 1665 1044 1709 vulg.
1138 1676 1169 1708 9.
1195 1664 1256 1696 καὶ
1279 1668 1360 1696 ante
1382 1663 1424 1706 τῇ
1448 1672 1512 1694 om.
1538 1662 1576 1693 R.
1649 1663 1700 1695 13.

379 1708 447 1744 τὸν
470 1709 592 1743 Φᾶσιν
615 1711 671 1750 R„
693 1707 760 1751 τὴν
787 1712 826 1742 Φ.
851 1711 946 1754 vulg.
1019 1711 1069 1744 16.
1097 1708 1259 1754 εὐόμαλα
1270 1711 1321 1748 Β.,
1344 1710 1451 1751 Intpr.
1483 1715 1700 1751 exaequatos

381 1765 417 1789 et
447 1757 681 1800 patentiores,
729 1753 904 1800 εὔέμβολοι
926 1756 1017 1799 vulg.
1066 1755 1212 1788 Secutus
1237 1765 1323 1794 sum,
1348 1754 1563 1786 constantiae
1587 1763 1700 1792 causa,

379 1802 626 1834 auctoritatem
651 1800 782 1834 codicis
797 1824 806 1840 ‚
832 1802 871 1833 in
895 1800 1072 1843 prioribus
1096 1806 1190 1833 certe
1215 1800 1318 1833 libris
1342 1798 1571 1842 Lugdunensi
1594 1797 1698 1842 longe

377 1847 654 1890 praestantioris.
703 1857 755 1879 21.
781 1843 911 1878 stadiis
935 1854 1073 1880 centum
1098 1847 1205 1889 Intpr.
1230 1844 1354 1890 (πέντε
1381 1842 1486 1888 παρ.)

289 1925 352 1958 ego
372 1922 455 1946 vero
475 1913 698 1946 Muchirisim
716 1922 772 1945 me
795 1923 959 1956 recepero
975 1937 985 1952 ,
1010 1916 1117 1956 atque
1146 1912 1196 1943 ita
1221 1910 1264 1942 de
1294 1909 1398 1942 rebus
1422 1909 1554 1941 nostris
1579 1908 1696 1952 dispi-

289 1960 434 1993 eiemus.
482 1959 536 1991 De
564 1959 710 1992 victoria
742 1968 826 1990 vero
858 1958 965 1990 liceat
990 1956 1058 1988 tibi
1094 1954 1306 1988 iactabunde
1336 1958 1607 1998 arroganterque
1643 1955 1700 1986 lo-

288 2005 371 2050 qui,
405 2014 554 2049 eamque
585 2005 678 2036 inter
709 2003 848 2036 venales
879 2008 916 2034 et
936 2006 1055 2034 nostro
1081 2001 1228 2033 arbitrio
1251 1999 1427 2032 subiectas
1453 2010 1492 2031 ac
1522 1998 1699 2042 parabiles

286 2061 342 2083 res
367 2050 549 2082 collocare.
597 2050 667 2093 Ego
685 2059 767 2081 vero
791 2048 956 2081 victorias
980 2046 1049 2079 Dei
1079 2047 1183 2078 unius
1212 2045 1395 2078 voluntate
1420 2043 1543 2076 librari
1567 2054 1693 2076 censeo

287 2106 435 2140 eamque
461 2106 533 2127 non
556 2094 601 2127 ad
624 2096 796 2127 fastuosos
827 2092 1000 2138 valdeque
1025 2091 1135 2124 elatos
1164 2101 1318 2135 vergere,
1350 2089 1412 2122 sed
1437 2089 1482 2122 ad
1515 2099 1588 2130 eos,
1612 2088 1695 2134 qui-

287 2139 356 2172 hus
388 2141 449 2172 ille
481 2140 639 2172 omnium
663 2138 856 2183 productor
885 2144 990 2183 atque
1022 2136 1222 2169 moderator
1258 2136 1433 2168 annuerit.
1482 2134 1578 2167 Haec
1618 2145 1698 2166 cum

291 2184 465 2217 Martinus
489 2190 695 2228 perstrenue
724 2183 1046 2228 honestissimeque
1074 2181 1335 2225 respondisset,
1368 2179 1511 2212 barbari
1534 2190 1700 2224 arrogan-

285 2230 336 2262 tia
361 2233 532 2270 offensus,
556 2241 640 2274 pace
665 2229 819 2269 infecta,
844 2239 863 2260 a
885 2233 1007 2260 mutuo
1028 2226 1206 2271 colloquio
1233 2225 1483 2266 discesserunt;
1510 2229 1615 2270 atque
1640 2224 1699 2257 hic

286 2274 432 2320 quidem
465 2275 509 2308 ad
545 2281 671 2315 castra,
700 2275 874 2306 Martinus
895 2273 1034 2306 veroin
1060 2271 1212 2303 Insulam
1231 2282 1267 2303 se
1295 2271 1438 2314 recepit.
1472 2269 1698 2314 Nachoragan

285 2326 404 2352 autem
433 2331 658 2365 nequaquam
683 2319 735 2352 ibi
763 2317 1049 2352 commorandum
1082 2328 1248 2352 censens,
1284 2315 1329 2348 ad
1356 2314 1541 2348 Phasidem
1573 2314 1696 2347 urbem

285 2377 323 2398 se
345 2365 503 2398 conferre
525 2366 666 2404 statuit,
693 2375 806 2410 eoque
829 2365 947 2408 potius
971 2364 1143 2395 Romanos
1165 2372 1320 2395 evocare.
1359 2361 1580 2393 Facillimum
1598 2359 1694 2392 enim

286 2416 484 2455 expugnatu
512 2411 588 2442 illic
608 2421 683 2443 esse
713 2409 1014 2453 propugnaculum
1039 2406 1220 2447 audierat,
1248 2407 1381 2451 quippe
1407 2405 1503 2449 quod
1533 2409 1645 2437 totum
1673 2414 1693 2435 e

282 2456 391 2500 lignis
426 2461 650 2488 exstructum*
673 2460 786 2494 esset,
813 2459 849 2486 ct
893 2454 1134 2486 circumiectos
1170 2463 1310 2495 campos
1334 2454 1495 2495 patentes
1519 2455 1554 2482 et
1573 2449 1693 2482 castris

284 2501 460 2534 metandis
501 2500 778 2533 accommodatos
817 2498 975 2531 haberet.
1038 2498 1149 2542 Atqui
1189 2497 1313 2529 urbem
1356 2495 1538 2529 Phasidem
1570 2505 1591 2526 a
1627 2493 1695 2526 flu-

283 2548 342 2579 vio
367 2547 400 2579 ei
431 2546 636 2589 cognomine
664 2546 713 2578 ita
744 2549 900 2576 vocatam
933 2555 1023 2583 esse,
1047 2542 1235 2582 omnibus,
1269 2541 1440 2582 arbitror,
1467 2545 1520 2572 est
1543 2539 1690 2571 notissi-

284 2602 400 2634 mum3
433 2593 495 2637 qui
524 2591 668 2636 quidem
703 2590 826 2622 fluvius
851 2589 970 2621 Phasis
990 2600 1063 2621 non
1083 2589 1207 2632 procul
1231 2587 1276 2619 ab
1297 2598 1337 2619 ea
1361 2586 1461 2624 fluit,
1487 2590 1522 2617 et
1547 2584 1636 2616 circa
1656 2585 1690 2616 i-

283 2647 382 2680 psam
405 2637 443 2668 in
466 2637 641 2669 Euxinum
667 2640 816 2680 pontum
842 2634 961 2666 fertur.
1010 2633 1064 2666 Ad
1087 2634 1186 2666 littus
1211 2633 1305 2665 enim
1336 2636 1372 2664 et
1403 2631 1493 2663 ostia
1519 2629 1602 2664 urbs
1626 2629 1693 2661 sita

281 2687 354 2725 est5
380 2681 488 2716 distat
513 2686 629 2715 autem
654 2681 698 2714 ab
730 2679 847 2714 Insula
870 2690 930 2712 sex
947 2689 1119 2713 summum
1146 2678 1345 2723 parasangis
1378 2685 1538 2714 occasum
1562 2684 1691 2710 versus.
