1722 3146
215 157 281 194 XX
693 151 815 191 VITA
854 150 1138 191 AGATHIAE.

213 266 392 305 pressam
420 265 506 291 esse
536 251 691 289 Romae
714 263 777 301 ap,
806 249 885 288 Iac.
913 246 1182 286 *Mazochium
1216 246 1326 288 1516,
1346 244 1427 285 fol.
1460 243 1608 297 repeti-

213 323 295 355 tam
329 315 477 354 deiude
504 314 710 366 Augustae
736 312 1052 353 vindelicorum
1082 324 1156 363 per
1185 310 1346 362 Sigism.
1375 309 1533 348 Grimm
1567 314 1608 346 et

210 382 265 421 M.
285 379 483 429 Wirsung
506 378 616 429 ¹519·
633 378 671 426 4.
686 383 727 416 et
748 382 888 428 postea
903 389 997 413 cum
1014 374 1218 426 Procopio
1244 380 1365 425 atque
1386 371 1605 418 lornande,

211 443 385 494 aliisque
414 441 545 479 affinis
576 439 807 492 argumenti
841 439 983 487 libris,
1023 437 1244 490 praemissa
1272 437 1385 476 Beati
1415 433 1605 475 Rhenani

209 505 480 558 praefatione,
508 504 690 542 Basileae
718 518 781 555 ap.
800 501 1046 554 Hervagium
1073 502 1180 540 1551.
1201 501 1274 540 fol.
1292 507 1332 539 et
1347 501 1475 553 Lugd.
1494 500 1606 550 1594.

208 571 332 609 8.:—
358 567 663 607 dedicationem
685 569 888 605 Personae
905 567 955 603 ad
977 564 1137 603 Sixtum
1159 564 1230 606 lV.
1257 566 1374 605 Pont.
1386 565 1440 604 M.
1454 563 1605 603 editam

208 646 294 671 csse
316 631 358 669 in
381 631 736 671 dissertationibus
767 630 870 668 Zeni
892 628 1103 669 Vossianis
1126 628 1182 670 11.
1211 643 1251 681 p.
1280 628 1516 677 141—144.

311 697 398 749 Ego
430 709 524 734 usus
559 709 647 733 sum
689 693 870 732 editione
911 706 1018 744 quae
1049 707 1072 731 a
1102 692 1294 732 Fabricio
1317 692 1480 731 ‘dicitur
1514 703 1605 744 pro-

207 760 330 798 diisse
356 772 466 796 anno
502 757 612 810 1576.
637 758 819 796 Basileae
842 771 904 808 ap.
935 758 979 795 P.
1005 759 1202 802 Pernam;
1233 755 1306 796 sed
1334 754 1434 794 anni
1468 760 1606 792 notam

206 824 248 861 in
277 823 467 874 exemplo
490 821 601 873 quod
623 820 725 858 mihi
750 821 865 858 adest
886 821 1037 859 frustra
1059 820 1258 873 quaesivi.
1315 819 1378 858 Ibi
1405 818 1604 872 Agathiae

203 887 522 940 praemittuntur
544 884 730 923 Zosimus
754 898 776 922 a
795 884 1072 934 Leunclavio,
1100 884 1328 936 Procopius
1349 898 1372 922 a
1395 881 1603 936 Raphaele

203 953 501 998 Volaterrano,
541 953 806 1001 Personaque
828 949 942 1001 ipso,
982 962 1147 988 versus:
1179 948 1458 988 subiiciuntur
1483 946 1604 984 ambo

203 1015 421 1053 lornandis
443 1013 603 1063 libelli,
643 1018 684 1051 et
716 1013 955 1052 Leonardus
979 1013 1178 1052 Aretinus
1215 1012 1266 1052 de
1298 1012 1412 1050 bello
1442 1010 1602 1050 Italico.

202 1079 324 1128 Quod
349 1079 566 1117 Fabricius
595 1077 636 1115 in
663 1077 742 1115 hac
778 1076 961 1116 editione
981 1076 1215 1116 versionem
1245 1075 1444 1128 Agathiae
1465 1088 1515 1113 ex
1538 1086 1606 1112 re-

202 1143 395 1182 censione
432 1142 516 1181 sive
542 1141 863 1193 interpolatione
891 1142 949 1182 Io.
974 1140 1217 1180 Leunclavii
1249 1138 1391 1178 haberi
1413 1137 1539 1186 dicit,
1569 1136 1603 1174 is
1673 1152 1675 1155 ·

202 1220 316 1245 error
342 1211 414 1244 est.
471 1205 586 1267 Nihil
622 1205 793 1244 mutavit
818 1204 1115 1250 Leunclavius;
1145 1208 1362 1243 contentus
1386 1201 1490 1240 locis
1517 1213 1602 1238 non

200 1270 304 1308 adeo
335 1269 474 1308 multis
502 1269 544 1306 in
568 1269 752 1320 margine
779 1268 1078 1307 correctionem
1106 1267 1315 1307 indicare:
1353 1265 1422 1304 sed
1457 1277 1601 1317 quum,

199 1333 315 1371 finita
338 1332 632 1385 impressione,
674 1332 1010 1384 Rehdigeranum
1040 1330 1227 1369 codicem
1254 1328 1458 1368 utendum
1480 1340 1602 1366 acce-

196 1397 344 1450 pisset,
398 1410 444 1434 ea
478 1410 583 1448 quae
612 1397 839 1448 interpres,
886 1395 971 1434 sive
1001 1399 1171 1448 propter
1200 1392 1356 1432 codicis
1389 1391 1601 1430 defectum

200 1460 284 1498 sive
320 1459 372 1498 ob
409 1459 508 1498 alias
539 1459 677 1498 nescio
700 1473 800 1511 quas
835 1458 1029 1507 rationes,
1062 1457 1276 1506 omiserat,
1319 1454 1466 1494 vertit:
1512 1465 1598 1491 non

199 1524 340 1576 paucis
363 1523 466 1562 locis
494 1523 617 1575 plane
649 1523 836 1562 insanam
867 1521 1098 1561 versionem
1127 1521 1299 1559 meliore
1327 1517 1521 1558 mutavit:
1551 1529 1600 1555 ea

200 1587 338 1626 omnia
363 1587 440 1626 sub
469 1589 595 1626 finem
627 1586 896 1639 praefationis
918 1585 1095 1625 collecta
1120 1581 1354 1636 proposuit:
1382 1581 1600 1632 Agathiam

198 1652 486 1702 interpolatum
508 1650 730 1701 inscripsit.

306 1714 468 1752 Bellum
491 1713 666 1750 Butilini
684 1741 695 1761 ,
735 1712 916 1764 primum
946 1709 1098 1748 librum
1127 1708 1354 1760 Agathiae,
1399 1707 1597 1748 secundi-

196 1791 278 1830 que
304 1777 491 1823 initium,
531 1790 703 1828 magnus
726 1775 896 1814 Grotius
926 1774 1052 1813 vertit
1082 1773 1123 1811 in
1150 1773 1328 1812 Historia
1350 1772 1596 1822 Gothorum,

196 1840 481 1880 vandalorum
517 1845 558 1877 et
588 1839 976 1890 Longobardorum‚
1013 1837 1240 1876 Amstelod.
1266 1836 1378 1878 1655.
1404 1836 1466 1876 8.:
1505 1848 1596 1873 eam

194 1904 429 1942 versionem
460 1903 553 1941 loco
574 1902 860 1942 Vulcanianae
895 1914 977 1939 non
1009 1900 1208 1953 posuisse,
1239 1906 1444 1952 quatenus
1469 1905 1596 1953 patet,

194 1966 295 2005 licet
320 1966 471 2006 deinde
505 1966 556 2005 ad
580 1966 764 2017 peiorem
791 1963 1055 2004 redeundum
1081 1963 1246 2015 fuisset,
1274 1964 1382 2004 male
1403 1976 1469 2002 me
1491 1976 1595 2016 poe-

193 2030 309 2069 nitet.

300 2095 410 2134 Haec
434 2095 646 2134 hactenus.
681 2094 784 2132 Nam
806 2092 856 2131 de
871 2092 1122 2144 Anthologia
1146 2090 1346 2144 Agathiae
1377 2089 1592 2141 disserere,

193 2156 243 2196 ab
273 2157 354 2196 hoc
384 2158 478 2198 loco
506 2158 693 2210 meisque
727 2156 958 2196 rationibus
984 2155 1158 2195 maxime
1180 2156 1292 2196 foret
1315 2153 1511 2197 alienum.
