1832 3152
369 154 471 208 190
949 154 1221 197 AGATHIAE

168 258 252 293 A.c.
277 255 476 293 555τοῦτο
505 253 550 293 δὲ
577 250 781 305 ἔδρασαν,
822 252 880 300 αἷς
907 246 959 293 ἂν
986 251 1044 307 μὴ
1079 252 1150 308 τὴν
1183 254 1348 296 ἐνθένδε
1384 251 1482 309 ὕλην
1513 254 1552 296 οἱ
1576 257 1764 309 πολέμιοι

235 305 579 370 Ῑ·Ῑ·29πρόχειρον
599 313 780 368 ἔχοντες,
818 315 996 364 εὐκόλως
1022 314 1095 365 τὰς
1120 318 1393 372 ἐπιτεχνήσεις
1415 321 1497 360 τῶν
1517 317 1646 374 ἔργων
1673 334 1765 361 ποι-

355 385 470 420 οῖντο.
499 380 652 432 ἐκείνης
673 381 749 431 μὲν
776 373 849 421 οὖν
874 380 947 433 τῆς
972 380 1129 435 ἡμέρας
1155 381 1275 422 οὐδέν
1294 399 1334 422 τι
1355 382 1631 438 ἀξιαφήγητον
1652 378 1754 424 ἄλλο

256 446 345 491 V·71
363 441 567 497 ἐπράχθη,
595 438 712 495 ἄλλα,
737 442 878 492 νὺκτὸς
911 444 1202 498 ἐπιφοιτώσης,
1240 444 1261 486 ὅ
1285 444 1536 500 Ναχοραγοέν
1557 443 1645 499 ἅμα
1667 451 1752 496 τοῖς

356 505 550 560 πλήθεσιν
570 508 612 555 ἐς
634 506 679 547 τὸ
703 508 981 562 στρατόπεδον
998 508 1204 562 ἐπανῆκεν,
1232 510 1283 563 τῇ
1307 511 1353 550 δὲ
1371 509 1563 567 ὑστεραίᾳ
1583 510 1606 551 ὅ
1632 513 1786 566 Mae-5

317 576 464 618 Βτῖνος
498 568 548 611 τά
593 586 638 611 τε
669 573 749 612 τῶν
788 573 944 612 οἰκείων
977 569 1216 625 φρονήματα
1255 569 1480 626 ἐπιρρῶσαι
1514 571 1761 626 βουλόμενος

354 633 428 674 καί
453 633 549 683 τοὺς
567 634 787 683 ,ἐναντίους
815 636 1031 688 ἐκπλῆξαι,
1069 629 1238 690 ἤθροισε
1263 637 1339 687 μὲν
1364 637 1406 684 ἐς
1437 635 1566 677 ταύτὸ
1596 634 1762 678 ἅπασαν

353 697 430 752 τὴν
461 699 543 740 τῶν
568 698 790 750 ςΡωμαίων
817 697 1032 753 στρατιάν,
1073 699 1129 747 ὥς
1162 699 1278 753 δήτι
1311 699 1391 742 τῶν
1429 698 1640 756 παρόντων
1666 703 1762 756 πέρι

354 759 687 814 διασκεψάμενος·
730 763 918 818 εἷσφοιτᾷ
955 764 1000 803 δὲ
1047 760 1203 818 ἀθρόον
1243 765 1286 811 ἐς
1317 764 1469 816 μέσον,
1518 761 1622 805 οὕτω
1661 763 1762 820 πρὸς

355 826 490 867 αΰτοῦ
514 829 834 880 μεμελετημένον
849 859 862 880 ‚
901 823 1001 882 ἀνήρ
1034 843 1094 875 τις
1122 829 1203 868 τῶν
1234 827 1284 868 οὔ
1307 826 1400 868 λίαν
1421 829 1655 883 γνωριμων,
1693 843 1813 870 κο-ιο

352 892 520 943 νιορτοῦ
546 905 590 930 τε
618 888 846 942 ἀνάπλεως,
890 893 960 932 καὶ
987 886 1070 938 οἷος
1092 891 1136 931 ἐκ
1158 893 1321 946 μακρᾶς
1345 890 1590 946 ὁδοιπορίας,
1607 890 1763 941 εἰκάζε-

354 956 480 1004 σθαι,
516 949 629 1006 ἥκειν
649 969 693 994 τε
715 952 850 1007 ἔλεγεν
875 955 1021 995 αὐτίκα
1043 956 1088 995 ἐκ
1120 955 1374 1007 Βυζαντίου,
1409 956 1480 996 καί
1495 947 1665 1010 γράμμα
1685 956 1762 995 τοῦ

353 1018 554 1069 βασιλέως
580 1018 862 1072 ἐπιφέρεσθαι.
904 1016 1042 1071 λαβὼν
1066 1020 1112 1059 δὲ
1136 1021 1262 1060 τοῦτο.
1279 1015 1558 1071 ἀσμενέστατα
1585 1019 1709 1072 δῆθεν
1738 1016 1762 1058 ὅ

354 1078 600 1134 στρατηγὸς,
639 1081 711 1122 καί
737 1081 940 1134 ιῖνελίξας,
979 1078 1052 1122 οὖκ
1081 1083 1124 1123 ἐν
1153 1080 1367 1138 ἀπορρήτῳ
1391 1083 1488 1123 καθ’
1510 1079 1634 1122 αὑτὸν
1670 1082 1761 1122 οἷνε..

355 1146 512 1196 λέγετο,
542 1144 639 1185 οὐδὲ
666 1145 808 1196 μόνοις
836 1153 919 1194 τοῖς
943 1140 1126 1198 ὄμμασιν
1151 1146 1286 1202 ἡσυχῇ
1314 1145 1430 1188 διϊών
1461 1147 1516 1202 τῷ
1545 1147 1601 1202 νῷ
1630 1146 1812 1199 εἷσῆγει5

353 1206 406 1246 τὰ
432 1210 712 1262 γεγραμμένα,
755 1206 1006 1262 ἄλλ’ἆνεβὸα
1029 1211 1196 1266 λαμπρᾷ
1224 1212 1275 1264 τῇ.
1299 1211 1416 1265 φωνῇ
1429 1243 1441 1261 ,
1479 1209 1536 1257 αἷς
1558 1207 1610 1251 ἂν
1630 1206 1761 1250 ἅπαν-

353 1286 418 1319 τες
439 1272 628 1313 ε’παΐοιεν.
668 1273 738 1313 καί
757 1274 813 1328 τῷ
837 1274 914 1324 μὲν
943 1273 1130 1330 βιβλιδίῳ
1155 1273 1292 1330 ἐκείνῳ
1316 1272 1416 1322 ἴσως
1436 1268 1535 1314 ἄλλο
1565 1289 1607 1315 τι
1630 1273 1761 1326 ἐνεγέ-

314 1350 523 1389 ργραπτο.
558 1330 609 1388 ἦν
638 1337 684 1376 δὲ
713 1333 823 1388 ὅμως
848 1336 899 1376 τὰ
926 1337 1112 1389 βοώμενα
1144 1338 1254 1378 τάδε·
1299 1337 1577 1389 ,,ἐστάλκαμε’ν
1606 1351 1672 1378 σοι
1691 1334 1764 1377 καὶ

356 1395 502 1453 ἑτέραν
537 1398 758 1453 στρατιὰν,
802 1399 850 1440 οὗ
870 1401 1014 1451 μείονα
1047 1402 1121 1454 τῆς
1162 1401 1407 1455 προσούσης·
1443 1400 1577 1442 καίτοι
1613 1401 1653 1442 εἰ
1691 1398 1764 1440 καί

354 1463 490 1518 πολλῷ
509 1461 673 1510 πλείους
696 1461 734 1503 οἱ
757 1465 969 1515 δυσμενεῖς
996 1462 1235 1517 τυγχάνοιεν
1258 1458 1389 1516 ὄντες,
1418 1465 1508 1505 ἀλλ’
1535 1464 1609 1504 οὔκ
1631 1464 1672 1512 ἒς
1694 1479 1818 1508 ’το-αα

353 1527 497 1566 σοῦτον
517 1525 629 1577 ὑμᾶς
649 1526 978 1582 ὖπερβαλοῢνται
1002 1530 1060 1584 τῷ
1084 1527 1255 1582 πλήθει,
1294 1527 1442 1569 ὁπόσον
1473 1528 1590 1581 ὑμεῖς
1614 1530 1664 1584 τῇ
1688 1524 1760 1569 ἇν-

355 1589 474 1646 δρία,
513 1586 618 1631 ὥστε
653 1590 909 1644 συμβήσεται
947 1589 1020 1646 τήν
1056 1608 1100 1633 τε
1126 1589 1336 1646 ὀλιγότητα
1364 1591 1435 1633 καί
1463 1590 1538 1646 τὴν
1565 1591 1760 1647 ἀμετρίαν

353 1654 432 1694 τῶν
464 1651 565 1694 ἴσων
582 1652 641 1707 μὴ
669 1651 953 1710 ἀφεστηκέναι.
983 1654 1040 1704 ὥς
1063 1651 1115 1697 ἂν
1137 1658 1182 1697 δὲ
1199 1657 1305 1710 μηδὲ
1326 1653 1450 1712 ταύτῃ
1471 1657 1614 1696 ε’κεῖνοι
1632 1670 1760 1708 μεγα-

442 1759 476 1791 9.
499 1746 596 1791 πρός
621 1744 658 1792 γ’
679 1745 796 1780 αὐτοῦ
819 1748 909 1792 vulg.
1003 1759 1053 1782 ιο.
1079 1748 1395 1794 μεμελετησμένον
1422 1748 1458 1780 Β.
1555 1747 1605 1782 15.
1634 1746 1684 1792 τῷ
1707 1749 1759 1792 νῷ

441 1804 512 1828 om.
538 1795 577 1826 R.
631 1805 680 1838 ¹9·
706 1794 965 1839 προσηκούσης
992 1794 1032 1828 R.
1100 1796 1154 1828 23.
1179 1795 1229 1827 ἐκ.
1261 1803 1346 1839 μεγ,
1369 1793 1466 1826 ταύτ.
1494 1793 1520 1825 R

352 1874 521 1907 nimirum
557 1873 706 1907 consilio
722 1898 731 1914 ‚
765 1885 812 1906 ne
849 1873 968 1908 hostes
988 1899 998 1915 ‚
1032 1874 1250 1907 comedam
1276 1875 1352 1907 illic
1377 1885 1397 1906 a
1424 1879 1564 1919 tamque
1588 1875 1659 1908 suis
1683 1875 1758 1908 usi-

353 1919 420 1952 bus
447 1920 628 1952 materiam
655 1920 770 1960 nacti‚
802 1920 907 1952 facile
939 1931 1044 1964 opera
1065 1920 1353 1953 machinarentur.
1397 1885 1448 1952 l1320
1477 1920 1598 1964 itaque
1622 1919 1681 1953 die
1701 1921 1759 1953 ni-

353 1964 408 1997 hil
429 1965 528 1998 aliud
554 1970 747 1998 memoratu
782 1964 926 2009 dignum
955 1970 1008 1997 est
1031 1971 1184 2009 gestum3
1206 1971 1309 1998 nocte
1337 1971 1454 1998 autem
1478 1966 1664 2009 ingruente
1685 1965 1759 1998 Na-

354 2010 526 2054 choragan
549 2021 585 2043 se
613 2021 691 2043 cum
725 2012 836 2054 copiis
868 2011 939 2042 suis
964 2011 1003 2042 in
1032 2017 1141 2043 castra
1166 2010 1311 2054 recepit.
1360 2010 1531 2043 Postridie
1558 2021 1640 2043 vero
1665 2011 1760 2044 Μαι-4

354 2057 452 2088 tinus
479 2067 558 2088 cum
587 2067 729 2089 suorum
756 2057 889 2088 animos
925 2057 1127 2089 confirmare
1150 2056 1276 2095 vellet,
1302 2055 1421 2088 hostes
1442 2066 1524 2087 vero
1547 2056 1759 2099 percellere,

353 2101 557 2134 universum
579 2103 815 2134 Romanorum
840 2102 1031 2134 exercitum
1056 2102 1093 2134 in
1118 2111 1227 2134 unum
1247 2102 1377 2144 coegit,
1405 2106 1570 2144 tanquam
1594 2101 1638 2134 de
1656 2112 1760 2145 prae-

355 2147 449 2179 senti
474 2150 593 2179 rerum'
620 2152 711 2179 statu
752 2148 1020 2180 consultaturus.
1079 2147 1274 2180 Confestim
1307 2157 1389 2178 vero
1415 2147 1453 2179 in
1479 2146 1635 2179 medium
1661 2147 1760 2180 venit

355 2191 428 2235 (ita
453 2193 546 2224 enim
560 2191 598 2223 id
625 2194 700 2236 ipse
724 2191 950 2235 procurarat)
973 2192 1026 2223 vir
1072 2191 1189 2224 uidam
1216 2203 1287 2223 non
1306 2191 1493 2224 admodum
1518 2197 1651 2232 notus,
1675 2193 1759 2236 pul-

353 2247 435 2269 vere
461 2237 596 2269 obsitus
628 2237 777 2281 perinde
810 2248 850 2270 ac
878 2238 906 2269 si
934 2243 1026 2270 esset
1048 2204 1290 2282 (ionginquum
1323 2238 1392 2269 iter
1424 2247 1614 2278 emensus;
1657 2236 1686 2269 is
1721 2247 1757 2270 se

355 2288 516 2315 recenter
537 2283 703 2324 Byzantio
731 2283 851 2315 venire
876 2281 1039 2322 dicebat,
1061 2283 1267 2326 litterasque
1292 2281 1335 2314 ab
1361 2282 1574 2326 Imperatore
1601 2281 1758 2324 adferre5

355 2339 442 2373 quas
475 2339 550 2360 cum
585 2327 782 2371 praefectus
821 2328 1057 2361 libentissime
1096 2330 1287 2371 accepisset
1335 2338 1374 2359 ac
1414 2330 1650 2371 resignasset,
1683 2338 1775 2367 non«

355 2384 479 2406 arcane
506 2372 599 2416 apud
624 2383 660 2404 se
691 2374 867 2417 perlegit,
903 2383 1019 2417 neque
1055 2374 1137 2406 solis
1164 2374 1274 2406 oculis
1311 2373 1438 2405 tacitus
1476 2383 1679 2417 percurrens
1718 2373 1757 2404 in

357 2420 474 2451 animo
499 2430 561 2450 suo
591 2428 710 2450 earum
734 2430 902 2451 summam
926 2419 1131 2462 premebat,
1176 2418 1237 2451 sed
1267 2419 1339 2450 alta
1370 2428 1454 2451 voce
1488 2417 1686 2457 recitabat,
1717 2422 1758 2449 ut

358 2475 478 2497 omnes
503 2463 723 2497 exaudirent.
771 2464 814 2496 Et
837 2463 962 2496 libello
990 2464 1132 2508 quidem
1158 2464 1220 2496 illo
1252 2464 1406 2496 fortassis
1432 2463 1529 2496 aliud
1554 2462 1640 2507 quid
1671 2473 1758 2494 con-

355 2509 558 2551 tinebatur;
591 2518 679 2552 quae
706 2519 788 2542 vero
815 2509 1075 2550 recitabantur,
1109 2509 1195 2542 haec
1219 2513 1318 2542 erant
1338 2523 1346 2542 :
1370 2508 1530 2541 Misimus
1553 2507 1622 2540 tibi
1650 2508 1758 2540 etiam

356 2555 466 2587 alium
491 2555 700 2593 exereitum,
733 2565 805 2586 non
826 2555 998 2587 minorem
1025 2566 1066 2587 eo
1091 2566 1197 2599 quem
1219 2554 1349 2595 habes,
1380 2565 1420 2586 ac
1447 2551 1597 2598 proinde
1621 2550 1758 2585 etiamsi

356 2599 477 2633 hostes
505 2600 616 2632 multo
646 2599 718 2632 sint
750 2599 850 2634 vobis
873 2599 991 2643 plures
1010 2624 1020 2640 ‚
1053 2611 1127 2632 non
1155 2605 1339 2644 tantopere
1363 2604 1480 2632 tamen
1503 2608 1565 2632 vos
1591 2597 1757 2630 multitu-

358 2645 442 2678 dine
463 2645 700 2690 superabunt,
731 2650 901 2691 quantum
929 2656 990 2679 vos
1015 2645 1246 2689 fortitudine3
1281 2656 1351 2691 quo
1381 2644 1443 2676 fiet
1468 2647 1509 2675 ut
1530 2642 1703 2687 paucitati
1721 2646 1758 2674 et

358 2692 516 2725 excessui
543 2702 606 2726 sua
633 2691 740 2724 etiam
769 2695 908 2725 constet
929 2690 1135 2736 aequalitas.
1182 2690 1235 2725 Ne
1265 2699 1348 2727 vero
1381 2689 1487 2723 etiam
1507 2686 1577 2722 hoc
1608 2687 1756 2722 nomine
