1722 3146
232 158 332 195 XXX
649 154 886 195 CARMINA
919 156 971 195 ΙΝ
1005 156 1220 195 LAUDEM

421 250 499 290 IN
540 251 950 291 AGATHIAE
999 252 1448 294 HISTORIAM

232 326 259 354 A
282 324 344 355 CL.
369 324 409 354 V.
439 322 761 354 BONAVENTURA
795 324 1015 355 VULCANIO
1035 324 1209 355 GRAECE
1227 326 1278 355 ΕΤ
1298 326 1452 358 LATINE
1470 326 1635 358 EDITAM

463 378 771 411 HIEREMlAS
821 380 1163 412 BASTINGIUS
1197 381 1230 413 S.
1261 381 1300 414 T.
1346 382 1389 415 D.

549 444 599 465 BT
626 443 835 466 commen
861 445 1130 468 Tnnonoclcl
1153 444 1326 470 anemis.

229 521 366 554 Ass-ms
391 520 494 554 debet
517 521 631 553 vitam
651 528 730 566 post
742 519 833 566 fata
857 521 1015 554 Minora:

271 568 508 599 lmmpanmon
533 578 623 598 ovas
649 567 833 599 Historico
855 566 1021 598 Anima.

233 612 361 644 Gloria
388 623 469 644 nam
494 613 612 644 maior
636 619 738 644 tanto
766 619 817 644 est
844 610 1042 658 tibi:ficta
1067 613 1188 646 Poesis

271 659 302 690 A
328 668 418 690 vera
443 664 580 701 quanto
612 658 776 688 vincitur
803 656 979 689 Historia.

227 703 349 735 Macte
373 699 438 734 sed
460 713 480 733 ο
506 703 642 734 virtute
669 709 732 734 tua
757 699 886 734 dilecte
914 701 1101 734 Camoenis

276 749 346 789 Qui
371 747 494 780 clarus
515 747 650 779 volitas
674 745 780 779 docta
802 757 868 790 per
884 758 950 780 ora
977 748 1097 781 virum

226 792 409 830 VnLcAm,
435 801 537 836 quem
563 803 637 823 non
660 792 754 824 ullos
777 792 926 825 subiisse
949 791 1090 825 labores

273 835 443 875 Taeduiz‚
478 845 661 869 aeternum
693 843 732 869 ut
766 838 912 870 viveret
944 838 1128 869 A‘o‘ATnms.

224 883 398 915 Asnaus
423 882 592 925 inquam,
620 882 742 913 Graiis
771 889 812 913 ut
834 883 1000 926 cognitus
1025 883 1110 915 olim

269 927 373 960 Nunc
400 927 522 959 Graiis
544 927 685 970 pariter
709 927 874 972 cognitus
898 935 934 960 et
955 928 1081 960 Latiis.

227 972 287 1005 Sic
311 970 491 1016 quondam
517 970 560 1004 de
584 979 616 1003 te
641 980 692 1004 est
715 973 862 1006 meritus
885 971 1086 1006 doctissime
1109 972 1243 1006 Rhetor-

269 1017 520 1061 Bomanaeque
542 1015 648 1050 decus
671 1016 907 1060 Qum'nmmr.
929 1026 1058 1063 togae,

227 1062 393 1094 Poooms:
418 1061 512 1094 hunc
535 1073 743 1107 quanquam
767 1073 915 1105 superas
937 1063 1003 1096 hoc
1029 1064 1192 1102 nomine,
1217 1063 1316 1097 cultu

273 1104 379 1149 Quod
404 1117 470 1149 per
493 1115 526 1139 te
549 1109 688 1150 gemino
717 1103 904 1152 splendeat
921 1107 1103 1142 Annam.

225 1153 245 1185 1
269 1163 366 1184 nunc
392 1151 501 1184 Momn
527 1162 654 1196 crepa,
681 1159 715 1184 et
736 1153 828 1186 male
853 1164 1001 1198 carpere
1027 1152 1147 1187 desine
1171 1154 1236 1198 qui
1255 1162 1288 1186 te
1313 1160 1364 1188 ete

269 1196 436 1229 Passibus
461 1197 661 1230 innumeris
683 1195 826 1231 doctior
849 1205 883 1231 et
906 1198 1044 1231 melior.

230 1243 296 1276 Vos
319 1249 436 1274 autem
462 1242 631 1274 Pnocssmzs
655 1242 785 1285 quibus
807 1243 896 1276 haee
922 1252 1149 1278 monumenta
1176 1243 1358 1284 dicantur,

274 1288 317 1319 Ut
338 1294 459 1319 vestro
483 1294 653 1319 maneant
677 1295 754 1320 tuta
787 1289 850 1321 sub
875 1289 1038 1332 imperio,

225 1333 330 1365 Hunc
352 1331 533 1365 redamate
560 1333 706 1371 virum,
739 1334 848 1378 tuque
877 1345 897 1366 ο
919 1334 1087 1366 ΒΛΤτΑνιΑ
1112 1333 1230 1376 gaude

271 1377 400 1412 Lucem
425 1387 470 1410 ex
495 1385 528 1411 te
555 1377 728 1410 Animus
751 1377 852 1422 quod
871 1377 1063 1412 redivivus
1088 1379 1204 1413 habet.

616 1520 938 1555 PAULLUS
988 1514 1226 1558 G.F.P.N.

796 1589 1051 1612 MERULA·

225 1645 321 1689 Qum
346 1644 403 1679 hic
429 1655 552 1678 recens
572 1644 758 1688 scriptoris
785 1645 860 1676 orti
884 1644 1063 1676 contuor?

222 1691 345 1724 Proles
368 1691 470 1723 cluor
493 1690 638 1733 Agatlii.
687 1688 822 1720 ominis
846 1694 974 1720 nomen
998 1688 1084 1720 boni
1113 1727 1116 1732 .

225 1734 401 1768 Adnosco.
445 1734 535 1766 Nam
561 1738 624 1778 qui
648 1732 751 1766 audit
775 1733 907 1771 honus,
932 1733 1070 1776 plerum
1095 1732 1277 1772 bonm’st,

226 1781 362 1823 Quique
389 1791 412 1812 a
436 1779 527 1812 bono
552 1787 683 1816 natus,
707 1778 819 1811 bonus
845 1778 908 1810 ille
935 1777 1148 1821 plurumum.

269 1826 378 1858 Lares
401 1824 490 1856 mihi
511 1825 682 1866 Smyrnae
697 1823 867 1867 paterni,
894 1833 987 1867 quae
1013 1822 1113 1855 suum

227 1870 347 1903 Civem
372 1881 443 1902 esse
467 1870 669 1906 Homerum,
691 1869 890 1912 principem
913 1875 1037 1899 vatum
1063 1870 1232 1910 omnium,

223 1917 394 1959 Princeps
413 1915 586 1958 probavit
610 1913 695 1945 olim
719 1921 754 1945 et
777 1920 860 1945 ante
885 1920 1069 1953 caeteras,·

227 1963 324 2002 Quae
348 1961 537 1992 iniverunt
558 1965 757 1996 certamen,
786 1959 886 1990 urbis
909 1959 1094 1992 Graeciae.

224 2007 312 2040 Fere
339 2013 412 2044 est,
439 2013 477 2036 ιιι
499 2003 613 2037 adsim
641 2002 684 2034 ab
710 2003 850 2047 injerae
874 2003 956 2047 ripa
981 2003 1121 2047 Stygis.

272 2053 370 2093 Quae
395 2052 518 2083 Morta
543 2057 576 2082 te
599 2049 727 2092 pressit
738 2048 895 2092 fizvissis
920 2048 1063 2081 circites

224 2096 328 2130 Mille
349 2096 568 2140 ampliusque
591 2093 807 2126 obliviosis?
827 2093 983 2137 ploxeno

227 2143 326 2182 Quae
351 2141 440 2173 Fors
462 2142 612 2176 silente,
639 2137 739 2171 docte
754 2139 904 2183 foetus,
933 2146 965 2170 te
994 2138 1141 2172 obruit?

226 2184 451 2219 Incommodo
477 2184 641 2230 maloque
664 2182 830 2216 maxumo
855 2183 1034 2222 omnium,

228 2230 339 2264 Cordi
361 2231 490 2275 quibus
511 2240 689 2269 curaeque
711 2237 810 2274 gesta
834 2240 927 2274 quae
951 2236 1060 2275 reiro.

274 2276 483 2309 Immanitas
513 2274 722 2308 Gotthorum
745 2282 779 2307 et
801 2276 1013 2306 Hunnorum
1026 2274 1117 2320 flra

223 2320 309 2356 Med
335 2321 524 2354 aeviterno
546 2320 774 2364 manciparat
796 2319 961 2361 carceri,-

227 2369 291 2405 Ut,
322 2364 503 2411 quidquid
524 2378 546 2398 α
558 2365 658 2411 satis
685 2364 774 2396 mihi
795 2365 896 2397 vitae
921 2374 1046 2408 super,

223 2404 422 2455 Inglorium
446 2419 533 2443 esset
555 2416 663 2454 atque
686 2409 812 2455 squale
833 2408 1031 2442 sordidum.

268 2458 313 2489 At
337 2455 429 2488 unde
455 2463 592 2489 tantum
613 2455 835 2488 saevitatis?
855 2455 1049 2492 luctuum,

228 2501 359 2544 Quibus
386 2511 450 2534 nec
476 2511 631 2546 unquam
644 2499 741 2545 finis
767 2508 857 2533 esset
881 2510 946 2533 nec
968 2499 1117 2540 modus,

228 2549 386 2580 Causam·
402 2551 453 2578 me
478 2547 535 2579 eis*
551 2546 793 2578 certissumum
816 2554 978 2589 moneret
991 2547 1079 2590 jore

224 2593 357 2636 chata
381 2599 516 2630 vatum,
541 2603 628 2634 quos
651 2589 822 2631 aelirum,
852 2589 975 2624 dictio.

225 2637 384 2669 Immersi
405 2637 498 2669 enim
522 2635 665 2669 crudele
688 2647 885 2669 moerorum
911 2646 1029 2673 mare,

227 2682 276 2715 Et
301 2683 460 2720 conscii,
488 2692 580 2726 quae
605 2693 678 2714 non
699 2682 805 2716 semel
825 2681 943 2724 passi,
975 2681 1119 2726 iugum;
