1794 3112
505 139 906 184 -HISTomARmi
946 144 999 182 11.
1025 146 1096 188 20.
1472 135 1491 170 1
1503 135 1574 189 07

140 249 340 302 ἕναντώις
364 248 435 289 ἐπὶ
459 246 513 302 τῇ
532 246 614 288 τῶν
644 243 805 286 οἰκείων
831 241 1059 300 προδοσίᾳ,
1088 239 1161 283 καὶ
1187 239 1326 296 λάθρα
1348 237 1504 291 ἐξάγειν
1533 235 1583 277 τὰ
1593 245 1685 280 As„
1702 244 1770 305 553

141 312 368 371 ἇπόρῥητα,
396 307 512 354 οὗτοι
537 313 583 353 δὲ
611 308 659 352 τὸ
691 313 769 364 μὲν
803 310 973 365 ἀτρεκὲς
995 309 1071 350 οὐκ
1082 306 1344 362 ἐγίγνωσκον·
1374 302 1580 361 (ἂσφαλέ-
1596 294 1717 330 Ῑ·Ῑ·2δ

139 394 269 422 στατα
295 376 373 434 γὰρ
394 375 439 420 τό
463 376 676 431 βούλευμα
701 375 950 431 ἐκρύπτετο,
979 376 1054 415 καί
1082 373 1179 414 οὐδὲ
1205 374 1248 420 ἐς
1274 368 1461 419 ἅπαντας
1484 366 1582 416 τοὺς

140 443 362 500 φιλτάτους
381 445 600 500 ἐξέπιπτε·)
630 443 771 496 μόνοις
791 443 836 484 δὲ
857 447 943 490 τοῖς
962 442 1007 483 ἐν
1032 442 1089 498 τῷ
1110 437 1239 495 ὁμίλῳ
1267 437 1583 492 περιαγομένοις

110 510 439 566 5ἒξηπατημὲνοι
469 515 558 559 τοϊς
580 508 813 562 ιΡωμαίοις
837 505 1092 562 διήγγελλον.
1137 502 1175 545 οἱ
1211 505 1258 544 δὲ
1285 501 1442 560 ῥαδίως
1471 499 1584 542 ἐπεί-

133 579 281 630 θοντο,
311 575 362 616 οὐ
394 577 608 629 τοσοῦτον,
631 572 760 628 οἶμαι,
791 575 842 629 τῇ
863 572 1057 632 ἅγγελιζι,
1089 568 1242 613 ὁπόσον
1265 570 1323 626 τῷ
1344 567 1582 625 βουλομένῳ

135 643 211 697 τῆς
235 639 415 697 γνώμης·

249 705 295 749 κ’.
352 706 501 756 Εύθύς
525 705 577 762 δή
604 701 677 749 οὖν
697 705 743 748 τὸ
767 706 936 761 ἐνεργόν
962 720 1006 747 τε
1033 702 1109 745 καὶ
1131 700 1327 744 σύντονον
1357 699 1430 753 τῆς
1453 712 1586 754 φρον-

137 771 250 823 τίδος
289 773 610 827 ύποχαλῶντες,
649 772 790 813 οὐκέτι
822 771 916 812 λίαν
950 770 1105 826 ἀκριβῆ
1140 765 1212 822 τήν
1245 762 1438 822 φυλακήν
1472 764 1626 805 §noc-c

89 841 278 881 ῐοοῦντο.
307 838 444 893 ὄλιγαι
465 854 511 879 τε
541 838 846 896 παρῳχήκεσαν
875 836 1058 892 ἡμέραι,
1099 835 1171 876 καί
1204 832 1226 874 ὅ
1251 829 1507 887 Μερμερόης
1533 827 1591 876 ὦς

139 902 189 959 δή
207 902 414 959 τεθνηκώς
440 904 727 958 ἀπηγγέλλετο.
757 901 932 958 ἔκρυπτε
952 900 1032 957 γὰρ
1059 897 1209 942 ἑαυτὸν
1231 896 1273 946 ἔς
1295 912 1337 938 τι
1362 893 1590 948 δωμάτιον,

142 968 202 1018 ὥς
222 967 421 1023 καῖπαροὶ
440 974 527 1017 τοῖς
546 967 814 1016 οἰκειοτάτοις
840 965 962 1022 τήνδε
979 967 1145 1021 νικῆσαι
1169 963 1246 1019 τήν
1269 959 1407 1014 δόξαν.
1427 958 1520 1002 τότε
1537 957 1588 1014 δή

139 1030 216 1085 οὖν
241 1033 315 1076 καί
337 1036 498 1087 μᾶλλον
527 1039 615 1082 τοῖς
633 1034 869 1086 Ῥωμαίοις
898 1029 1095 1088 περιττόν
1123 1047 1164 1073 τι
1197 1026 1334 1071 ε’δόκει
1366 1024 1591 1083 ἀγρυπνεῖν

137 1115 184 1142 τε
214 1098 288 1141 καί
317 1096 493 1140 ἑπιπολῦ
520 1100 830 1140 διαπονεῖσθαι.
860 1096 933 1140 καί
962 1096 1104 1139 τοίνυν
1137 1096 1335 1149 μεθέντες
1363 1092 1440 1142 τὰς
1473 1107 1592 1147 περι-

90 1163 316 1222 ι5φράξεις
339 1163 411 1206 καί
429 1162 504 1220 τήν
516 1165 560 1207 ἐν
578 1163 740 1213 τούτοις
763 1161 1024 1219 ἀπεργασίαν
1036 1197 1049 1216 ,
1079 1163 1123 1212 ἐς
1151 1160 1197 1204 τὸ
1226 1157 1444 1213 ἆνειμένον
1467 1157 1592 1210 μετέ-

137 1233 313 1286 βαλλον,
353 1227 585 1284 παννύχιόν
622 1246 668 1273 τε
695 1229 972 1278 καθεύδοντες
1011 1227 1087 1270 καί
1123 1228 1166 1277 ἐς
1193 1224 1269 1275 τὰς
1293 1223 1489 1273 ἐπαύλεις
1511 1223 1595 1263 τῶν

140 1296 282 1351 οἷγρῶν
323 1295 617 1350 διαιτώμενοι,
666 1294 738 1337 καί
773 1291 866 1337 οὕτε
903 1292 1190 1342 κατασκόπους
1230 1290 1446 1344 ἔστελλον,
1496 1283 1595 1331 οὔτε

141 1356 242 1402 ἄλλο
261 1378 304 1402 τι
323 1360 537 1416 ,ἔπρασσον
558 1363 642 1403 τῶν
665 1359 853 1403 δεόντων.
884 1356 1018 1419 ᾦόντο
1044 1358 1122 1415 γὰρ
1154 1356 1210 1407 ὥς
1235 1358 1311 1399 οὐκ
1343 1351 1393 1398 ἄν
1424 1371 1522 1397 ποτε
1554 1353 1595 1397 οἱ

141 1426 338 1482 Πέρσαι,
368 1422 674 1481 ἀστρατήγητοι
713 1427 842 1481 δῆθεν
879 1423 1114 1480 γεγονότες,
1144 1425 1209 1465 ἐπ’
1239 1421 1398 1471 αὖτοὺς
1428 1418 1632 1476 ἥξουσι,1)

88 1492 298 1541 2ομᾶλλον
312 1492 392 1543 μὲν
410 1485 487 1531 οὖν
509 1490 582 1532 καί
601 1491 660 1540 ὦς
673 1488 931 1547 πορῥωτοέτω
960 1491 1225 1546 φευξοῦνται.
1250 1491 1387 1530 ταῦτα
1411 1489 1457 1530 δὲ
1473 1485 1597 1542 γνούς

147 1555 173 1596 o‘
209 1553 473 1612 Μερμερόης
511 1554 793 1598 ἅνακαλύπτει
828 1555 1078 1605 ἐξαπιναίως
1111 1552 1183 1596 τόν
1228 1551 1353 1597 δόλον
1394 1552 1468 1595 καί
1505 1555 1598 1596 ἐπι-

149 1622 346 1677 φαίνεται
376 1627 462 1669 τοῖς
482 1622 676 1678 Πέρσαις
710 1621 855 1671 ὁποῖος
892 1620 965 1663 καί
994 1620 1221 1677 πρότερον,
1266 1621 1340 1661 καί
1359 1617 1513 1671 εὐθὺς,
1539 1617 1598 1668 ὥς

236 1706 268 1728 2.
294 1691 336 1727 δὲ
365 1705 437 1732 om.
467 1695 505 1727 R.
651 1702 702 1730 ii.
731 1694 768 1732 ἔς
791 1707 830 1729 τι
855 1692 1050 1742 δωμάτιον
1074 1696 1112 1728 R.
1139 1698 1177 1727 et
1195 1695 1307 1739 Intpr.
1334 1693 1376 1726 in
1403 1690 1595 1726 domicilio

236 1739 410 1788 quodam,
435 1740 500 1774 ἐπὶ
524 1739 616 1788 δωμ.
641 1742 738 1787 vulg.

142 1803 207 1836 diu
232 1803 529 1846 supervicturum.
578 1804 684 1838 Porro
709 1804 762 1837 rei
789 1804 902 1848 ipsius
920 1804 1054 1837 veritas
1076 1815 1156 1845 eos,
1182 1804 1245 1850 qui
1269 1814 1396 1847 operas
1421 1814 1502 1836 suas
1526 1800 1596 1835 ho-

140 1850 258 1883 stibus
291 1850 412 1883 locant
443 1851 596 1884 consilia
628 1862 775 1884 suorum
798 1851 986 1896 prodendo
1013 1857 1050 1884 et
1072 1863 1201 1884 arcana
1225 1851 1426 1884 clanculum
1452 1850 1596 1894 patefa-

143 1896 292 1936 ciendo,
316 1897 464 1930 latebat.
514 1897 790 1931 Accuratissime
816 1899 914 1931 enim
939 1899 1132 1931 consilium
1158 1898 1357 1937 celabatur,
1383 1903 1420 1931 ct
1444 1893 1490 1930 ne
1515 1908 1596 1928 cum

141 1942 367 1976 amicissimis
400 1942 550 1989 quidem
583 1944 935 1988 communicabatur3
962 1945 1048 1978 solis
1079 1956 1162 1978 vero
1189 1944 1409 1984 rumoribus,
1437 1944 1501 1988 qui
1528 1954 1598 1987 per
1642 1973 1646 1978 .

141 1989 418 2023 multitudinem
442 1992 805 2032 circumferebantur,
832 1992 989 2037 decepti,
1014 1991 1053 2024 id
1079 1992 1248 2025 Romanis
1275 1992 1503 2032 nuntiarunt3
1529 1991 1596 2036 qui

142 2035 291 2082 quidem
316 2037 422 2070 facile
450 2043 535 2071 sunt
557 2040 739 2082 persuasi,
765 2050 839 2072 non
871 2045 959 2080 tam,
991 2039 1159 2080 arbitror,
1183 2038 1338 2079 nuntio,
1362 2049 1468 2084 quam
1495 2036 1596 2084 quod

142 2081 183 2116 id
204 2082 359 2116 maxime
385 2090 480 2118 esset
504 2095 549 2117 ex
573 2086 733 2129 ipsorum
759 2087 871 2120 animi
897 2087 1088 2119 sententia.

237 2140 291 2164 20.
326 2129 458 2164 Statim
482 2131 606 2177 itaque
629 2138 833 2166 accuratam
859 2133 961 2165 illam
985 2133 1268 2179 continuamque
1293 2143 1413 2165 curam
1428 2132 1594 2165 laxantes

144 2186 187 2208 ac
211 2175 456 2218 remittentes,
479 2179 622 2223 segnius
649 2180 830 2213 custodias
856 2179 1022 2225 agebant.
1072 2180 1195 2212 Paucis
1228 2185 1311 2222 post
1341 2179 1471 2212 diebus
1495 2179 1595 2212 Mer-

143 2232 283 2255 meroes
307 2223 418 2257 etiam
442 2231 595 2258 mortem
621 2225 756 2260 obiisse
782 2227 985 2261 nuntiatur.
1036 2226 1237 2259 Occulebat
1261 2226 1359 2258 enim
1386 2237 1423 2259 se
1449 2227 1527 2271 ipse
1553 2227 1595 2261 in.

145 2267 303 2314 quadam
333 2269 572 2313 domuncula,
596 2273 686 2306 adeo
714 2279 756 2306 ut
781 2273 891 2306 etiam
916 2273 1013 2317 apud
1039 2274 1188 2306 intimos
1220 2284 1367 2306 suorum
1397 2273 1595 2307 familiari-

143 2326 206 2347 um
230 2325 271 2347 ea
297 2316 420 2359 opinio
444 2318 615 2357 valuerit.
662 2320 754 2353 Tum
782 2330 865 2353 vero
894 2326 931 2353 et
963 2320 1112 2366 quidem
1144 2320 1256 2364 magis
1292 2330 1594 2364 supervacaneum

143 2362 342 2395 visum.est
364 2363 533 2397 Romanis
559 2366 731 2411 vigilare,
764 2377 1067 2409 supervacaneum
1102 2367 1266 2411 ingentes
1300 2367 1443 2400 labores
1478 2369 1593 2400 susci-

143 2418 240 2452 pere.
292 2407 470 2452 Quocirca
503 2413 642 2445 omissis
668 2413 743 2445 illis
779 2413 1090 2446 obstructionibus
1125 2414 1298 2446 itinerum
1334 2419 1371 2446 et
1394 2415 1592 2455 laboribus,

145 2465 238 2498 quos
262 2453 348 2487 huic
375 2456 476 2498 operi
501 2457 780 2501 impendebant,
810 2460 856 2493 ad
882 2461 1065 2493 remissius
1089 2460 1236 2493 vivendi
1268 2471 1378 2504 genus
1412 2467 1496 2494 sunt
1532 2461 1591 2494 di-

143 2500 260 2544 lapsi,
285 2500 418 2533 solidas
445 2509 568 2537 noctes
593 2505 830 2547 dormientes,
855 2507 894 2539 in
918 2507 1015 2540 villis
1042 2507 1274 2552 praediisque
1300 2507 1490 2551 degentes,
1523 2519 1592 2541 ne-

145 2557 217 2592 que
242 2547 485 2591 speculatores
510 2551 741 2593 emittebant,
766 2564 834 2586 nec
858 2555 1051 2599 quicquam
1078 2565 1212 2594 eorum,
1237 2564 1328 2598 quae
1354 2555 1392 2587 in
1427 2566 1502 2587 rem
1532 2555 1595 2599 ip·-

151 2604 272 2626 sorum
298 2599 429 2634 essent,
464 2595 626 2639 agebant.
685 2599 953 2633 Pei-suadebant
984 2601 1083 2633 enim
1116 2600 1206 2640 sibi,
1239 2601 1360 2632 Persas
1393 2601 1484 2634 duce
1519 2602 1594 2634 sive

143 2639 329 2683 praefecto
367 2640 525 2682 orbatos,
549 2654 780 2690 nequaquam
811 2647 850 2679 in
881 2658 918 2680 se
944 2648 1082 2686 ituros,
1118 2647 1207 2691 quin
1230 2648 1352 2689 potius
1377 2658 1485 2692 quam
1509 2649 1594 2682 lon-

147 2686 291 2729 gissime
326 2686 514 2731 fugituros.
572 2690 671 2723 Haec
701 2703 785 2725 vero
819 2693 884 2726 ubi
927 2695 1095 2738 cognovit
1128 2693 1367 2733 Mermeroes‚
1402 2690 1593 2730 confestim

146 2731 273 2767 dolum
299 2731 449 2779 detegit,
473 2746 514 2768 ae
526 2736 639 2771 Persis
663 2737 773 2772 talem
790 2750 842 2782 se,
870 2741 986 2786 qualis
1006 2745 1113 2775 antea
1132 2739 1262 2780 fuerat,
1280 2739 1466 2775 visendum
1489 2753 1593 2789 prae-
