1794 3112
611 139 987 184 msTomARmu
1015 144 1078 183 11.
1105 145 1173 190 31.
1499 118 1604 175 133

162 248 248 291 τῶν
272 245 518 298 Ῥωμαϊκῶν
541 243 666 300 ὁρίων
678 277 691 297 ,
731 243 904 298 αὐτίκα,
945 239 1054 286 οὕτω
1081 242 1327 300 παρασχὸν,
1366 243 1438 284 καὶ
1457 241 1710 283 τεθνά-Α.(ἶ.
1725 247 1794 292 554

163 302 255 366 ται,
291 306 320 367 ἢ
333 312 524 365 μένοντες
552 308 666 366 παρὰ
694 310 888 365 Πέρσαις
916 311 999 352 τῶν
1019 309 1222 364 μεγίστων
1245 309 1379 366 γερῶν
1397 310 1607 362 μεταλαγ-
1616 296 1643 328 Ῑ·
1657 294 1744 329 1⁶²8

161 378 319 434 χάνειν.
348 373 458 419 οὕτω
476 392 520 419 τε
547 374 727 425 ἅπαντες
753 375 892 417 οἴκαδε
917 375 1212 431 α’πενόστησαν,
1238 373 1407 431 χαίρειν
1431 371 1608 423 εἰπὸπες

160 445 214 501 τῇ
235 443 310 485 roi?
326 443 547 498 βαρβάρου
580 440 800 499 φιλοξενίᾳ.
838 441 1056 483 ἀπώναντο
1085 442 1135 483 δὲ
1167 436 1281 493 ὅμως
1303 440 1377 495 τῆς
1394 439 1608 494 ἐκδημίας,

134 505 239 554 ὄικῖκ
263 511 310 552 ἐν
337 512 498 564 βραχεῖ
513 525 596 550 τινι
624 506 696 548 καί
718 503 984 564 ἧμελημένῳ,
1015 507 1108 548 ἄλλ’
1127 503 1226 548 ὅθεν
1249 506 1392 555 αὐτοῖς
1413 501 1435 546 ὅ
1459 505 1609 560 ἐφεξῆς

159 577 250 631 βίος
272 575 331 624 εἰς
350 571 395 615 τὸ
415 574 604 629 θυμῆρές
623 588 666 614 τε
694 574 767 614 καί
793 568 964 627 ἥδιστον
985 571 1317 627 ἀπετελεύτησεν.
1359 567 1502 623 ἐπειδὴ
1526 567 1605 624 γὰρ
1623 573 1649 606 Β

161 645 251 684 κατ’
273 641 402 685 ἐκεῖνο
418 642 495 680 τοῦ
509 638 662 694 χρόνου
687 636 907 691 “Ρωμαῑόί
919 653 963 680 τε
985 636 1058 679 καί
1075 639 1247 692 Πέρσαι
1265 634 1444 685 σπονδὰς
1466 633 1608 676 ἔθεντο

161 705 235 749 καί
252 704 472 759 ξυνθήκας,
500 705 626 760 μέρος
653 699 814 758 ὑπῆρχε
838 703 920 745 τῶν
945 704 1034 744 κατ’
1055 700 1190 752 αὐτὰς
1213 697 1610 757 ἆναγεγραμμένων,

160 771 207 814 τὰ
243 772 330 813 δεῖν
357 771 540 818 ἐκείνους
570 766 668 817 τοὺς
710 763 867 823 ἄνδρας
895 769 954 817 εἰς
981 765 1033 808 τὰ
1059 768 1242 823 σφέτερα
1277 762 1359 822 ἤθη
1393 764 1610 813 κατιόντας

110 835 366 892 ιοβιοτεύειν
398 834 535 883 ἀδεῶς
567 831 758 875 τολοιπὸν
783 835 853 888 ἐφ’
879 830 1067 885 ἑαυτοῖς,
1097 833 1221 874 οὐδὲν
1240 831 1380 874 ὁτιοῦν
1403 831 1510 886 πέρα
1526 830 1609 870 τῶν

160 899 396 943 δοκούντων
417 905 613 956 φρονεῖν,
652 894 680 953 ἢ
709 897 984 952 μεταβάλλειν
1009 896 1083 953 τὴν
1106 894 1300 954 πατρῴαν
1330 894 1455 945 δόξαν
1482 895 1609 948 ἀναγ-

158 967 424 1019 καζομένους.
465 963 514 1006 οὗ
539 963 619 1020 γὰρ
645 964 795 1019 ἀνῆκεν
819 962 843 1005 ὅ
867 962 1062 1019 Χοσρόης
1085 963 1146 1019 μὴ
1173 961 1272 1016 οὗχί
1300 963 1373 1003 καί
1395 959 1468 1003 ἐπὶ
1502 960 1610 1018 τῷδε

157 1032 364 1086 συστῆναι
388 1031 462 1072 καί
479 1035 648 1086 κρατεῖν
676 1028 751 1085 τὴν
778 1029 1025 1085 ἐκεχειρίαν.
1062 1031 1224 1083 λέγεται
1251 1029 1298 1069 δὲ
1330 1027 1474 1076 αὐτοῖς
1505 1023 1609 1067 κατοξ

156 1094 232 1152 τὴν
252 1093 504 1152 ἆποπορείαν
541 1094 782 1149 θαυμάσιόν
816 1112 859 1137 τι
884 1094 1026 1150 ἡλίκον
1063 1096 1136 1136 καί
1169 1095 1332 1149 μνήμης
1363 1087 1477 1144 ἄξιον
1510 1095 1608 1142 ξυν-

111 1162 396 1217 ιόενεχθῆναι.
446 1152 751 1211 καταλύσαντες
779 1159 858 1218 γὰρ
891 1163 938 1203 ἑν
960 1161 1075 1218 ἀγρῷ
1107 1177 1190 1202 τινι
1221 1159 1445 1216 Περσικῷ,
1488 1157 1651 1198 ewra-c

159 1243 287 1270 σαντο
317 1229 440 1280 σῶμα
474 1226 617 1283 νεκρὸν
649 1223 873 1284 ἀνθρώπου
906 1227 1155 1278 νεοθανοῦς,
1195 1222 1300 1266 οὕτω
1335 1240 1422 1274 πως
1449 1218 1611 1279 ἔταφον

159 1288 426 1348 ἐρ’ριμμένον.
464 1293 502 1334 οἱ
527 1295 573 1335 δὲ
599 1291 673 1348 τὴν
695 1294 962 1347 παρανομίαν
986 1293 1060 1333 τοῦ
1086 1291 1346 1346 βαρβαρικοῦ
1373 1287 1504 1342 νόμου
1536 1305 1611 1329 κα-

160 1355 419 1414 τελεήσαντες
432 1393 445 1411 ,
481 1357 554 1400 καί
579 1358 660 1412 οὔχ
682 1354 794 1400 ὅσιον
821 1355 926 1399 εἶναι
946 1358 1162 1412 ἡγούμενοι
1183 1357 1384 1411 περιϊδεῖν
1409 1353 1455 1395 τὸ
1478 1355 1606 1409 μέρος

159 1421 439 1480 ἀδικουμένην
467 1422 542 1480 τὴν
569 1424 723 1479 φύσιν,
755 1423 1038 1479 περιέστειλάν
1070 1438 1112 1463 τε
1143 1419 1189 1462 τὸ
1218 1421 1341 1473 σῶμα
1372 1419 1430 1468 ὥς
1453 1414 1539 1460 οἷόν
1563 1435 1605 1460 τε

109 1484 214 1546 κοῆν
232 1484 311 1531 Υδιοὶ
334 1493 417 1531 ταῖν
443 1486 728 1545 θεραπόντων,
765 1489 837 1530 καί
861 1490 909 1545 τῇ
932 1490 982 1545 γῇ
1005 1486 1323 1541 καταχώσαντες
1345 1483 1524 1537 ἔθαψαν.
1555 1481 1610 1532 ὥς

162 1556 209 1598 δὲ
241 1554 464 1597 ἐκάθευδον
496 1551 675 1604 ἅπαντες
712 1555 870 1609 ἐκείνης
906 1551 1176 1610 τῆςγνυκτὸς,
1223 1549 1338 1601 ἔδοξέ
1367 1567 1428 1599 τις
1454 1549 1609 1602 αὐτῶν,

258 1667 313 1694 12.
350 1655 414 1689 ἐπὶ
444 1656 537 1703 τῷδε
571 1659 632 1699 Β.,
670 1656 734 1692 ἐπὶ
776 1659 827 1702 τῷ
860 1658 952 1702 vulg.
1079 1680 1084 1687 .
1139 1668 1193 1702 ¹9·
1222 1653 1316 1689 Ante
1348 1651 1390 1687 τό
1426 1653 1535 1697 σῶμα
1570 1653 1607 1685 R.

254 1714 321 1737 ms.
350 1705 426 1738 καὶ.

160 1790 226 1823 ille
255 1799 315 1822 eos
346 1787 556 1830 adamabat,
596 1795 708 1836 utque
734 1796 921 1824 manerent
948 1790 1116 1835 rogabat3
1142 1790 1211 1835 ipsi
1244 1801 1326 1824 vero
1355 1791 1464 1837 magis
1496 1802 1539 1824 ex
1569 1802 1606 1824 re

160 1848 225 1870 aua
243 1846 320 1870 esse
342 1836 550 1877 censebant,
574 1837 604 1868 si
625 1837 682 1870 vel
712 1837 878 1870 immissis
902 1843 1039 1871 tantum
1061 1839 1099 1869 in
1127 1838 1364 1871 Romanorum
1391 1840 1478 1871 fines
1500 1839 1607 1883 pedi—

161 1883 242 1924 bus,
265 1882 398 1923 statim,
426 1884 456 1916 si
481 1883 530 1916 ita
555 1895 620 1916 usu
644 1884 798 1925 veniret,
817 1891 1058 1926 morerentur,
1087 1895 1196 1929 quam
1217 1884 1245 1916 si
1270 1886 1366 1930 apud
1388 1886 1507 1917 Persas
1531 1897 1608 1918 ma·-

161 1934 290 1963 nentes
311 1929 538 1973 amplissimis
551 1929 751 1964 honoribus
768 1933 1010 1977 praemiisque
1030 1932 1260 1966 afficerentur.
1288 1932 1407 1977 Atque
1420 1932 1469 1964 ita
1485 1943 1608 1965 omnes
1644 1959 1648 1963 .

163 1975 310 2013 domum
338 1975 548 2017 redierunt,
574 1976 719 2010 barbari
746 1979 837 2022 regis
863 1977 1114 2023 hospitalitate
1134 1979 1252 2011 valere
1282 1979 1387 2011 iussa.
1438 1979 1608 2011 Fructum

162 2026 285 2056 tamen
305 2033 350 2056 ex
374 2033 416 2056 ea
432 2024 726 2068 peregrinatione
748 2025 950 2058 retulerunt
968 2026 1006 2058 in
1029 2037 1066 2058 re
1093 2026 1241 2058 minime
1272 2026 1408 2070 vulgari
1434 2031 1497 2058 aut
1519 2037 1607 2058 con-

163 2069 379 2112 temnenda,
405 2069 467 2103 sed
492 2069 588 2103 unde
616 2072 667 2104 eis
688 2071 857 2115 deinceps
879 2071 1140 2106 iucundissime
1171 2083 1234 2116 per
1265 2083 1407 2105 omnem
1432 2073 1542 2104 vitam
1572 2076 1609 2104 et

165 2126 210 2148 ex
231 2115 342 2149 animi
369 2117 547 2150 sententia
575 2117 694 2150 vivere
725 2118 840 2151 licuit.
889 2118 980 2152 Cum
1013 2120 1110 2152 enim
1142 2129 1207 2163 per
1235 2118 1273 2151 id
1298 2124 1438 2163 tempus
1459 2118 1608 2151 Romani

163 2166 202 2195 et
219 2163 342 2196 Persae
363 2173 486 2206 pacem
506 2175 547 2196 ac
570 2164 698 2197 foedus
713 2165 808 2198 inter
831 2176 908 2198 sese
930 2166 1164 2210 pepigissent,
1189 2164 1280 2198 haec
1302 2167 1412 2198 etiam
1434 2164 1472 2197 in
1491 2166 1606 2209 pactis

164 2209 326 2242 conditio
349 2211 602 2243 continebatur
616 2235 625 2250 ,
651 2211 749 2255 quod
765 2211 832 2244 viri
854 2212 909 2243 illi
929 2211 973 2244 ad
998 2225 1077 2245 suas
1106 2211 1207 2245 sedes
1232 2213 1363 2244 reversi
1386 2213 1474 2244 citra
1493 2213 1607 2245 ullum

163 2260 300 2289 metum
320 2255 358 2288 in
377 2262 560 2300 posterum
587 2257 639 2290 ibi
657 2257 786 2302 degere
808 2264 975 2302 possent,
1010 2271 1128 2304 neque
1151 2260 1344 2304 quicquam
1375 2269 1481 2303 quam
1510 2258 1607 2304 quod

163 2301 362 2347 probarent
383 2305 516 2337 sentire
542 2309 604 2336 aut
634 2306 786 2348 patriam
809 2305 1020 2349 opinionem
1052 2312 1188 2339 mutare
1220 2310 1451 2350 cogerentur.
1480 2304 1608 2349 Neque

165 2348 262 2381 enim
289 2350 498 2393 permittere
518 2351 636 2383 voluit
659 2350 836 2384 chosroes
851 2377 860 2392 ,
885 2353 974 2396 quin
996 2351 1063 2385 hac
1082 2353 1190 2385 etiam
1210 2352 1248 2384 in
1274 2358 1374 2396 parte
1396 2356 1500 2396 pacta
1520 2363 1607 2384 eon-

163 2399 302 2428 starent
332 2399 480 2440 rataque
509 2401 638 2430 essent.
689 2397 817 2430 Fertur
850 2409 934 2431 vero
967 2399 1006 2430 in
1040 2410 1163 2432 eorum
1198 2398 1318 2431 reditu
1362 2397 1611 2431 admirandum

164 2441 256 2487 quid
277 2446 313 2474 et
330 2447 527 2475 memoratu
555 2443 700 2488 dignum
719 2444 770 2476 eis
789 2444 970 2477 accidisse.
1022 2445 1111 2478 Cum
1141 2445 1238 2478 enim
1277 2446 1314 2477 in
1342 2456 1424 2489 agro
1456 2443 1612 2489 quodam

162 2489 305 2522 Persico
325 2489 636 2532 conquiescerent,
662 2492 861 2535 conspicati
883 2497 968 2524 sunt
984 2492 1134 2525 cadaver
1156 2490 1313 2524 hominis
1333 2495 1497 2523 recenter
1515 2501 1616 2522 mor-

164 2536 220 2568 tui
252 2534 442 2579 neglectim
480 2536 532 2568 ita
563 2535 788 2570 inhumatum
817 2537 1007 2571 abiectum.
1058 2539 1152 2572 Tum
1186 2538 1243 2570 illi
1273 2537 1481 2570 barbaricae
1525 2536 1614 2582 legis

164 2580 398 2660 iniquitatem
432 2581 693 2623 commiserati,
719 2588 756 2616 et
779 2595 1009 2630 nequaquam
1045 2595 1200 2630 aequum
1234 2595 1312 2617 esse
1344 2587 1556 2623 censentes,
1583 2585 1613 2616 si

164 2638 234 2673 neg
250 2629 390 2672 igetent
409 2632 572 2660 naturam
597 2639 641 2661 ex
661 2634 763 2673 parte
784 2630 919 2664 iniuria
943 2633 1124 2671 affectam,
1151 2634 1396 2664 contexerunt
1418 2633 1460 2662 ut
1482 2634 1613 2674 potue—

165 2679 252 2708 runt
263 2685 330 2719 per
348 2674 530 2708 ministros
548 2673 707 2715 cadaver,
732 2679 896 2723 terraque
928 2678 1216 2711 contumulantes
1247 2676 1479 2721 sepelierunt.
1538 2675 1614 2709 No-

169 2724 226 2755 cte
259 2732 342 2759 vero
370 2720 454 2763 ina,
487 2720 749 2758 dormientibus
777 2723 847 2757 iam
876 2723 1066 2766 omnibus,
1095 2724 1192 2761 visus
1235 2727 1290 2757 est
1325 2723 1613 2764 eorumfncscio
