1832 3152
594 131 976 174 kus'rORlAle
1006 134 1059 174 v.
1091 137 1134 180 9.
1333 157 1335 159 .
1517 113 1632 189 295

280 237 353 278 0².
387 232 562 279 Ἐκείνου
596 236 677 287 μὲν
718 232 796 289 γὰρ
837 234 913 275 τοῦ
953 235 1162 288 χειμῶνος
1197 235 1249 278 ἐν·
1273 237 1418 278 τοῖσδε
1449 232 1476 291 ἦ
1517 233 1640 285 πόλις
1653 246 1740 282 A,G‚
1761 249 1826 296 55η

171 301 398 357 ἐτύγχανεν
414 294 535 353 οὖσα,
558 302 633 343 καί
655 295 814 342 ἅπασιν
837 298 910 342 ἐπὶ
928 301 1124 350 πλείστας
1145 298 1308 358 ἡμέρας
1331 299 1529 344 σείεσθαί
1541 318 1630 352 πως
1644 296 1671 328 Ῑ·
1688 294 1769 334 [31

172 367 310 411 ἐδόκει
338 365 387 409 τὸ
409 364 592 422 ἔδαφος,
633 364 708 410 καί
730 367 867 408 ταῦτα
899 366 1111 424 ἀτρεμοῦν
1143 361 1226 423 ἤδη
1249 367 1323 410 καί
1348 369 1631 422 πεπαυμένον.

170 432 346 477 ἔναυλον
368 429 450 488 γὰρ
485 437 582 485 ταῖς
603 436 768 487 ψυχαῖς
791 431 906 488 ὖπῆρ
909 448 960 486 χε
993 431 1040 474 τὸ
1075 431 1236 486 πάθος,
1274 436 1348 476 καί
1366 433 1536 487 ὑποψία
1563 435 1631 477 ἐν.

142 501 302 545 ὄέκειτο
331 499 606 542 ὗποθολοῧσα
630 497 678 541 τὸ
713 496 1002 552 λογιζόμενον.
1042 498 1064 541 ὅ
1089 501 1136 541 δὲ
1161 499 1362 553 βασιλεῦς
1391 498 1525 542 πολλὰ
1547 501 1632 542 τῶν

170 565 516 620 οἰκοδομημάτων
547 563 600 607 τοὶ
632 566 711 618 μὲν
741 562 885 620 σαθρὰ
915 566 988 606 καί
1020 564 1182 620 ἀσθενῆ
1210 566 1482 621 γεγενημένα,
1530 563 1657 610 ἐνιαΒ

169 633 217 674 δὲ
238 625 319 686 ἤδη,
348 629 421 674 καί
452 627 834 683 καταπεπτωκότα,
874 630 1138 687 ἐπανορθοῦν
1173 631 1386 687 ἐπειρᾶτο.
1422 632 1632 688 ἑπεφρόν-

167 712 286 740 τιστο
319 697 367 738 δέ
395 695 434 738 οἱ
457 697 502 745 ἐς
519 694 572 738 τά
606 695 793 750 μάλιστα
829 692 851 736 ὃ
885 697 1081 750 μέγιστος
1132 699 1208 739 τοῦ·
1231 697 1348 740 Θεοῦ
1371 694 1488 746 νεώς·
1529 699 1630 738 τοῦ..

168 778 242 805 τον
272 764 320 805 δὲ
342 760 542 820 πρότερον
564 764 865 819 ἐμπρησθέντα
896 761 979 804 ὑπὸ
1007 765 1082 805 τοῦ
1109 761 1272 819 δήμου,
1313 762 1486 820 σφόδρα
1510 779 1631 820 περι-

118 831 288 886 ιοφανῆ
314 828 388 871 καί
410 827 655 882 θαυμάσιον
683 828 828 885 ἡλίκον
856 829 902 870 ἐκ
934 827 1111 885 βάθρων
1148 828 1291 872 αὖτῶν
1318 827 1393 872 καὶ
1418 831 1634 885 κρηπίδων

169 895 456 952 ἄνεδομήσατο
469 929 483 948 ‚
509 896 715 950 μεγέθους
740 910 785 936 τε
815 895 1030 951 ὑπερβολῇ
1058 898 1131 938 καί
1156 893 1377 950 σχήματος
1402 894 1633 954 εὐπρεπείᾳ

169 964 243 1007 καὶ
261 961 446 1020 ποικιλία
468 959 688 1016 μετάλλων
710 960 1008 1017 ἐπικοσμήσας·
1035 956 1172 1018 ἤρεψε
1194 963 1241 1004 δὲ
1267 959 1400 1004 αὐτὸν
1440 962 1486 1003 ἐκ
1515 959 1635 1003 πλίν-

167 1030 252 1070 θου
277 1026 405 1083 ὀπτῆς
437 1027 511 1070 καὶ
533 1026 731 1080 τιτάνου,
761 1028 981 1081 πολλαχοῦ
1008 1029 1081 1070 καί
1104 1029 1264 1086 σιδήρῳ
1290 1025 1527 1083 συνδήσας,
1558 1024 1632 1079 ξύ-

168 1099 258 1144 λοις
285 1110 330 1136 τε
362 1090 511 1149 ἥκιστα
551 1091 820 1149 χρησάμενος
829 1127 842 1147 ‚
895 1090 952 1142 ὥς
977 1088 1028 1134 ἂν
1055 1094 1206 1149 μηκέτι
1230 1091 1498 1135 εὖκολώτατα
1524 1110 1633 1149 πυρ-

119 1162 349 1206 ιὸπολοῦτο.
401 1159 634 1213 Ἀνθέμιος
670 1161 718 1202 δὲ
749 1153 800 1216 ἦν
830 1154 954 1209 οὗτος
981 1161 1154 1213 ἐκεῖνος,
1197 1155 1250 1202 οὗ
1283 1158 1334 1214 δή
1360 1158 1513 1215 ἀρτίως
1537 1160 1633 1201 ἒπε-

166 1225 388 1283 μνήσθην,
433 1225 458 1268 ὅ
491 1227 644 1269 ἕκαστα
681 1223 1036 1282 μηχανησάμενος
1065 1225 1139 1268 καί
1171 1222 1497 1282 δημιουργήσας.
1536 1223 1633 1268 τότε

159 1295 217 1342 ,δὲ
256 1291 388 1335 αὐτὸν
424 1290 508 1334 ὗπό
531 1294 611 1334 τοῦ
646 1292 796 1334 κλόνου
830 1290 878 1334 τὸ
909 1291 1162 1346 μεσαίτατον
1202 1293 1329 1349 μέρος
1362 1292 1435 1347 τῆς
1469 1291 1635 1347 ὄροφῆς

168 1361 244 1402 καί
265 1355 430 1402 ἅπαντα
457 1356 722 1415 ὑπερβάλλον
758 1355 1097 1414 ἁποβεβληκότα,
1137 1355 1392 1401 ἐπεσκεύασέ
1425 1373 1471 1400 τε
1502 1351 1669 1407 αὖθιςῦ

170 1423 192 1468 ὃ
220 1424 420 1480 βασιλευς
459 1422 736 1480 βεβαιότερον,
773 1426 846 1466 καί
873 1425 945 1466 ἐπὶ
981 1426 1127 1477 μεῖζον
1157 1420 1270 1477 ὕψος
1313 1425 1451 1480 ἐξῆρε·
1498 1422 1637 1466 καίτοι

115 1489 393 1545 ΒοἈνθέμιος
417 1493 497 1545 μὲν
525 1490 770 1533 ἐκπλείστου
804 1491 1020 1545 ἐτεθνήκει
1034 1524 1047 1543 ‚
1082 1486 1294 1544 Ἰσίδωρος
1322 1491 1369 1530 δὲ·
1394 1488 1415 1531 ὃ
1446 1490 1537 1538 νέος
1559 1488 1635 1530 καί

172 1556 212 1600 οἱ
236 1551 358 1599 ἄλλοι
388 1554 679 1612 μηχανοποιοὶ
706 1553 754 1597 τὰ
792 1555 997 1612 πρότερον
1030 1556 1074 1597 ἐν
1103 1553 1271 1604 ἑαυτοῖς
1304 1552 1638 1610 ἄναθεωρήσαν-

169 1638 240 1673 τες
257 1624 428 1679 σχῆμα,
479 1624 554 1664 καί
579 1624 638 1679 τῷ
669 1622 891 1680 σωζομένῳ
923 1619 968 1664 τὸ
993 1619 1203 1671 πεπονθὸς
1237 1619 1381 1662 ὁποῖόν
1412 1636 1458 1662 τε
1479 1615 1531 1676 ἦν
1561 1622 1636 1665 καί

266 1736 301 1769 7.
327 1721 395 1766 ἤδη
421 1723 487 1756 καὶ
513 1723 569 1764 Β.,
592 1722 658 1755 καὶ
687 1720 755 1764 ἤδη
779 1721 876 1767 vulg.
974 1721 1098 1756 ἐπέων
1121 1719 1333 1774 φρόντιστο
1344 1722 1382 1755 R.
1403 1731 1471 1767 pro
1494 1719 1630 1767 ἐπεφρ.

266 1770 319 1815 14.
343 1771 478 1816 μηκέτι
505 1771 542 1803 R.
569 1775 607 1803 et
631 1770 742 1814 Intpr.
771 1780 817 1804 ne
844 1767 889 1805 de
914 1776 1036 1805 cetero
1061 1773 1144 1811 etc„
1167 1780 1220 1815 μη
1246 1768 1344 1814 vulg,

263 1885 297 1918 9.
347 1872 414 1906 Per
429 1871 531 1906 hanc
546 1874 643 1906 enim
665 1871 825 1906 hiemem
855 1871 956 1905 hisce
977 1872 1081 1905 malis
1102 1871 1226 1905 civitas
1248 1869 1506 1916 premebatur,
1531 1869 1637 1903 inco-

170 1918 293 1966 lisque
319 1919 489 1952 omnibus
511 1931 577 1965 per
599 1920 734 1953 multos
759 1919 837 1952 dies
858 1920 1005 1953 concuti
1023 1918 1142 1952 adhuc
1162 1919 1412 1964 pavimentum
1430 1915 1638 1956 videbatur,

171 1967 319 2000 tametsi
345 1967 514 2012 quietum
542 1968 615 2000 iam
651 1965 892 2012 sedatumque
926 1971 1030 2000 esset.
1087 1966 1275 1999 insederat
1312 1966 1412 1999 enim
1449 1962 1641 1995 hominum·

173 2014 307 2046 animis
337 2011 408 2047 hoc
442 2014 597 2055 malum,
623 2018 661 2047 et
695 2013 852 2058 suspicio
883 2013 923 2046 in
949 2014 1002 2046 eis
1026 2011 1167 2046 radices
1194 2017 1326 2058 egerat,
1363 2009 1642 2044 ratiocinationi

174 2060 344 2094 tenebras
357 2061 560 2095 offundens.
590 2062 794 2106 Imperator
810 2071 894 2093 vero
914 2060 1031 2093 multa
1046 2059 1228 2100 aedificia,
1274 2070 1342 2092 uae
1353 2057 1490 2103 partim
1507 2056 1640 2089 vitium

177 2106 362 2148 fecerant,
390 2109 523 2152 partim
543 2109 618 2142 iam
644 2111 872 2147 corruerant,
900 2107 1102 2141 instaurare
1127 2106 1253 2140 adnite
1281 2111 1371 2138 atur.
1422 2103 1653 2148 Praecipuae·

178 2159 302 2188 autem
325 2164 430 2187 curae
457 2155 529 2200 ipsi
554 2161 630 2189 erat
655 2154 950 2200 augustissimum
977 2153 1077 2190 illud
1104 2153 1175 2187 Dei
1211 2152 1398 2198 templum.
1448 2150 1528 2184 Hoc
1554 2160 1640 2183 vero

180 2205 288 2234 antea
305 2201 445 2245 aplebe
461 2213 686 2242 succensum,
703 2201 810 2235 valde
833 2201 1068 2246 conspicuum
1087 2206 1124 2234 at
1154 2211 1198 2234 ue
1220 2197 1475 2234 admirandum
1491 2196 1536 2230 ab
1552 2196 1641 2242 ipsis

180 2247 428 2281 fundamentis
470 2248 600 2282 iterato
659 2252 906 2289 exstruxerat,
958 2213 1295 2293 magnitudinisque
1339 2245 1557 2279 excellentia
1606 2247 1644 2276 et

178 2294 316 2327 formae
339 2292 471 2332 decore
496 2300 534 2328 et
553 2295 725 2329 varietate
761 2295 993 2328 metallorum
1013 2295 1175 2328 ornatius
1196 2293 1377 2336 reddens3
1402 2291 1518 2325 cinxit
1549 2300 1636 2322 vero

180 2340 221 2374 id
243 2341 363 2386 ipsum
389 2353 434 2375 ex
453 2343 567 2376 latere
593 2347 694 2376 cocto
718 2345 756 2375 et
776 2342 894 2383 calce,
920 2353 1014 2387 quae
1039 2342 1171 2387 passim
1196 2342 1292 2376 ferro
1314 2341 1412 2374 inter
1433 2349 1470 2371 se
1488 2336 1643 2380 colliga-

180 2392 258 2428 rat,
294 2388 403 2432 lignis
430 2400 665 2436 nequaquam
690 2400 800 2428 usus,
834 2400 882 2422 ne
915 2389 1089 2422 facillime
1119 2387 1367 2433 conflagraret.
1425 2383 1642 2418 Anthemius

179 2445 266 2468 vero
293 2433 354 2467 hie
377 2435 455 2480 ipse
477 2441 565 2477 erat,
583 2437 684 2469 cuius
717 2436 826 2481 paulo
862 2441 946 2469 ante
967 2437 1193 2470 mentionem
1219 2435 1303 2477 feci,
1337 2435 1405 2479 qui
1435 2430 1581 2475 singula
1605 2433 1645 2462 et

183 2481 380 2515 artificiose
413 2483 641 2527 excogitabat
674 2487 712 2516 et
754 2487 992 2516 exstruxerat.
1051 2483 1146 2516 Tum
1177 2493 1264 2516 vero
1302 2480 1461 2514 mediam
1488 2476 1643 2510 maxime

179 2528 297 2572 ipsius
318 2529 408 2561 tecti
422 2534 560 2572 partem
586 2530 795 2574 collapsam,
823 2541 991 2575 quaeque
1016 2529 1213 2562 altitudine
1230 2528 1365 2567 omnia,
1384 2535 1479 2572 quae
1498 2532 1646 2556 corrue-

183 2581 275 2608 rant.
302 2575 521 2620 superabat,
549 2576 751 2620 Imperator
772 2577 967 2610 firmiorem
987 2575 1169 2616 reddidit,
1196 2580 1233 2608 et
1253 2576 1292 2607 in
1312 2574 1486 2607 maiorem
1514 2570 1644 2604 altitu·-

183 2621 308 2656 dinem
327 2623 486 2655 sustulit.
534 2621 655 2668 Atque
675 2622 892 2655 Anthemius
916 2623 1066 2668 quidem
1095 2624 1167 2655 iam
1200 2620 1338 2655 dudum
1368 2618 1524 2652 obierat.
1575 2617 1647 2650 Isi-

181 2667 292 2702 <lorus
315 2674 438 2702 autem
453 2669 580 2702 iunior
596 2669 739 2714 aliique
760 2669 976 2703 fabricarum
991 2674 1185 2703 structores
1208 2667 1368 2712 priorem
1386 2666 1426 2700 in
1443 2663 1648 2708 semetipsis

182 2715 338 2748 formam
366 2717 660 2760 contemplantes
675 2740 686 2756 ,
712 2721 750 2749 et
777 2727 822 2750 ex
845 2727 902 2756 eo,
927 2717 1028 2762 quod
1059 2716 1242 2760 integrum
1267 2717 1467 2752 manserat,
1490 2710 1530 2745 id
1546 2709 1647 2756 quod

186 2762 359 2797 affectum
380 2768 458 2797 erat
495 2762 605 2810 quale
670 2767 787 2806 essct,
823 2762 984 2811 quidque
1023 2762 1104 2796 vitii
1135 2761 1323 2794 habuisset
1366 2762 1647 2808 cognoscentes,
