1832 3152
268 123 374 179 so&
706 177 710 180 ,
804 140 1072 182 AGATfflAE

77 252 115 286 A.
141 253 180 285 c.
199 243 414 297 556φειδοῖ
457 241 532 281 ’τοῦ
582 238 748 289 παιδὸς,
783 239 854 280 καί
890 242 967 281 τῶν
1015 241 1159 282 κοινῶν
1209 242 1278 294 τῆς
1323 243 1558 295 κηδεμονίας
1602 257 1667 283 νοι-

141 299 204 333 1.1.
219 299 262 332 30
269 304 421 357 μίμων,

373 367 444 419 κζ’.
493 369 663 408 Ἐκείνου
707 369 753 408 δὲ
783 370 1049 423 τεθνηκότος,
1094 370 1362 424 Οὕαραράνης
1394 369 1418 410 ὅ
1448 367 1538 418 υἱὸς
1567 385 1667 425 προ-

268 431 368 480 στάς
397 434 470 486 τῆς
503 432 657 486 ἀρχῆς,
707 433 893 487 εἰσβολὴν
931 437 1006 485 μὲν
1046 432 1148 475 κατὰ
1178 435 1399 485 εΡωμαίων
1441 434 1666 488 πεποίηται·

269 499 414 552 φιλίως
441 498 487 536 δὲ
514 493 640 537 αὐτὸν
665 499 737 538 καί
757 497 988 552 ὑφειμένως
1013 500 1092 540 τῶν
1122 500 1164 538 ἐν
1184 504 1269 545 τοῖς
1299 497 1425 551 ὅριὀις
1442 497 1692 552 ἱδρυμένων5

235 561 505 615 (ἶστρατηγῶν
540 563 895 614 προσδεξαμένων,
939 561 961 602 ὃ
991 564 1035 602 δὲ
1065 563 1213 602 θᾶττον
1241 561 1448 616 ἀπηλλάγη
1459 594 1471 613 ,
1509 562 1581 602 καί
1611 562 1668 610 εἰς

260 623 335 678 την
356 623 534 678 ὑπήκοον
561 626 780 679 ἐπανῆκεν,
817 621 912 667 οὔτε
936 626 1269 680 προσπολεμησας
1299 630 1380 674 τοῖς
1403 626 1549 677 πέλας,
1577 619 1667 667 οὗτε

262 684 394 736 ἄλλως
420 688 493 742 τὴν
525 688 668 743 χώραν
701 688 928 742 σινάμενος.
968 688 1094 732 εἴκοσι
1121 692 1167 731 δὲ
1195 690 1397 744 κρατήσας
1433 689 1663 742 ἑνιαυτοὺς,

262 753 523 806 παραδίδωσι
555 751 630 806 τὴν
649 756 858 806 βασιλείαν
884 755 1114 810 Ἰσδιγέρδῃ
1139 754 1303 809 θατέρῳ
1341 753 1398 807 τῷ
1420 753 1550 808 οἶκειῖρ
1573 767 1670 792 παι-

267 817 310 857 δί
320 849 333 867 ,
370 811 403 873 ᾧ
425 814 472 869 δν)
497 815 642 871 χρόνος
667 819 709 859 ἐν
732 821 782 873 τῇ
810 821 998 875 βασιλεία
1031 816 1234 872 διηνύσθη
1257 818 1357 858 ἐτῶν
1386 813 1721 868 ἓπτακαίδεκα,ιο

265 879 338 920 καί
369 881 508 933 μηνῶν
542 878 672 934 δήπου
709 880 922 936 τεττάρων.
994 880 1183 937 Περόζης
1217 882 1262 922 δὲ
1280 883 1370 933 μετ’
1389 880 1539 921 ἐκεῖνον
1571 875 1671 920 οἶνοι-

269 945 477 985 dammae
499 946 716 997 βασιλεὺς,
757 943 862 1000 οἷνὴρ
884 950 1100 1001 τολμητίας
1131 947 1208 998 μὲν
1233 940 1336 999 ἄγαν
1370 943 1441 985 καὶ
1459 941 1671 1000 φιλοπόλε-

267 1022 367 1059 μος,
407 1008 479 1048 καί
504 1007 604 1063 πρὸς
631 1007 677 1055 τὸ
706 1010 982 1065 μεγαλουργὸν
1002 1012 1074 1064 τῆς
1105 1008 1266 1063 γνώμης
1291 1005 1356 1049 oisc·
1386 1009 1672 1063 τετραμμένος·

268 1073 447 1128 λογισμῷ
472 1074 516 1113 δὲ
537 1074 695 1130 στεῤῥῷ
720 1076 790 1115 καί
821 1074 1007 1130 βεβηκότι
1034 1073 1081 1115 οὗ
1104 1074 1215 1127 μάλα
1235 1075 1393 1128 ἐχρῆτο·
1423 1069 1528 1113 ἄλλα
1551 1073 1672 1113 πλέον

267 1131 320 1189 ἦν
358 1133 467 1191 αὐτῷ
503 1138 576 1178 τοῦ
599 1140 896 1191 βουλευομένου
934 1138 979 1180 τὸ
1008 1141 1230 1193 θρασῦνον.
1276 1134 1460 1178 ἀπόλωλε
1492 1133 1543 1191 δὴ
1585 1129 1725 1187 οὖν,ιὸ

234 1199 378 1246 Βκατοὶ
405 1201 483 1242 τῶν
513 1203 789 1256 Νεφθαλιτῶν
821 1203 1142 1257 ἐπιστρατεύσας
1152 1235 1164 1254 ,
1212 1202 1258 1243 οὖ
1285 1203 1496 1252 τοσοῦτον,
1544 1196 1672 1251 οἶμαι,

263 1266 319 1319 ,τῇ
346 1262 460 1320 ῥώμῃ
492 1266 572 1306 τῶν
601 1267 808 1318 δυσμενῶν
836 1266 984 1309 ὁπόσον
1018 1268 1065 1322 τῇ
1090 1266 1245 1308 οἴκοθεν
1267 1262 1454 1321 ἀκοσμίᾳ·
1483 1265 1573 1306 δέον
1594 1261 1671 1318 γὰρ

271 1328 394 1368 αὖτὸν
425 1327 502 1369 σὺν
535 1331 591 1383 τῷ
623 1330 806 1384 ἀσφαλεῖ
830 1329 933 1371 κατὰ
961 1329 1035 1384 τῆν’
1066 1329 1260 1382 πολεμίων
1301 1328 1566 1384 πορεύεσθαι,
1600 1326 1675 1374 τὰς

271 1389 449 1446 οἷδήλους
473 1391 692 1445 ἐπιβουλὰς
726 1395 1102 1447 προδιασκοποῧντα
1135 1392 1206 1433 καί
1227 1390 1548 1448 φυλαττόμενον,
1576 1389 1598 1432 ὅ
1629 1391 1675 1431 δὲ

271 1458 439 1509 λέληθεν
478 1452 626 1497 ἑαυτὸν
653 1457 840 1511 ἐνέδραις
876 1457 1028 1512 ἀθρόον
1058 1456 1285 1512 περιπεσών
1313 1455 1384 1497 καὶ
1408 1454 1577 1511 βάθροις
1605 1456 1725 1496 miso

272 1520 475 1574 διώρυξιν,
506 1521 575 1560 ἐπὶ
597 1520 791 1574 μήκιστον
808 1524 879 1563 τοῦ
902 1520 1044 1562 πεδίου
1068 1519 1171 1576 πρὸς
1191 1519 1234 1562 τὸ
1263 1517 1468 1575 ἀπατηλὸν
1487 1535 1676 1574 μεμηχα-

272 1585 483 1637 νημέναις,
527 1579 658 1624 αὐτοῦ
689 1583 843 1641 τεισῦν
878 1587 924 1641 τῇ
955 1587 1126 1642 στρατιᾷ
1161 1582 1365 1640 διεφθάρη
1399 1583 1583 1640 τετάρτῳ,
1607 1584 1678 1624 καὶ

276 1648 444 1703 εἰκοστῷ
470 1649 543 1702 τῆς
561 1649 773 1701 βασιλείας
795 1650 982 1706 ἐνιαυτῷ,
1010 1650 1080 1690 καὶ
1104 1649 1295 1690 καταλύει
1318 1647 1385 1690 τὸν
1402 1647 1494 1701 βιόν
1509 1643 1675 1698 ἀκλεῶς,

363 1751 391 1773 ι.
416 1739 481 1771 Pro
507 1737 724 1784 κηδεμονίας
739 1741 777 1773 R.
810 1738 1054 1775 παιδοποιΐας
1080 1739 1171 1779 (scil,
1195 1738 1426 1784 adoptionis),
1447 1739 1556 1783 Intpr.
1581 1749 1674 1772 com·

363 1785 571 1818 manibusve
598 1785 722 1818 liberis
745 1784 982 1830 procreandis
1005 1793 1038 1818 et
1058 1785 1203 1829 legibus.
1296 1786 1326 1821 5.
1353 1784 1472 1828 ὁρίοις
1484 1785 1520 1816 R.
1535 1808 1546 1824 ,
1574 1782 1676 1829 ὅροις

361 1829 454 1874 vulg.
599 1841 629 1873 7.
655 1829 941 1874 προπολεμήσας
974 1832 1010 1862 R.
1042 1835 1077 1862 et
1105 1830 1237 1873 Lugd,‚
1269 1829 1331 1862 sed
1364 1830 1423 1862 hic
1452 1831 1490 1862 in
1525 1840 1590 1873 mg.
1625 1830 1674 1862 ἴσ,

362 1875 683 1920 προσπολεμῆσας.
812 1877 861 1909 15.
884 1875 1153 1920 βουλευομένου
1170 1876 1210 1912 Β.
1257 1874 1366 1919 Lugd,
1397 1886 1464 1920 mg.
1497 1880 1534 1908 et
1555 1875 1675 1919 Intpr„

364 1921 593 1966 βουλομένου
625 1921 717 1965 vulg.
808 1932 860 1956 20.
888 1920 1037 1966 ἀθρόως
1059 1922 1098 1953 R.

277 2004 423 2038 nevolus
450 2009 486 2037 et
509 2005 697 2048 pacificus,
724 2005 795 2037 sive
829 2005 880 2037 ita
903 2012 983 2036 casu
1008 2003 1197 2043 acciderit,
1231 2003 1303 2036 sive
1339 2012 1458 2035 revera
1483 2002 1587 2034 etiam
1619 2011 1675 2034 re—

278 2057 400 2095 spectu
423 2052 549 2094 pueri,
577 2055 612 2083 et
638 2050 874 2082 communium
899 2050 1088 2082 curationis
1114 2048 1299 2092 pupillaris
1322 2048 1448 2092 legum.

371 2107 424 2139 27.
472 2096 540 2128 Illo
563 2106 644 2128 vero
669 2100 829 2135 mortuo,
856 2095 1047 2127 vararanes
1073 2095 1165 2126 filius
1199 2105 1275 2126 cum
1303 2097 1479 2137 praeesset
1504 2091 1676 2136 imperio,

279 2140 543 2185 expeditionem
567 2140 710 2186 quidem
734 2141 771 2173 in
797 2141 967 2172 Romanos
985 2140 1091 2179 fecit,
1116 2139 1178 2171 sed
1197 2150 1274 2171 cum
1290 2139 1389 2171 illum
1411 2137 1592 2182 praefecti,
1614 2137 1675 2181 qui

278 2187 318 2218 in
345 2186 474 2218 finibus
502 2190 612 2226 erant,
638 2186 747 2218 amice
778 2185 987 2230 placideque
1012 2185 1267 2228 suscepissent,
1303 2186 1379 2228 ipse
1412 2185 1530 2216 statim
1561 2193 1675 2215 reces-

278 2232 336 2271 sit,
362 2231 452 2264 etad
465 2242 526 2263 sua
544 2243 580 2263 sc
604 2232 744 2274 recipit,
769 2242 884 2275 neque
901 2231 996 2263 bello
1023 2230 1192 2269 finitimis,
1206 2241 1320 2276 neque
1343 2234 1522 2272 praeterea
1547 2227 1675 2260 damno

279 2277 355 2309 ullo
381 2277 471 2321 agris
497 2287 615 2308 eorum
645 2277 755 2309 illato.
804 2276 962 2321 Cumque
989 2287 1096 2308 annos
1123 2276 1249 2319 viginti
1283 2279 1478 2319 regnasset,
1503 2272 1675 2317 Isdigerdi

281 2322 384 2355 alteri
408 2333 470 2354 suo
502 2322 575 2354 filio
611 2333 755 2365 regnum
789 2321 918 2363 tradit,
953 2322 1013 2366 qui
1045 2332 1121 2352 cum
1147 2332 1188 2353 eo
1232 2321 1331 2353 annis
1370 2319 1609 2363 septendecim
1641 2321 1678 2349 et

280 2367 460 2400 mensibus
483 2367 623 2399 circiter
647 2372 797 2411 quatuor
829 2371 919 2399 esset
942 2367 1098 2410 potitus:
1125 2365 1266 2399 Perozes
1299 2371 1379 2410 post
1405 2366 1505 2398 illum
1528 2375 1588 2396 rex
1613 2362 1676 2395 dc-

282 2413 454 2452 claratur,
483 2411 536 2445 vir
569 2413 754 2445 temerarie
781 2412 896 2444 audax
927 2417 962 2444 et
989 2412 1162 2443 bellorum
1189 2411 1359 2454 cupidus,
1384 2415 1420 2443 et
1452 2409 1679 2455 magnificen-

282 2459 371 2492 tiam
403 2469 540 2502 semper
567 2468 651 2500 prae
677 2468 712 2490 se
744 2457 897 2498 ferebat,
931 2458 1053 2490 solidis
1085 2462 1200 2489 autem
1242 2458 1398 2501 tutisque
1432 2454 1587 2488 consiliis
1605 2464 1678 2486 non

283 2503 475 2536 admodum
507 2502 694 2545 utebatur,
718 2503 779 2534 scd
814 2503 891 2546 plus
929 2503 967 2535 in
1004 2514 1045 2534 eo
1077 2507 1151 2534 erat
1188 2501 1355 2534 audaciae
1387 2511 1489 2548 quam
1527 2499 1675 2532 consilii.

282 2549 393 2582 Periit
413 2550 532 2594 itaque
548 2549 583 2580 in
597 2546 824 2592 expeditione
842 2547 1004 2580 adversus
1026 2547 1241 2592 Nephtalitas
1255 2558 1326 2580 non
1340 2552 1420 2587 tam,
1445 2546 1605 2583 arbitror,
1620 2554 1679 2576 ro·-

281 2594 369 2627 bore
383 2594 537 2627 hostium
550 2604 653 2638 quam
671 2603 732 2626 sua
751 2594 957 2626 temeritate.
985 2593 1071 2625 Cum
1090 2594 1184 2626 enim
1205 2597 1382 2636 oporteret
1398 2592 1513 2634 ipsum
1530 2595 1607 2624 tuto
1617 2599 1679 2632 per
1699 2595 1704 2600 ’

283 2639 446 2672 hostilem
464 2640 640 2684 regionem
659 2638 862 2683 procedere,
883 2638 1034 2672 occultas
1050 2638 1194 2670 insidias
1211 2637 1474 2682 praevidentem
1489 2641 1525 2669 et
1536 2644 1680 2680 praeca·—

282 2690 434 2726 venoem,
451 2684 576 2720 horum
590 2694 670 2718 mira
691 2685 850 2729 neglecta
868 2685 1051 2722 confestim
1065 2688 1102 2718 in
1123 2683 1268 2718 insidias
1283 2682 1432 2725 incidit;
1457 2682 1565 2728 inque
1586 2690 1680 2714 ecro-
