1832 3152
354 125 455 179 186
926 152 1198 197 AGATfflAE

155 249 243 283 A.c.
261 250 326 285 555
343 240 466 284 ἱστῶν
489 240 757 299 οἷνιμηθειοας
798 249 870 290 καὶ
898 253 1143 305 βεβαιότατα
1173 258 1470 312 αἰωρουμένας,
1521 259 1578 308 αῖς
1596 253 1744 317 ’πολλῷ

198 297 227 341 J·
244 297 269 329 ¹·
287 308 331 340 29
348 307 506 359 α’νέχειν
525 308 577 348 τά
593 313 746 365 μεγέθη
765 315 844 354 τῶν
856 317 1020 370 πύργων
1041 319 1112 368 καὶ
1124 322 1446 377 ὑπερφέρεσθαι.
1461 318 1544 366 ἇνω
1557 326 1602 366 δὲ
1618 339 1743 380 στρω-

341 373 485 412 τιῶται
509 372 763 429 εἱστήκεσαν,
793 381 864 419 καί
890 383 970 422 τῶν
998 386 1159 425 ναυτῶν
1183 384 1324 427 ὁπόσοι
1354 385 1574 444 εὐθαρσεῖς
1602 405 1647 430 τε
1675 388 1747 430 καί

343 439 681 494 πολεμικώτεροι,
708 440 803 490 τόξα
819 459 862 484 τε
885 447 1078 500 φέροντες
1109 448 1178 489 καί
1197 450 1443 505 σφενδόνας,
1482 450 1670 507 μηχανάς
1698 468 1743 493 τε

342 498 560 554 ἑκηβόλους
608 506 841 560 ἐνθέμενοι,
893 509 994 563 πρὸς
1027 511 1074 552 τὸ
1117 513 1278 568 ἐνεργὸν
1313 510 1390 570 ἤδη
1430 518 1766 569 ἐσκευασμέναςιό

304 561 446 608 Roma*
479 567 557 624 γὰρ
583 569 654 611 καί
684 571 820 626 ἕτεραι
845 575 936 627 νῆες
964 573 1032 615 διὰ
1067 579 1142 616 τοῦ
1171 581 1359 630 ποταμοῦ
1394 577 1638 635 ἀνηγμέναι,
1676 582 1747 626 ἐπὶ

335 629 509 687 θάτερον
529 635 653 688 μέρος
675 632 876 690 παρῆσαν,
906 633 939 695 ᾧ
957 637 1006 692 δη
1036 641 1298 696 Βαλεριανὸς
1324 642 1566 698 ἐφειστήκει,
1604 640 1744 699 ὄμοιόζ

335 712 438 736 τατα
465 702 554 746 ταῖς
587 693 733 747 ἄλλαις
769 701 1059 756 ἐξηρτυμέναι,
1099 704 1156 752 ὥς
1193 701 1245 746 ἂν
1277 704 1532 762 ἑκατέρωθεν
1557 710 1596 750 οἱ
1623 714 1743 753 πολέ-

333 776 422 811 μιοι
441 761 484 811 ἐξ
503 762 754 816 ὑπερδεξιῶν
775 765 1016 817 βαλλόμενοι
1040 764 1354 824 ἆποκρούοιντο,
1391 775 1669 825 πελασείοντες
1691 777 1742 830 τῇ

333 825 560 883 πολιορκίᾳ.
588 823 688 868 ὥστε
717 829 761 870 δὲ
781 831 937 880 ταύτας
958 830 1007 886 δὴ
1028 832 1101 881 τὰς
1135 834 1179 874 ἐν
1205 835 1264 890 τῷ
1281 838 1446 892 ποταμῷ
1468 839 1574 886 ναῦς
1586 835 1782 893 {innovato

333 885 415 928 ὖπό
443 904 516 929 του
548 891 846 947 πημαίνεσθαι,
907 898 1198 951 Δαβραγέζας,
1235 893 1389 954 ’Ἀντης
1411 899 1539 956 ἀνὴρ,
1576 903 1744 958 ταξίαρ-

332 968 427 1004 χος,
466 953 538 994 καί
564 951 720 1005 Οὖννός
741 975 803 1007 τις
822 958 1018 1012 λοχαγὸς,
1042 961 1310 1018 Ἐλμίγγειρος
1331 957 1459 1016 ὄνομα
1471 998 1484 1019 ,
1523 960 1638 1007 οὗτοι
1663 966 1714 1022 δὴ
1728 1000 1741 1020 ,

331 1022 676 1072 προστεταγμένον
699 1022 841 1071 αὖτοῖς
862 1021 941 1064 ὑπὸ
969 1027 1057 1065 τῶν
1077 1030 1329 1081 στρατηγῶν,
1358 1028 1604 1084 ἐπακτριὲῖας
1627 1030 1743 1080 τινας

333 1081 653 1137 οἷμφιπρύμνους
699 1087 796 1127 δέκα
822 1087 1107 1141 πληρώσαντες
1129 1092 1174 1131 ἐκ
1194 1093 1268 1140 τῆς
1293 1091 1360 1133 οἷεί
1377 1091 1520 1147 σφίσιν
1545 1090 1742 1148 ἑπομένης

333 1146 566 1200 δυνάμεως,
605 1147 678 1190 καὶ
697 1148 755 1197 ὥς
785 1151 979 1206 α’νωτέρω
1006 1153 1290 1208 προελθόντες,
1325 1155 1559 1212 ἐφρούρουν
1585 1156 1660 1208 ξύν
1691 1155 1792 1204 ἆ-ι5

329 1210 531 1267 γρυπνία,
577 1213 649 1253 καί
675 1213 966 1269 περιεσκόπουν
994 1215 1070 1264 τας
1097 1219 1309 1272 διαβάσεις
1339 1221 1616 1272 ἐπιπλέοντες,
1664 1222 1739 1263 νῦν

326 1274 402 1324 μὲν
420 1276 463 1315 ἐν
484 1276 596 1332 μέσῳ
617 1279 672 1332 τῷ
693 1277 873 1334 ῥείθρῳ,
914 1282 986 1322 νῦν
1013 1282 1058 1321 δὲ
1082 1282 1151 1335 ἐφ’
1171 1280 1368 1337 ἑκατέρας
1388 1285 1459 1337 τῆς
1487 1279 1629 1338 ὄχθης.
1667 1284 1738 1326 καὶ

296 1337 470 1382 οτοίνυν
497 1341 682 1381 ἐνταῦθα
717 1343 941 1397 ξυνηνέχθη
971 1342 1142 1398 τερπνόν
1161 1361 1202 1385 τι
1224 1345 1317 1387 λιάν
1341 1346 1412 1388 καί
1429 1347 1598 1403 ἐπίχαρι
1621 1346 1676 1398 ὦς
1695 1350 1739 1390 ἐν

328 1404 490 1458 πολέμῳ
511 1404 581 1443 καί
600 1403 840 1458 παρατάξει.
869 1405 933 1447 ἔτι
956 1405 1033 1462 γάρ
1055 1407 1212 1450 τούτων
1231 1406 1422 1466 ἀνωτέρω
1447 1411 1491 1452 αἱ
1513 1410 1740 1464 Ῥωμαϊκαί

330 1466 404 1506 δύο
427 1465 728 1522 τριακόντοροι,
767 1466 817 1517 (ἲς
847 1468 896 1523 δὴ
925 1469 1157 1527 ἔμπροσθεν
1185 1471 1289 1528 ἔφην
1319 1473 1436 1524 κενὰς
1465 1475 1627 1531 ἀνδρῶν
1654 1476 1790 1521 «iubam

419 1565 451 1587 α.
477 1553 637 1600 ύποφέρ.
663 1557 700 1589 R.
781 1558 812 1602 4.
840 1567 878 1590 τε
901 1563 982 1602 post
1005 1557 1092 1598 τόξα
1116 1571 1182 1594 om.
1211 1563 1246 1594 R.
1341 1574 1371 1606 7.
1397 1563 1460 1596 Pro
1485 1554 1516 1607 ᾦ
1541 1555 1584 1603 δὴ
1613 1565 1651 1597 R.
1674 1563 1740 1597 ha—

418 1599 482 1632 bet
507 1601 677 1640 lacunam,
709 1614 814 1648 super
839 1615 945 1650 quam
969 1606 1144 1638 recentior
1166 1618 1288 1639 manus
1312 1609 1517 1652 adscripsit:
1544 1606 1613 1645 αἶς.
1703 1623 1737 1654 9.

417 1645 616 1690 κρούοιντο
642 1649 679 1679 R.
800 1660 852 1682 ιι.
876 1650 1109 1695 Δαβραγὲζας
1139 1651 1267 1692 ’Λντης
1289 1650 1397 1697 ἀνὴρ.
1444 1655 1626 1698 Egregiam
1649 1655 1740 1688 hanc

419 1692 703 1724 emendationem
722 1704 740 1725 a
761 1694 987 1735 Leunclavio,
1012 1697 1049 1728 ni
1074 1696 1190 1736 fallor,
1214 1697 1408 1741 profectam
1432 1700 1581 1743 praebet
1606 1711 1672 1744 mg.
1687 1702 1738 1742 R„

420 1737 483 1769 ubi
508 1738 546 1769 in
571 1738 696 1770 ordine
730 1740 896 1772 scribitur
916 1740 1146 1786 Δαβραγέζας
1163 1741 1210 1775 ἄν
1233 1753 1298 1778 τις.
1351 1743 1455 1788 Vulg.
1477 1745 1739 1790 Δαβραγαζάν-

419 1793 493 1822 της,
518 1783 626 1826 Intpr.
652 1785 879 1829 Darragetas
901 1786 964 1818 vir
987 1785 1143 1832 quidam.
1173 1787 1285 1820 Antae
1307 1787 1507 1822 sclavorum
1528 1792 1625 1824 natio
1645 1796 1739 1832 sunt,

419 1838 464 1859 ex
489 1839 638 1873 quorum
661 1831 805 1862 nomine
831 1831 995 1864 Anticum
1022 1842 1058 1864 se
1094 1831 1187 1866 dixit
1210 1833 1436 1868 Iustinianus.
1557 1848 1606 1870 12.
1640 1835 1738 1882 Ἑλμ.

417 1874 456 1905 Β.
549 1886 606 1909 20.
632 1873 699 1907 δύο
724 1886 790 1907 om.
811 1877 848 1908 R.

327 1953 368 1985 ge
397 1946 514 1974 essent
535 1943 734 1986 superiores
757 1954 766 1984 3
798 1942 949 1988 desuper
972 1944 1113 1978 stabant
1142 1946 1297 1986 milites,
1330 1951 1366 1979 et
1394 1951 1524 1980 nautae
1562 1951 1741 1993 quotquot

327 1987 530 2020 audaciores
555 1993 655 2021 erant
680 1994 716 2021 et
739 1989 1003 2029 bellicosiores,
1031 2002 1128 2023 arcus
1153 1996 1328 2034 gestantes
1344 1997 1380 2024 et
1402 1991 1551 2032 fundas,
1579 1993 1739 2046 aliasque

327 2032 511 2066 machinas
526 2034 760 2076 imponentes,
790 2034 835 2067 ad
862 2034 1031 2068 idoneum
1065 2047 1167 2068 usum
1199 2042 1443 2080 praeparatas;
1477 2037 1540 2069 sed
1571 2043 1608 2070 et
1645 2039 1737 2070 aliae

326 2089 433 2110 naves
457 2089 520 2121 per
543 2079 688 2111 fluvium
711 2079 885 2113 adductae
918 2091 961 2113 ex
985 2085 1134 2126 utraque
1159 2087 1258 2124 parte
1284 2082 1450 2122 aderant,
1477 2082 1607 2127 quibus
1633 2093 1738 2126 prae-

327 2128 403 2156 erat
435 2123 645 2157 Valerianus
669 2150 678 2164 ‚
713 2126 822 2158 simili
856 2126 961 2158 modo
1001 2131 1108 2170 atque
1144 2127 1237 2159 aliae
1279 2128 1503 2167 instructae,
1535 2133 1576 2160 ut
1617 2128 1736 2161 hostes

326 2169 505 2213 utrimque
538 2181 582 2202 ex
617 2170 830 2203 editioribus
861 2171 947 2203 locis
974 2171 1036 2204 icti
1063 2173 1375 2215 propulsarentur,
1410 2174 1440 2204 si
1473 2173 1638 2217 propiore
1672 2173 1737 2206 ob-

326 2213 466 2246 sidione
489 2215 613 2248 urbem
639 2226 800 2259 premere
830 2217 973 2249 vellent.
1020 2216 1073 2249 Ne
1100 2228 1182 2250 vero
1217 2229 1321 2250 naves
1354 2218 1422 2250 hae
1454 2219 1492 2250 in
1526 2218 1633 2251 fluvio
1661 2219 1737 2251 dis-

325 2261 464 2304 positae
490 2260 592 2294 facile
615 2272 635 2293 a
658 2271 837 2306 quoquam
851 2261 949 2293 laedi
974 2266 1130 2305 possent,
1154 2262 1370 2306 Dabragezas
1393 2262 1569 2302 tribunus,
1591 2265 1737 2302 natione

326 2305 437 2345 Auta,
471 2312 508 2339 et
532 2306 677 2351 quidam
703 2306 868 2339 ordinum
891 2306 1027 2347 ductor,
1053 2307 1264 2351 Elmingirus
1289 2308 1445 2348 nomine,
1471 2314 1576 2352 prout
1602 2309 1652 2341 eis
1673 2319 1737 2354 per

323 2351 521 2393 praefectos
545 2353 746 2384 mandatum
774 2358 858 2393 erat,
893 2351 1015 2385 decem
1042 2353 1212 2385 actuarias
1239 2363 1345 2385 naves
1369 2353 1544 2397 bipuppes
1567 2364 1586 2386 e
1610 2354 1734 2396 copiis,

326 2396 456 2440 quibus
485 2403 682 2439 praeerant,
716 2397 979 2438 instruxerunt,
1005 2398 1134 2441 quibus
1170 2398 1276 2430 altius
1309 2400 1465 2442 provecti
1498 2409 1622 2443 magna
1654 2409 1733 2430 cum

324 2441 510 2484 vigilantia
538 2442 682 2475 fluvium
721 2442 933 2482 tuebantur,
973 2443 1212 2487 transitusque
1254 2445 1349 2476 omni
1384 2455 1426 2476 ex
1457 2448 1556 2488 parte
1587 2443 1736 2476 circum-

325 2493 526 2530 spectantes
563 2486 800 2520 observabant
823 2511 833 2527 ,
862 2488 967 2521 modo
1000 2487 1119 2520 medio
1151 2489 1306 2521 fluminis
1346 2489 1444 2521 alveo
1464 2513 1473 2528 ,
1507 2487 1611 2520 modo
1650 2487 1735 2520 huie

329 2531 432 2565 modo
457 2534 560 2566 alteri
593 2534 690 2575 ripae
717 2532 977 2577 adnavigantes.
1025 2534 1164 2566 Interea
1197 2534 1389 2569 iucundum
1422 2534 1507 2578 quid
1540 2537 1577 2565 et
1602 2534 1734 2576 gratio-

318 2590 401 2610 sum
425 2583 467 2611 ut
494 2579 533 2611 in
565 2578 660 2611 bello
685 2583 722 2611 et
752 2579 888 2623 proelio
913 2579 966 2611 ibi
991 2577 1131 2612 accidit.
1176 2580 1330 2612 Ulterius
1363 2580 1457 2612 enim
1481 2577 1596 2610 adhue
1628 2589 1733 2623 quam

327 2624 394 2656 liae
419 2634 525 2656 naves
549 2630 650 2658 erant
673 2624 876 2666 dispositae,
903 2623 994 2656 duae
1024 2624 1108 2655 illae
1143 2635 1248 2657 naves
1275 2623 1580 2659 onerarianXX.
1616 2634 1733 2656 remoa-

316 2679 424 2708 rum,
452 2680 538 2714 quas
573 2680 678 2714 supra
703 2668 777 2702 dixi
810 2669 925 2702 milite
955 2679 1078 2702 vacuas
1114 2679 1134 2701 a
1170 2669 1279 2703 Persis
1312 2674 1438 2715 captas
1459 2668 1597 2711 fixisse3
1645 2667 1732 2707 hae,
