1832 3152
314 89 421 155 340
724 108 1054 150 B.VU1.CAN11
1094 110 1273 151 NOTAE

418 207 514 257 Pag
531 207 592 258 39
607 208 678 248 lin.
697 208 735 246 8.
760 209 914 259 [71,8.]
938 209 1088 257 μέλειν.
1144 212 1358 262 Frequens
1376 216 1436 248 est
1455 211 1560 249 inV.
1575 210 1622 250 C.
1644 210 1712 250 hic

313 274 426 300 error
451 260 524 297 τοῦ
549 261 686 309 μέλειν
702 275 777 312 pro
799 275 849 309 με
831 260 972 311 έλλειν,
994 270 1036 301 et
1053 263 1143 302 vice
1165 277 1294 304 versui
1321 265 1384 302 Ex
1411 278 1498 302 mea
1519 264 1712 303 versione

312 315 434 352 facile
461 313 538 351 erit
561 314 691 352 cuivis
708 314 810 353 haee
834 314 928 351 talia
949 318 1184 358 emendare.
1291 318 1362 360 lin,
1377 318 1442 366 46.
1466 323 1504 364 [π
1511 331 1548 366 2,
1563 331 1625 357 20.
1631 313 1715 363 ]ως

313 382 376 404 και
402 366 445 404 ἐν
467 365 572 419 αὐτῶ
595 365 825 429 κεισόμενον
854 365 1031 416 πολέμου
1061 364 1352 420 κατάρχεσθαι.
1408 346 1594 409 Somniat
1615 372 1716 408 Per-

316 434 437 468 sona,
465 434 558 457 cum
588 422 732 469 vertit,
774 422 832 458 ita
863 429 906 458 ut
930 423 994 458 vel
1014 422 1234 460 dormienti
1251 425 1330 462 sibi
1357 424 1494 462 liceret
1517 426 1600 462 iam
1629 423 1716 462 bel-

314 475 395 510 lum
425 473 533 524 inser
535 487 590 514 re.
619 489 719 526 pro,
748 483 940 526 tanquam
972 475 1015 512 in
1042 476 1170 526 ipsius
1187 483 1384 527 potestate
1397 477 1586 527 futurum
1614 478 1717 514 exiet

182 531 215 564 P.
242 531 305 565 181
316 527 461 565 bellum
483 535 735 577 mstaurare,
767 541 855 566 cum
875 528 1010 570 vellet,
1072 528 1202 566 Nimis
1226 534 1323 567 nota
1343 533 1406 567 est
1429 530 1584 583 phrasis
1609 528 1717 568 θεῶν

316 579 360 618 ἐν
383 576 552 630 γούνασι
579 584 729 630 κεῖται,
770 581 820 619 ad
842 595 966 632 quam
991 581 1205 620 alluditur

423 644 520 694 Pag.
547 644 612 692 41.
641 645 714 685 lin.
745 645 809 683 52.
839 643 920 696 [76‚
950 650 1004 692 2.J
1033 644 1340 695 nachcssovtafflat
1371 645 1489 685 Suid.
1519 646 1717 697 παλιμβο..

313 693 396 735 Ma.
427 702 604 748 utraque
632 698 760 736 lectio
788 702 849 735 est
874 698 996 741 bona.

419 761 517 811 Pag.
542 763 607 810 42.
638 762 709 799 l1’.n
733 762 768 801 5.
788 765 870 813 [77‚
900 758 1720 824 1.]n900dya.Suid.7zapsm‹iya.lin.

320 814 377 855 15.
391 814 433 861 [l.
454 820 528 861 ιο]
551 811 586 852 οἱ
611 813 655 853 δὲ
688 812 905 863 ζΡοιῃιιαι”οι.
931 817 1035 854 adde
1059 813 1201 878 κύριοι.
1291 817 1363 859 lin.
1380 817 1447 864 46.
1460 817 1541 868 [78,
1565 814 1720 868 15.]⁶²‹p’

315 865 466 930 ὁτῳοῦν
495 882 562 906 και
588 868 810 920 σφαλέντα.
864 871 952 908 Aut
979 870 1094 909 deest
1119 865 1165 907 τὸ
1187 869 1438 920 πταίσαντα,
1467 869 1533 910 vel
1560 870 1721 909 redun-

315 922 386 960 dat
412 917 457 959 τὸ
486 918 568 959 καί.

423 985 521 1036 Pag.
544 985 610 1033 45.
640 985 712 1024 lin.
734 984 770 1026 5.
801 991 884 1038 [79,
919 990 970 1048 .¹']
999 981 1069 1023 καί
1089 984 1180 1024 λίαν
1205 985 1422 1038 φρονοῦντι
1451 983 1578 1042 ἐῴκει.
1621 985 1720 1024 Per-

318 1053 416 1079 sona
446 1047 484 1076 et
511 1038 755 1091 prudentiae
778 1041 857 1078 sibi
883 1040 1050 1077 nimium
1071 1039 1301 1081 vindicare.
1341 1025 1492 1102 Quum
1501 1045 1594 1105 apte
1616 1051 1720 1078 con-

317 1092 434 1132 venit
445 1093 681 1155 prudentia
710 1106 806 1130 cum
834 1106 884 1130 eo
913 1093 1026 1144 quod
1054 1093 1266 1145 praecedit
1293 1090 1456 1143 θρασύς
1485 1106 1530 1144 γε
1564 1086 1615 1144 ἦν
1653 1105 1723 1129 και

318 1143 534 1206 ὑψαγόρας
559 1145 730 1188 εοίὶίοεῑ,
782 1146 910 1184 Immo
944 1159 1040 1185 vero
1065 1145 1178 1184 hoc
1169 1161 1210 1184 ιιι
1241 1153 1300 1185 eo
1314 1147 1535 1185 damnabat
1559 1146 1720 1192 Narses,

319 1199 443 1260 quod
457 1199 511 1237 ita
531 1205 637 1238 esset
661 1199 856 1252 pervicax
875 1205 916 1237 et
933 1200 1201 1261 praefractus,
1232 1214 1368 1252 neque
1392 1199 1513 1238 illum
1535 1200 1634 1238 facti
1658 1197 1725 1236 sui

318 1252 567 1306 poeniteret,
591 1254 662 1291 sed
687 1253 822 1291 adhuc
844 1252 1154 1304 sanguinarium
1179 1253 1362 1290 animum
1385 1258 1426 1290 et
1449 1253 1617 1292 caedem
1638 1251 1726 1304 spi·

318 1312 481 1344 rantem
511 1320 609 1357 prae
635 1320 677 1344 se
699 1307 837 1344 ferret.
907 1307 1002 1355 Quo
1025 1306 1082 1354 fit,
1109 1311 1154 1344 ut
1174 1307 1345 1344 omnino
1369 1306 1594 1370 legendum
1623 1319 1726 1344 cen-

321 1373 432 1399 seam
462 1358 651 1420 φονῶντι.
700 1359 842 1398 Suidas
871 1373 971 1398 voce
1004 1360 1211 1410 φονῶντες.
1242 1356 1279 1398 οἱ
1305 1359 1348 1398 ὸὲ
1377 1356 1575 1398 λεόντειον
1602 1357 1726 1410 ἐβρυ-

322 1412 452 1463 χῶντο
479 1411 690 1464 φονῶντες,
718 1412 798 1451 hoc
818 1419 893 1462 est,
924 1411 1100 1464 φονῆσαι
1125 1412 1412 1467 προῃρημένοι,
1439 1412 1576 1452 caedis
1595 1411 1726 1452 avidi.

430 1475 530 1527 Pag.
556 1476 623 1524 44.
644 1476 1040 1526 lzn.16.[81,10.]
1073 1472 1239 1532 θορύβω
1267 1473 1437 1528 εἴχοντο.
1495 1477 1587 1516 Νοιι
1617 1475 1725 1515 male

325 1529 448 1569 etiam
478 1529 624 1582 legeris
650 1527 824 1569 εἵποντο.

431 1594 529 1655 Pag.
549 1595 614 1644 47.
639 1594 710 1636 lin.
735 1595 772 1636 8.
795 1595 876 1644 [86,
902 1601 978 1647 19]
1007 1608 1052 1633 ου
1080 1594 1124 1633 δὲ
1148 1609 1202 1640 ως
1230 1591 1490 1647 ποόῥωτάτω.
1540 1593 1625 1633 Aut
1647 1607 1726 1630 πα-

327 1647 460 1699 ρέλκει
480 1643 526 1685 τὸ
548 1645 594 1685 οὗ
612 1646 669 1697 δὲ,
683 1653 754 1686 aut
770 1649 992 1701 legendum
1011 1649 1263 1688 coniunctim
1281 1663 1362 1686 una
1376 1648 1557 1687 dictione
1582 1645 1726 1692 ιῖδεως.

323 1716 404 1766 qua
428 1713 527 1740 voce
558 1715 679 1753 saepe
703 1702 833 1740 utitur
854 1703 1060 1755 Agathias.
1127 1703 1199 1744 lin.
1228 1703 1389 1755 19.[87,
1409 1702 1463 1748 6.]
1488 1713 1730 1752 σεσαγηνευ-

322 1754 453 1805 μένοι.
510 1755 640 1793 Vetus
663 1755 766 1793 Cod.
788 1755 910 1794 aliam
945 1756 1169 1795 lectionem
1197 1757 1247 1794 ad
1282 1755 1510 1816 marginem
1538 1752 1728 1801 habebut,

325 1806 576 1858 σεσαρμένοι.
624 1821 729 1860 quae
759 1815 800 1847 et
839 1809 990 1847 memor
1028 1815 1089 1848 est
1125 1820 1166 1848 et
1193 1808 1389 1861 Agathiae
1429 1807 1598 1853 usitata,
1650 1819 1727 1858 pro

327 1859 649 1911 πεπληρωμένοι.
736 1862 804 1900 lin.
831 1862 999 1909 28.[l1n.
1019 1860 1262 1914 ι5.]ῥεΐθρα
1285 1857 1540 1900 Κασωλίνου.
1570 1859 1731 1898 citatur

327 1915 451 1954 etiam
477 1913 555 1954 hoc
575 1913 834 1976 Epigramma
861 1916 989 1964 libro,
1025 1915 1095 1954 cui
1114 1916 1285 1964 titulus,
1325 1909 1606 1979 φιλοπόνημα
1607 1912 1731 1951 Κων-

327 1966 536 2006 σταντίνοι]
567 1964 661 2006 υἱοῦ
681 1970 882 2017 βασιλέως
902 1969 1079 2014 Λέοντος
1102 1967 1176 2007 τοῦ
1198 1969 1331 2020 σοφοῦ
1343 1981 1434 2018 περι
1453 1966 1531 2005 τῶν
1556 1965 1628 2017 τῆς
1659 1963 1731 2003 δύ-

328 2034 431 2066 σεως
452 2034 542 2086 ητοι
568 2018 764 2074 Εὐρώπης
790 2020 1001 2072 θεμάτων,
1029 2022 1227 2061 Themate
1254 2022 1475 2060 undecimo
1501 2020 1612 2058 dicto
1638 2020 1730 2069 λογ-

327 2070 564 2125 γιβαρδίαςξ
599 2089 724 2126 quem
751 2076 904 2121 librum
934 2077 983 2120 ad
1007 2090 1071 2114 me
1104 2075 1213 2115 misit
1234 2077 1298 2117 cl.
1318 2075 1368 2114 V.
1398 2079 1439 2112 et
1469 2074 1520 2112 de
1542 2073 1656 2112 omni
1683 2072 1731 2110 li-

328 2134 509 2165 teratura
552 2129 703 2180 optime
730 2131 900 2168 meritus
925 2128 1070 2169 Petrus
1096 2129 1309 2170 Pithoeus.
1353 2141 1531 2180 eumque
1561 2126 1731 2165 volente

330 2182 438 2226 Deo,
458 2181 527 2219 ubi
546 2181 744 2221 libentem
767 2189 910 2222 nactus
935 2184 1053 2221 fuero
1073 2182 1391 2236 typographum,
1415 2180 1618 2227 (namille
1636 2178 1733 2231 περὶ

331 2231 523 2283 θεμάτων
556 2229 832 2275 ἀνατολικῶν
823 2251 902 2275 iam
931 2242 1050 2274 antea
1081 2251 1103 2274 ιι
1141 2251 1205 2275 me
1236 2236 1371 2275 editus
1397 2241 1469 2284 est,
1476 2241 1493 2276 )
1520 2235 1575 2276 in
1592 2234 1730 2271 lucem

332 2286 528 2326 emittam.
568 2289 615 2326 In
641 2302 691 2327 eo
715 2291 855 2355 itaque
879 2290 1177 2329 Constantinus
1200 2290 1251 2328 de
1269 2289 1464 2328 Butelino
1486 2287 1542 2326 ita
1564 2286 1727 2325 scribit:

332 2355 398 2378 em
422 2339 502 2379 τῶν
533 2336 720 2406 ἡμερῶν
719 2341 1027 2391 Ἰουστινιανοῦ,
1061 2344 1216 2406 μᾶλλον
1244 2342 1288 2381 δὲ
1312 2338 1522 2404 Ζήνωνος,
1549 2338 1730 2391 παρέλα-

333 2395 404 2456 βον
433 2391 470 2432 οἱ
494 2393 532 2433 Γ
532 2395 648 2432 orem
674 2392 745 2447 τήν
762 2410 804 2434 τε
822 2393 1054 2446 Νεάπολιν,
1081 2394 1151 2435 καί
1173 2393 1243 2442 τὰς
1265 2392 1410 2442 λοιπὰς
1432 2391 1730 2456 παρακειμένας

333 2444 490 2497 πόλεις,
528 2462 584 2488 ων
608 2442 709 2513 ἦρχε
736 2451 974 2495 Βουτελῑνος
1005 2447 1026 2488 ὃ
1057 2450 1137 2489 τῶν
1171 2450 1372 2512 Φραγκῶν
1405 2443 1647 2501 στρατηγὸς,
1685 2458 1729 2483 ον

333 2501 653 2566 κατεπολέμησεν
680 2500 701 2541 ὅ
731 2500 901 2566 Νάρσης
926 2500 1035 2565 παρὰ
1049 2502 1120 2543 τὸν
1138 2499 1322 2552 ποταμὸν
1338 2502 1634 2548 Κασσουλῖνον,
1661 2493 1733 2536 καὶ

333 2551 542 2601 τελείως’
516 2554 714 2606 ηφᾴνισε,
752 2553 890 2606 καθώς
914 2553 959 2595 τὸ
986 2555 1222 2607 ἐπίγραμμα
1243 2555 1362 2607 λέγει.
1421 2553 1729 2614 lin.33.[l.17.l

333 2618 413 2661 pro
435 2608 573 2658 χεῦμα
599 2606 895 2650 Constantinus
923 2611 1026 2664 legit
1049 2608 1205 2664 ῥεῦμα,
1233 2616 1276 2651 et
1300 2624 1374 2665 pro
1402 2603 1548 2662 δηρὸν,
1586 2601 1731 2647 δεινόν.
