1832 3152
309 141 418 206 324
860 211 874 220 .
890 156 1162 206 AGA'rmAE

115 267 158 308 Α.
177 266 213 300 C.
235 266 302 303 558
419 260 482 300 κά.
531 259 594 300 Ἑν
622 256 752 311 τούτῳ
782 256 828 297 δὲ
855 251 998 310 ἅτερος
1025 258 1106 298 τῶν
1131 259 1352 314 βαρβάρων
1381 256 1640 312 ἄποδασμός,
1676 260 1721 301 οἳ

169 313 236 345 LI·
252 313 297 348 3²
307 322 357 377 δὴ
382 320 604 374 ἐτύγχανον
630 317 914 375 ἐφεδρεύοντες
940 321 990 375 τῇ
1018 320 1265 379 Χερξιονὴσῳ
1280 356 1292 375 ,
1332 323 1523 372 πολλάκις
1557 324 1634 375 μὲν
1659 325 1717 379 τῷ

179 379 217 412 V·
235 380 504 442 Ηδπεριβόλῳ
531 385 833 442 προσέβαλλον,
861 382 1061 434 κλίμακάς
1087 399 1130 424 τε
1158 387 1424 440 προσάγοντες
1451 385 1522 427 καὶ
1546 385 1618 435 τὰς
1637 403 1719 441 μη-

304 448 439 503 χανάς
465 446 538 497 τὰς
564 445 779 496 ἑλεπόλεις·
821 446 1012 495 πολλάκις
1039 448 1085 488 δὲ
1113 446 1191 489 ὑπὸ
1217 451 1296 489 τῶν
1316 448 1432 491 ἔνδον
1460 446 1587 492 ὄντων
1609 450 1720 492 ‘Pm-

306 513 443 566 μαίων
470 511 739 568 ἀπεκρούοντο
766 514 905 554 σθένει
923 510 1051 552 παντὶ
1077 511 1358 564 ἀμυνομένων.
1388 514 1517 568 ἡγεῖτο
1546 517 1592 556 δὲ
1620 513 1743 559 τού-5

271 585 390 620 Οτων
411 575 625 632 Γερμανὸς
652 576 675 617 ὅ
697 577 936 631 Δωροθέου,
967 577 1056 624 νέος
1080 576 1157 627 μέν
1182 592 1226 630 γε
1251 572 1309 617 ὢν
1335 578 1492 633 κομιδῇ,
1516 580 1587 619 καί
1606 579 1719 633 πρῶ-

310 657 378 691 τος
403 636 481 696 ἤδη
508 641 725 695 ὕπηνήτης,
754 638 987 695 φρονήματι
1016 641 1062 680 δὲ
1101 641 1350 696 στρατηγικῷ
1379 643 1614 697 διαπρέπων
1650 641 1721 683 καί

307 707 442 763 πολλῷ
467 708 589 747 πλέον
616 706 687 757 τῆς
714 704 872 758 ἡλικίας
901 702 946 744 τὸ
975 703 1536 759 μεγαλουργὸνκεκτημένος.
1575 707 1719 761 πατρίς

307 771 354 810 δὲ
377 766 430 824 ἦν
458 766 572 826 αὖτῷ
599 766 715 817 πόλις
738 766 950 822 Ἰλλυρικη,
996 767 1228 823 Βεδερίανα
1255 770 1334 821 μὲν
1361 771 1406 811 ἐκ
1425 771 1604 811 παλαιοῦ
1629 769 1719 811 ὄνο-

304 835 526 889 μαζομένη,
547 831 720 888 ὕστερον
739 835 783 874 δὲ
803 832 964 887 Πρώτη
986 832 1257 887 Ἰουστινιανὴ
1275 838 1593 889 μετακληθεῖσα·
1617 835 1770 879 'Iov-10

306 897 513 947 στινιανός
535 897 610 953 γὰρ
642 897 666 938 ὅ
694 897 888 950 βασιλεὺς
897 931 910 950 ,
939 894 1010 939 ἅτε
1039 896 1090 951 δὴ
1118 900 1207 938 κατ’
1235 894 1364 952 αὖτὴν
1390 899 1449 947 εἷς
1477 901 1566 955 φῶς
1592 914 1719 954 προη-

306 964 464 1016 γμένος,
493 962 694 1016 ἐκόσμησέ
711 978 752 1003 τε
777 961 941 1010 εἰκότως
962 960 1035 1016 τὴν
1059 962 1240 1016 πατρίδα
1261 962 1392 1017 ἔργοις
1418 965 1629 1015 ποικίλοις,
1651 962 1722 1003 καί

305 1027 349 1076 ἐξ
376 1027 557 1082 ἀφανοῦς
584 1025 812 1078 εὐδαίμονα
842 1026 1116 1082 ἐξειργάσατο,
1145 1026 1217 1067 καί
1245 1029 1316 1081 τῆς
1340 1026 1491 1075 οἰκείας
1515 1025 1619 1083 αὐτῇ
1645 1043 1719 1079 με-

302 1091 529 1137 ταδέδωκεν
555 1090 841 1146 προσηγορίας.
870 1092 915 1131 ἐκ
942 1088 1088 1131 τούτου
1118 1091 1166 1131 δὲ
1194 1089 1240 1132 τὸ
1267 1093 1379 1144 γένος
1411 1093 1538 1133 ἕλκων
1565 1089 1586 1132 ὃ
1614 1094 1655 1132 Γ
1651 1107 1719 1147 ερ-

301 1154 444 1207 μανὸς,
471 1152 633 1211 σφόδρα
663 1153 701 1197 οἱ
729 1153 1038 1210 ἑπεφρόντιστο.
1065 1154 1266 1210 τοιγάρτοι
1295 1154 1470 1209 ὀκταετῆ
1495 1156 1644 1210 χρόνον
1671 1157 1768 1201 ἐκιό

302 1221 465 1274 γενετῆς
492 1219 690 1272 διανύων,
737 1214 850 1274 ἤχθη
885 1219 983 1274 πρὸς
1017 1215 1145 1260 αὐτοῦ
1184 1222 1226 1268 ἐς
1253 1219 1373 1260 πόλιν
1413 1218 1487 1274 την
1511 1221 1719 1272 βασιλίδα,

306 1286 378 1326 καί
401 1285 614 1338 τημελείας
643 1285 827 1325 ἀπώνατο
851 1284 992 1338 πάσης.
1019 1289 1103 1332 τοῖς
1128 1285 1174 1324 δὲ
1198 1282 1274 1337 γὰρ
1304 1285 1386 1325 τῶν
1407 1285 1720 1337 γραμματιστῶν

260 1353 291 1386 D
307 1347 451 1401 (ὁμίλει
473 1349 770 1398 διδασκαλείοις
783 1381 797 1401 ,
824 1347 896 1389 καί
920 1348 1021 1403 πρός
1047 1364 1092 1402 γε
1119 1345 1273 1389 ἇνάτὰ
1298 1345 1594 1404 φροντιστήρια
1623 1364 1717 1404 φοι-

303 1414 400 1465 τῶν,
426 1412 498 1467 τὴν
523 1413 603 1461 τῶν
629 1413 826 1454 Λατίνων
851 1414 1028 1465 μετέσχε
1049 1414 1252 1461 παιδείας.
1279 1414 1369 1453 §nec
1392 1413 1438 1453 δὲ
1461 1414 1503 1460 ἐς
1521 1409 1623 1466 ἥβης
1643 1414 1718 1464 μέ-

303 1491 400 1530 τρον
425 1473 607 1532 ἄφίκετο,
636 1475 788 1518 ἐστειλέ
801 1493 846 1530 γε
872 1476 999 1519 αὐτὸν
1016 1477 1160 1529 αὐτίκα
1181 1477 1226 1518 ἐν
1244 1473 1513 1532 Χερρονήσῳ,
1541 1471 1771 1530 ἅρχοντααο

304 1542 382 1583 τοῦ
419 1542 517 1597 τῇδε
552 1542 732 1596 στρατοῦ
765 1540 1151 1595 καταστησάμενος,
1188 1541 1246 1588 ὥς
1272 1537 1324 1581 ἂν
1361 1539 1473 1595 αὐτῷ
1511 1538 1641 1587 εὐθὺς
1675 1539 1720 1581 τὸ

303 1607 374 1661 τῆς
396 1604 578 1661 νεότητός
612 1604 684 1664 ὄξὺ
707 1604 780 1647 καί
798 1604 1060 1661 ταχύῤῥοπον
1079 1606 1152 1646 καί
1172 1603 1271 1661 πρὸς
1294 1602 1368 1652 τάς
1397 1603 1519 1654 δόξας
1545 1603 1721 1659 ἠρμένον

402 1706 429 1727 ι.
454 1687 676 1730 άποδασιιός
698 1695 735 1727 R.
762 1693 865 1739 (CL),
892 1692 1141 1739 ἅπόδρασμος
1162 1694 1252 1738 vulg.
1354 1705 1384 1727 2.
1410 1692 1482 1738 μὲν
1508 1692 1588 1730 add.
1614 1704 1657 1726 ex
1681 1694 1717 1726 R.

397 1741 435 1775 6.
458 1729 674 1785 Δωροθὲίου
711 1740 748 1772 Β.
885 1741 1036 1785 πρῶτον
1066 1741 1141 1774 Par.
1245 1751 1276 1784 9.
1301 1738 1506 1783 Βεδερίανα
1537 1739 1607 1784 μὲν
1642 1750 1721 1771 cor-

398 1785 473 1817 rexi
494 1795 538 1816 ex
561 1785 751 1829 Procopio;
775 1783 950 1830 Βεδέρινα
965 1784 1037 1830 μὲν
1053 1785 1090 1816 R.
1116 1790 1152 1818 et
1184 1785 1292 1828 Intpr.
1317 1785 1496 1821 Bederina
1510 1809 1521 1825 ‚
1546 1783 1720 1829 Βεδερια-

397 1827 500 1876 ναμά
523 1831 614 1875 vulg.
722 1831 771 1874 ¹4·
797 1832 861 1864 Pto
885 1830 926 1863 ἐκ
947 1830 1081 1863 τούτου
1105 1831 1144 1866 R.
1167 1830 1274 1866 ἐκτός
1296 1841 1371 1863 του.

398 1929 452 1953 21.
500 1919 637 1952 Interea
667 1918 736 1952 alia
770 1917 946 1951 barbarIci
971 1918 1146 1950 exercitus
1171 1917 1303 1960 portio,
1330 1927 1419 1962 quae
1445 1917 1489 1950 ad
1517 1917 1718 1951 Chersone-

308 1975 384 1998 sum
408 1964 626 2004 consederat,
644 1964 849 2010 frequenter
874 1974 1011 1996 murum
1035 1963 1149 1996 adorti
1173 1967 1268 2003 sunt,
1287 1963 1388 1995 scalis
1412 1964 1563 2008 aliisque
1585 1962 1720 1996 machi-

307 2012 364 2044 nis
397 2010 682 2046 obsidionalibus
727 2009 897 2050 admotis3
925 2009 1131 2053 frequenter
1161 2008 1248 2040 item
1282 2019 1301 2040 a
1333 2009 1511 2048 Romanis,
1560 2009 1598 2041 ui
1623 2010 1720 2043 intus

309 2061 420 2096 erant,
444 2056 608 2089 omnibus
631 2056 766 2089 viribus
785 2066 821 2088 se
844 2055 1027 2087 tuentibus
1051 2053 1188 2098 repulsi
1227 2054 1388 2086 Praeerat
1411 2059 1528 2086 autem
1579 2056 1608 2087 is
1629 2055 1719 2088 Ger-

308 2112 432 2135 manus
457 2101 632 2134 Dorothei
657 2101 770 2141 filius,
807 2099 997 2134 admodum
1029 2099 1173 2145 quidem
1205 2099 1268 2131 ille
1293 2099 1450 2139 iuvenis,
1483 2105 1519 2132 et
1543 2101 1614 2132 iam
1643 2101 1719 2145 pri-

307 2157 405 2180 mum
429 2147 659 2187 barbescens,
684 2147 746 2180 sed
771 2147 888 2179 animo
917 2146 1006 2179 duce
1038 2144 1146 2189 digno
1177 2150 1359 2188 praestans
1385 2150 1421 2178 et
1460 2155 1576 2178 rerum
1602 2151 1719 2179 aetate

306 2192 413 2237 longe
435 2192 660 2237 grandiorum
689 2198 828 2226 conatu.
877 2192 988 2226 Patria
1015 2190 1100 2223 huic
1126 2195 1200 2222 erat
1221 2190 1304 2223 urbs
1337 2190 1495 2233 Illyrica,
1523 2190 1719 2225 Bederiana

309 2237 396 2270 olim
418 2238 532 2278 dicta,
555 2243 679 2281 postea
698 2249 780 2271 vero
806 2238 920 2271 Prima
936 2237 1133 2270 Iustiniana
1149 2235 1340 2280 appellata.
1386 2236 1603 2269 Iustinianus
1623 2237 1720 2270 enim

307 2283 524 2326 Irnperator,
547 2288 672 2326 utpote
686 2286 724 2317 in
740 2295 781 2316 ea
801 2285 952 2327 primum
975 2284 1013 2315 in
1031 2282 1147 2314 lucem
1172 2280 1290 2314 editus
1307 2305 1316 2321 ‚
1357 2282 1464 2314 variis
1489 2281 1657 2325 operibus
1679 2292 1720 2314 ac

308 2327 450 2361 fabricis
469 2328 595 2361 merito
611 2330 763 2372 patriam
787 2340 882 2362 suam
912 2329 1073 2367 ornavitf
1094 2333 1131 2360 et
1153 2337 1197 2359 ex
1224 2326 1373 2359 obscura
1398 2327 1603 2371 opulentam
1632 2327 1718 2360 iltu-

309 2379 487 2418 stremque
509 2373 635 2414 effecit,
661 2386 827 2419 suamque
850 2373 905 2407 illi
928 2373 1128 2418 impartitus
1153 2376 1207 2405 e'st
1228 2373 1518 2417 appellationem.
1566 2373 1616 2405 Ex
1651 2371 1719 2405 hac

308 2430 391 2452 vero
406 2429 514 2464 genus
535 2418 665 2453 ducens
699 2420 758 2452 hic
779 2421 993 2460 Germanus,
1017 2418 1245 2451 vehementer
1274 2419 1331 2450 illi
1359 2429 1458 2450 carus
1481 2421 1565 2450 erat.
1613 2417 1716 2462 Quo—

311 2466 402 2498 circa
425 2476 504 2499 cum
523 2469 683 2500 octavum
712 2466 756 2498 ab
782 2471 860 2498 ortu
885 2476 1014 2498 annum
1034 2465 1229 2508 exegisset,
1265 2462 1391 2496 ductus
1413 2469 1466 2496 est
1493 2462 1537 2494 ab
1570 2463 1648 2506 ipso
1677 2463 1715 2495 in

310 2511 434 2544 urbem
463 2511 615 2554 regiam,
657 2521 864 2556 summaque
895 2522 977 2543 cura
1012 2509 1168 2542 habitus.
1223 2508 1310 2542 Nam
1337 2513 1373 2541 et
1411 2509 1715 2552 grammaticorum

311 2555 447 2589 scholas
470 2555 601 2596 adibat,
624 2561 660 2590 et
678 2555 925 2600 philosophica
945 2556 1092 2599 collegia
1117 2555 1358 2599 frequentans,
1381 2554 1587 2587 Latinorum
1608 2554 1716 2586 etiam

311 2601 498 2645 disciplina
523 2601 755 2635 imbuebatur.
803 2603 1034 2646 Posteaquam
1055 2611 1136 2633 vero
1165 2611 1208 2632 ex
1228 2599 1376 2644 ephebis
1405 2598 1573 2637 excessit,
1595 2599 1715 2631 statim

311 2657 389 2683 eum
413 2647 452 2679 in
469 2646 725 2683 Chersonesum
740 2646 927 2691 ablegavit,
954 2651 991 2679 et
1003 2646 1190 2686 exercitui,
1209 2646 1271 2690 qui
1289 2644 1341 2678 ibi
1357 2649 1442 2683 erat,
1462 2643 1653 2688 praefecit3
1676 2649 1718 2676 ut

309 2691 379 2737 ipsi
406 2692 524 2726 statim
545 2692 739 2727 iuventutis
761 2692 878 2729 fervor
899 2695 935 2726 et
956 2691 1163 2726 flexibilitas
1189 2695 1225 2725 ct
1242 2690 1376 2735 gloriae
1399 2689 1604 2735 appetentia
1628 2699 1715 2723 con-
