1794 3112
575 134 955 182 HISTORIARUM
997 137 1031 176 1.
1061 137 1127 180 20.
1308 168 1311 169 ι
1505 109 1576 184 57

133 249 262 303 μέχρι
293 241 449 292 παντὸς
485 241 571 284 τῶν
609 241 827 296 σφετέρων
867 238 1207 293 ἀποστερεῖσθαι.
1249 234 1384 277 ταῦτα
1414 230 1467 288 δὴ
1499 226 1758 279 01321A.c.552

135 309 261 360 αὖτός
287 325 332 352 τε
361 310 562 350 ἐπιτελεῖν
585 304 634 347 τὸ
654 305 782 361 μέρος
811 301 1001 358 ἐγνώκει,
1041 299 1115 344 καί
1139 296 1272 343 ἅπασι
1303 305 1389 348 τοῖς
1413 291 1616 354 ὄμοφύ-Ῑ·
1631 291 1658 324 Ῑ·
1674 289 1721 322 26

136 381 224 426 λοις
247 373 514 430 παράδειγμα
538 367 759 426 εὐβουλίας
795 370 1006 425 γενέσθαι.
1044 366 1118 408 καί
1136 366 1276 408 τοίνυν
1308 370 1396 415 τοῖς
1419 367 1587 420 πολιορ-

137 443 256 484 κοῦσι
270 438 503 493 ζΡωμαίοις
525 435 761 492 διαγγείλας
784 432 986 492 πρότερον
1011 433 1070 482 ὥς
1085 432 1225 474 ἐθέλοι
1247 429 1352 487 πρὸς
1372 428 1445 472 τὸν
1459 445 1589 485 στρα-

110 505 262 563 ὄτηγὸν
283 506 403 558 ἰέναι,
432 503 504 546 καί
530 500 622 546 εἶτα
664 502 882 558 ἐφειμένον
909 496 1038 557 αὐτῷ,
1059 496 1359 554 παραγίγνεται
1381 497 1423 545 ές
1443 492 1592 537 Κλάσ-

137 587 249 626 σεις,
278 564 327 613 οὗ
353 568 405 626 δὴ
433 567 508 612 τὸν
536 573 714 626 Ναρσῆν
742 566 973 624 διατρίβειν
1000 566 1219 606 ἐπέπυστο.
1265 564 1436 618 ἵδρυται
1465 563 1511 603 δὲ
1540 557 1589 602 τὸ

139 635 344 696 φρούριον
373 639 418 680 ἐν
457 637 510 693 τῇ
546 633 777 690 εΡαβέννης
806 630 1045 688 περιοικίδι.
1081 628 1155 671 καί
1190 626 1240 683 δὴ
1274 628 1318 676 ές
1348 621 1447 681 ὄψιν
1477 621 1594 682 αὐτῷ’

140 701 368 760 ἀφιγμένος
378 736 391 756 ,
427 701 504 752 τάς
539 717 582 743 τε
611 705 718 750 κλεῖς
746 701 817 754 τῆς
846 697 1003 751 Κύμης
1036 693 1282 750 ἐνεχείρισε,
1331 693 1404 734 καί
1429 687 1594 733 ἅπαντα

140 767 488 826 ὖπηρετὴσασθαι
511 764 713 820 ὡμολόγει
738 762 842 821 πρὸς
867 762 1031 812 εὐνοίας
1049 761 1174 818 αὐτῷ’
1202 758 1275 800 καί
1294 756 1340 808 ὃς
1363 757 1591 811 α’πεδέχετό

90 851 189 883 ιοτε
215 830 350 876 αὐτὸν
377 835 450 889 τῆς
472 829 826 889 προσχωρήσεως,
869 827 942 871 καί
970 826 1156 882 μείζοσιν
1192 822 1367 880 ἀγαθοῖς
1400 824 1636 878 ἕπηγγέλ-Β

142 905 236 944 zeto
262 899 600 955 ἀντιδωρεῖσθαι·
644 895 734 940 τότε
765 898 811 940 δὲ
838 892 988 948 sii-9139,
1026 890 1263 948 ἀπόμοιραν
1285 891 1367 944 μέν
1391 905 1487 931 τινα
1510 889 1595 931 ταῖν

144 963 261 1023 ἀμφὶ
281 963 356 1020 τὴν
380 963 537 1018 Κύμην
562 963 1006 1020 στρατοπεδευομένων
1028 960 1241 1002 ἐκέλευσεν
1262 955 1362 999 εἴσω
1384 956 1459 997 τοῦ
1479 970 1598 1012 περι-

141 1029 270 1086 βόλου
295 1031 510 1085 γενέσθαι,
554 1026 687 1084 αὐτήν
714 1044 761 1070 τε
794 1025 872 1082 την
902 1024 1027 1069 πόλιν
1058 1023 1133 1066 καί
1155 1021 1205 1066 τοὶ
1229 1020 1431 1079 χρήματα
1460 1037 1600 1077 παρα..

144 1096 404 1152 ληψομένους
425 1096 498 1137 καί
520 1091 686 1136 ἅπαντα
715 1094 760 1135 ἐν
790 1095 846 1151 τῷ
873 1089 1063 1149 ἀσφαλεῖ
1086 1087 1436 1146 διαφυλάξοντας.
1478 1085 1526 1129 τὸ
1553 1087 1600 1128 δὲ

98 1159 292 1211 ι5λοιπὸν
321 1158 562 1217 στράτευμα
585 1160 629 1202 ἒν
653 1156 807 1216 ἑτέροις
838 1157 1073 1211 πολίσμασί
1094 1172 1140 1198 τε
1160 1154 1233 1197 καί
1257 1153 1474 1211 φρουρίοις
1497 1149 1601 1195 οἶνοι..

144 1234 318 1285 χωρεῖν,
349 1224 406 1276 (ὃς
438 1221 491 1268 ἂν
512 1227 584 1268 καί
604 1226 646 1268 οἳ
669 1222 996 1279 διαχειμάσοιεν.
1026 1221 1099 1264 καί
1123 1218 1233 1263 οὕτω
1263 1218 1430 1261 ἅπαντα
1449 1217 1603 1275 ἐπράτ-

147 1308 257 1336 τετο.
305 1291 399 1335 ἐπεὶ
429 1293 475 1335 δὲ
501 1291 523 1334 ὃ
545 1294 630 1334 τῶν
661 1289 874 1347 Ἔρούλων
909 1288 1089 1347 στρατὸς
1113 1286 1264 1330 οἰκείου
1296 1281 1423 1335 αὖθις
1449 1282 1600 1341 ἡγεμό-

149 1375 219 1409 νος
241 1355 436 1414 έχὴρευε,
485 1357 559 1399 δύο
593 1358 638 1399 δὲ
670 1351 790 1412 ἄνδρ’
822 1351 951 1411 ἤστην
976 1356 1022 1397 ἐν
1057 1351 1200 1403 αὐτοῖς
1224 1350 1415 1407 ἐπισημα)
1448 1366 1494 1392 τε
1529 1351 1603 1393 καί

151 1421 402 1481 ἆμφηρίστω
414 1456 427 1476 ,
469 1422 705 1479 έμεριῗζοντο
733 1423 760 1478 ἦ
786 1420 948 1477 πληθὺς
976 1423 1046 1477 ἐφ’
1070 1417 1264 1475 ἑκάτερον
1285 1423 1378 1467 ταῖς
1399 1415 1602 1472 γνώμαις.

98 1489 199 1540 20τὸ
227 1491 306 1543 μὲν
333 1488 414 1544 γάρ
448 1505 491 1530 τι
525 1486 663 1530 αὐτῶν
699 1490 798 1545 περὶ
827 1488 1023 1530 πλείστου
1057 1485 1128 1528 τὸν
1161 1482 1326 1541 Ἀρούθ
1374 1483 1601 1535 ἐποιοῦντο,

151 1554 224 1598 καὶ
241 1551 405 1597 ἅπαντα
426 1553 571 1610 σφίσιν
588 1549 756 1607 ἄμεινον
776 1549 900 1611 ᾤοντο
920 1551 1094 1594 ἔσεσθαι
1125 1549 1170 1593 εἴ
1211 1567 1258 1606 γε
1278 1551 1430 1598 ἐκεῖνος
1450 1548 1602 1603 ἡγοῖτο·
1614 1550 1642 1585 C

149 1618 316 1676 ronige}
337 1619 361 1661 0‘
385 1617 593 1661 Σινδουιὶλ
622 1614 806 1676 ἤρεσκεν,
836 1615 907 1661 ἅτε
928 1616 978 1674 δη
1008 1615 1255 1674 δραστήριος
1276 1618 1319 1665 ἐς
1339 1613 1390 1657 τοὶ
1408 1612 1606 1668 μάλιστα,

243 1701 277 1736 3.
300 1696 494 1742 εὐβουλίας
517 1709 588 1735 om.
613 1700 671 1740 R„
697 1700 810 1743 Intpr.
835 1706 876 1732 ut
899 1698 1031 1733 ceteris
1052 1709 1140 1731 suae
1166 1695 1287 1741 gentis
1311 1694 1472 1741 exemplo
1486 1693 1607 1741 jbret.

243 1746 280 1790 4.
303 1746 429 1779 ἐθέλοι
442 1747 494 1786 R„
517 1745 638 1779 ἐθέλει
659 1747 751 1791 vulg.
811 1745 845 1780 5.
857 1747 1108 1790 παραγίνεται
1119 1743 1213 1787 vulg.
1269 1745 1302 1777 8.
1327 1742 1533 1786 ἐνεχείρισε
1552 1741 1605 1779 R„

241 1793 446 1838 bey-5191&
463 1792 556 1847 vuig.
633 1795 683 1827 16.
701 1794 766 1825 καὶ
790 1789 871 1825 οἵδε
888 1792 930 1828 R.
1006 1788 1293 1834 διαχειιιάσειεν
1310 1790 1350 1823 R.
1427 1790 1480 1822 16.
1507 1785 1602 1821 οὕτω

244 1837 395 1872 ἅπαντα
420 1840 472 1878 R„
496 1838 646 1872 ἅπαντα
670 1838 767 1872 οὕτω
788 1838 883 1884 vulg.
951 1825 1137 1885 18.οἴνδρέ
1149 1838 1188 1871 R.
1250 1847 1306 1870 22.
1333 1831 1424 1872 τοὺς
1448 1833 1490 1869 δὲ
1512 1835 1550 1868 Β.
1567 1839 1606 1869 et

244 1885 373 1932 Lnga„
397 1890 480 1922 τοῖς
503 1884 543 1919 δὲ
571 1885 652 1919 edd.

155 1955 300 1989 consilii
324 1955 530 2000 exemplum
555 1960 724 1988 statuere.
775 1955 864 1988 Cum
887 1955 1012 2001 itaque
1031 1951 1287 1987 obsidentibus
1313 1952 1481 1985 Romanis
1506 1951 1608 1996 prius
1649 1970 1653 1974 -

155 2003 368 2043 nuntiasset,
397 2013 528 2047 cupere
553 2013 590 2035 se
605 2002 830 2047 praefectum
854 2003 1032 2035 exercitus
1057 2000 1168 2041 adire,
1193 1999 1306 2046 idque
1334 2001 1368 2032 ei
1395 1999 1610 2043 permissum

158 2053 264 2090 esset,
289 2048 335 2082 ad
358 2048 496 2082 Classes
508 2049 620 2090 venit,
645 2048 712 2081 ubi
741 2047 928 2082 Narsetem
950 2049 1082 2081 morari
1112 2051 1336 2092 cognoverat.
1386 2046 1503 2079 Situm
1522 2055 1609 2079 vero

158 2099 215 2127 est
237 2093 278 2128 id
302 2096 488 2129 castellum
513 2096 552 2128 in
576 2107 658 2140 agro
684 2096 907 2138 Ravennate3
934 2106 1088 2142 cumque
1130 2095 1164 2127 ei
1200 2094 1240 2126 in
1274 2098 1507 2138 conspectum
1542 2102 1609 2126 ve-

155 2141 294 2182 nisset,
326 2147 364 2175 et
388 2142 500 2177 claves
527 2142 628 2176 urbis
648 2142 840 2176 Cumarum
863 2143 935 2186 ipsi
968 2143 1007 2175 in
1042 2153 1166 2175 manus
1200 2139 1378 2180 tradidit,
1413 2140 1610 2184 omniaque

157 2197 223 2220 sua
252 2187 428 2223 benevola
464 2189 576 2224 officia
607 2190 643 2222 ei
680 2189 825 2223 detulit.
887 2188 1015 2222 Narses
1052 2199 1134 2220 eum
1167 2186 1421 2221 advenientem
1450 2186 1611 2230 benigne

158 2234 364 2277 complexus
400 2236 597 2270 maioribus
623 2247 704 2269 eum
732 2235 838 2269 bonis
863 2240 1173 2269 remuneraturum
1197 2234 1383 2279 promisit:
1416 2234 1611 2278 statimque

158 2285 299 2326 partem
322 2283 505 2328 copiarum
531 2283 662 2316 Cumas
688 2281 936 2316 obsidentium
962 2284 1001 2315 in
1025 2282 1152 2315 urbem
1177 2282 1298 2322 misit,
1325 2281 1389 2326 qui
1426 2285 1463 2313 et
1496 2281 1613 2325 ipsam

159 2331 199 2360 et
229 2329 419 2371 pecuniam
451 2341 594 2363 omnem
624 2331 845 2374 reciperent,
886 2334 1040 2376 tutoque
1076 2330 1201 2362 omnia
1226 2332 1501 2369 conservarent3
1524 2326 1612 2359 reli-

160 2373 244 2428 quis
282 2385 323 2407 co
350 2376 396 2409 iis
427 2377 467 2410 in
491 2378 562 2410 alia
596 2376 770 2422 oppidula
802 2381 839 2409 et
874 2377 1019 2410 castella
1059 2375 1224 2408 secedere
1253 2374 1382 2421 ibique
1417 2373 1611 2406 hibernare

163 2421 285 2454 iussis.
312 2386 584 2469 (guae‘quidem
607 2424 728 2457 omnia
752 2423 802 2456 ita
825 2429 968 2466 peracta
997 2428 1091 2456 sunt.
1149 2423 1384 2467 Posteaquam
1417 2432 1501 2455 vero
1536 2419 1612 2452 He-

163 2467 327 2500 rulorum
353 2469 529 2503 exercitus
553 2471 699 2515 proprio
725 2472 857 2504 iterum
884 2469 975 2503 duce
1000 2470 1072 2502 fuit
1096 2469 1263 2509 orbatus,
1291 2469 1363 2502 duo
1397 2473 1517 2500 autem
1552 2466 1614 2498 in-

162 2518 221 2546 ter
248 2524 309 2547 eos
337 2521 456 2549 essent
477 2517 547 2550 viri
571 2518 750 2563 insignes,
777 2516 983 2563 dubiaeque
1008 2518 1105 2550 inter
1140 2527 1178 2549 se
1209 2515 1451 2561 praestantiae
1467 2539 1478 2556 ,
1513 2512 1613 2547 varie

163 2560 205 2592 in
229 2566 423 2609 utrumque
446 2563 602 2596 militum
628 2566 740 2598 animi
765 2570 802 2598 et
825 2563 944 2597 studia
975 2564 1208 2597 inclinarunt.
1268 2564 1346 2595 Una
1378 2561 1475 2595 enim
1508 2569 1612 2592 exer-

165 2607 259 2640 citus
280 2619 361 2652 pars
386 2608 501 2642 Aruth
527 2611 672 2644 maximi
696 2611 875 2652 faciebat,
901 2611 1082 2657 planeque
1105 2611 1176 2644 sibi
1200 2607 1462 2655 persuadebat,
1489 2607 1613 2640 omnia

163 2653 296 2688 melius
331 2666 547 2697 successura,
574 2657 605 2691 si
629 2658 693 2691 ille
717 2659 805 2704 ipsis
831 2657 904 2691 dux
936 2658 1103 2700 daretur5
1142 2658 1246 2690 alteri
1281 2656 1375 2701 parti
1397 2653 1508 2699 magis
1531 2653 1611 2698 pla-

168 2699 276 2734 cebat
300 2701 463 2743 sindual,
487 2709 529 2737 ut
549 2708 714 2737 strenuus
732 2705 887 2738 maxime
913 2710 950 2738 et
976 2707 1016 2739 in
1040 2715 1078 2738 re
1106 2704 1238 2738 bellica
1263 2702 1367 2738 valde
1385 2702 1608 2735 exercitatus.

170 2745 240 2781 Cui
266 2749 416 2795 quidem
439 2751 535 2796 parti
562 2751 670 2787 etiam
693 2754 890 2787 assentiens
914 2751 1064 2795 Names,
1088 2751 1187 2788 hunc
1212 2751 1263 2785 eis
1288 2749 1415 2787 ducem
1436 2747 1611 2797 praefecit
