1794 3112
316 137 335 170 1
349 138 376 171 2
833 139 1102 185 AGATHIAE

305 236 460 286 μενίαν,
487 231 560 274 καὶ
582 235 659 286 μὲν
681 233 730 289 δη
754 235 826 276 καὶ
844 235 894 277 ra·
924 240 1075 288 Λαζῶν
1097 235 1190 296 ὅρια
1221 240 1498 299 Ἰουστινιανῷ
1515 245 1570 299 τῷ
1590 239 1700 285 Ῥω-

306 296 441 347 μαίων
466 296 731 352 αὐτοκράτορι
757 300 1141 355 διαπεπολέμηνται,
1179 305 1344 353 τούτους
1375 307 1419 346 δὲ
1452 303 1633 355 ἅπαντας
1654 307 1700 346 ἐκ

273 361 389 402 (Ξταῖν
411 360 649 415 Προκοπίου
677 359 802 414 λόγων
825 358 973 417 ἄριστα
1006 361 1056 405 ἂν
1083 367 1310 421 διαγνοίης,
1338 371 1378 409 Γ
1375 369 1539 424 ελίμεροί
1563 385 1608 410 τε
1629 368 1699 410 τόν

309 423 533 475 Βανδιλον,
561 424 634 465 καί
655 425 907 480 Καρχηδόνα
928 427 998 482 τὴν
1022 427 1158 482 πόλιν,
1186 433 1257 471 καί
1277 431 1352 485 τὴν
1378 432 1594 484 ξύμπασαν
1613 432 1700 486 χιό-

309 503 388 540 ραν
417 490 496 528 τῶν
521 484 692 543 ’Ἀφρων
724 488 805 530 ἀπὸ
837 493 1086 545 Βονιφατίου
1115 509 1157 533 τε
1186 497 1257 535 καί
1283 496 1323 535 Γ
1319 495 1503 550 εζερίχου
1534 495 1606 536 καί
1630 498 1725 550 τῆς5

307 552 354 592 ἐν
373 553 430 607 τῷ
457 549 548 592 τότε
575 552 837 601 ἀποστάσεως
879 557 1040 602 πολλοῖς
1071 552 1242 611 ὕστερον
1269 557 1433 610 χρόνοις
1468 559 1704 601 Ἰουστινια-

307 617 363 670 νῷ
391 617 688 668 δουλωθεῖσαν,
716 616 788 657 καί
816 614 938 657 πάλιν
957 619 1029 671 τῆς
1045 617 1264 670 (Ρωμαίων
1291 623 1546 676 ἐπικρατείας
1578 625 1704 678 μέρος

307 680 580 733 γεγενημένην.
603 678 707 730 μετὰ
726 681 772 720 δὲ
791 679 863 734 την
885 682 964 722 τῶν
982 683 1198 733 Βανδίλων
1221 685 1453 737 κατάλυσιν,
1480 687 1552 726 καί
1571 683 1645 727 ὅσα
1665 684 1704 726 οἷ

307 741 573 796 Μαυρούσιοι
609 741 653 784 τὸ
691 741 811 792 ἔθνος
841 742 1022 798 ἔδρασάν
1063 761 1106 786 τε
1133 749 1204 787 καί
1235 747 1463 789 πεπόνθασι
1496 751 1704 802 πολλαχοῦ

269 806 379 859 Βτῆς
395 804 557 858 Λιβύης
581 805 685 846 κατὰ
704 807 926 859 εΡωμαίων
960 809 1321 862 παραταττόμενοι·
1351 807 1412 852 ὅτι
1450 827 1495 852 τε
1525 809 1755 862 Στότζαςιο

305 870 376 909 καί
404 870 443 910 Γ
442 869 609 922 όνθαρις
633 867 855 921 ςΡωμαίων
888 873 966 923 μὲν
1001 867 1144 926 ἤστην,
1183 872 1366 928 τυράννω
1401 875 1446 915 δὲ
1480 874 1703 916 καταστάν-

305 947 373 983 ve,
412 931 613 985 μεγίστων
649 935 874 988 συμφορῶν
905 949 948 975 τε
976 936 1048 975 καί
1083 934 1267 977 στάσεων
1291 936 1520 979 αἰτιωτάτω
1549 939 1599 992 τῇ
1619 941 1704 978 Λι-

306 993 387 1051 βύῃ
433 994 671 1048 γεγόνατον,
718 995 790 1037 καί
824 996 881 1044 (ὃς
919 993 967 1037 οὗ
1005 998 1202 1053 πρότερον
1245 999 1430 1054 ἐλώφησε
1469 999 1522 1040 τοὶ
1574 997 1703 1051 δεινὰ,

306 1058 402 1112 πρὶν
432 1059 568 1099 ἐκείνω
603 1058 660 1100 τώ
695 1054 818 1114 ἄνδρε
862 1061 1156 1116 διαφθαρῆναι·
1194 1059 1295 1103 ἀλλὰ
1332 1065 1404 1104 καί
1432 1062 1527 1104 τάδε
1561 1063 1703 1114 ἀμέλει

307 1119 469 1163 ἅπαντα
493 1119 629 1177 εὕροις
654 1138 699 1176 γε
729 1118 780 1164 ἂν
818 1124 862 1167 ἐν
889 1125 1068 1172 ἐκείνοις·
1099 1122 1207 1174 ὅπως
1226 1142 1269 1167 τε
1297 1127 1323 1180 ἦ
1350 1125 1540 1180 στάσιςῆ
1567 1123 1756 1181 §md-15
1779 1136 1781 1140 '

306 1190 392 1235 λιος
416 1189 459 1227 ἐν
483 1187 699 1243 Βυζαντίῳ
722 1186 826 1228 κατὰ
861 1190 936 1228 τοῦ
959 1190 1159 1240 βασιλέως
1182 1190 1382 1243 ἀρθεῖσα,
1417 1189 1487 1230 καί
1511 1189 1582 1232 ἐπὶ
1599 1191 1704 1242 μέγα

308 1252 434 1290 κακοῦ
458 1247 658 1305 ἀφιγμένη
681 1250 730 1291 τὰ
755 1250 866 1292 κοινὰ
893 1251 1144 1306 ἐδηλήσατό·
1170 1252 1244 1301 τάς
1266 1269 1310 1293 τε
1329 1255 1410 1294 τῶν
1436 1249 1602 1295 Οἷῖννων
1616 1254 1704 1294 ἐπι-

225 1312 474 1368 Ρ.9δρομα“ς,
503 1314 560 1361 αἷς
588 1312 638 1367 δὴ
661 1316 704 1356 ἐν
729 1316 783 1371 τῷ
804 1314 895 1355 τότε
922 1310 1164 1370 τὸνἼστρον
1190 1314 1375 1368 ποταμὸν
1395 1317 1704 1371 περαιωθέντες,

302 1379 474 1431 μέγιστα
508 1375 574 1419 οἷα
595 1376 669 1431 την
689 1377 915 1429 ζΡωμαίων
941 1376 1076 1432 ἀρχὴν
1101 1380 1373 1434 ἐλυμήναντο,
1406 1377 1630 1433 Ἰλλὺριόνς
1658 1394 1703 1419 τε

303 1441 375 1481 καί
403 1439 631 1489 Θετταλούς
655 1440 726 1481 καί
754 1440 802 1482 τὰ
828 1446 993 1484 πλεῖστα
1023 1443 1095 1495 τῆς
1120 1442 1323 1497 Εὐρώπης
1350 1441 1600 1496 ληϊσάμενοι,
1628 1444 1755 1494 pis-20

303 1519 373 1557 ρος
393 1505 438 1544 δέ
461 1519 502 1544 τι
530 1503 600 1544 καί
619 1507 691 1557 τῆς
709 1505 864 1556 Ἀσίας,
887 1505 959 1545 τὸν
974 1503 1258 1558 Ἑλλήσποντον
1282 1504 1509 1558 διαβάντες.
1536 1505 1705 1559 Σουρών

305 1568 351 1611 δὲ
375 1568 400 1627 ἦ
426 1565 542 1618 πόλις
566 1567 590 1621 ἦ
618 1568 661 1608 ἐν
698 1567 850 1624 Συρίᾳ,
892 1567 962 1608 καί
989 1566 1186 1622 Βέρῥοια,
1214 1571 1285 1609 καί
1299 1565 1582 1620 Ἀντιόχεια-ἧ
1603 1565 1707 1620 πρός

395 1635 427 1667 3.
456 1634 628 1678 Πλίμερα
653 1634 717 1673 N„
749 1634 896 1677 Πλίμερ
925 1634 1034 1678 vulg.,
1070 1634 1231 1678 Πελίμων
1258 1635 1318 1672 Β.,
1347 1644 1411 1676 mg.
1437 1631 1631 1680 Γελίμερόν
1657 1641 1704 1664 τε.

394 1690 424 1726 7.
453 1681 565 1723 μέρος
590 1690 658 1712 om.
686 1681 722 1710 R.
820 1682 851 1713 8.
872 1679 934 1711 Pro
961 1679 998 1710 οἱ
1023 1678 1264 1723 ΙΜαυρούσιοι
1290 1680 1326 1710 Β.
1349 1677 1455 1712 habet
1473 1678 1588 1723 οἶμαι.
1614 1677 1706 1710 Satis

392 1724 584 1756 verisimile
605 1729 659 1757 est
686 1723 870 1768 Agathiam
896 1723 1090 1767 scripsisse:
1124 1723 1161 1755 οἱ
1186 1725 1306 1767 Μαυρ.
1337 1722 1440 1767 οἶμαι
1463 1734 1492 1756 τ.
1521 1723 1546 1756 ἔ.
1598 1734 1647 1755 ιο.
1669 1731 1707 1755 τε

393 1770 431 1802 Β.
443 1780 506 1812 pro
518 1769 588 1808 τῆς.
640 1781 689 1803 ιο.
713 1768 852 1811 Λιβύης
866 1770 914 1807 R„
929 1769 1070 1810 Λιβύας
1081 1769 1168 1812 vulg.
1228 1766 1387 1806 Στότζας
1401 1769 1490 1812 vulg.
1505 1774 1540 1800 et
1550 1769 1706 1811 P-rocop„

394 1813 560 1852 Στώτζας
571 1815 608 1845 R.
705 1826 715 1846 1
728 1826 753 1846 ι.
768 1815 964 1857 Γονθαρεὶς
978 1815 1014 1844 R.
1105 1812 1296 1858 Ῥωμαίων
1307 1814 1400 1856 vulg.
1415 1819 1451 1846 et
1467 1815 1515 1852 R„
1539 1814 1716 1845 transfixa.

396 1860 434 1891 in
454 1860 489 1890 R.
515 1859 634 1892 nescio
659 1870 678 1891 a
702 1871 772 1903 quo
791 1870 812 1891 ν
836 1859 945 1890 finali.
993 1859 1099 1902 Intpr.
1128 1860 1188 1902 qui
1211 1859 1332 1891 vertit:
1355 1859 1596 1891 Romanarum
1619 1869 1708 1902 par·

393 1905 483 1937 tium
503 1912 625 1943 erant,
659 1903 796 1948 aliquid
818 1905 984 1946 amplius,
1020 1903 1167 1936 fortasse
1191 1902 1382 1948 ξυμμάχω,
1410 1903 1534 1947 legisse
1555 1903 1707 1938 videtur.

400 1961 450 1983 12.
477 1950 541 1989 τῆς
560 1948 698 1991 Λιβύης
718 1951 755 1986 Β,
850 1950 898 1981 18.
927 1949 975 1983 ὥς
996 1941 1038 1988 δὴ
1069 1950 1205 1983 Β,οοιϊ.
1226 1960 1288 1992 pro
1321 1947 1360 1984 ὃς
1387 1945 1445 1988 δὴ,
1478 1949 1516 1980 οἳ
1545 1941 1587 1988 δὴ
1612 1948 1705 1992 vulg.

397 2005 452 2027 αι.
470 1992 535 2035 τὴν
549 1993 648 2032 εΕλλ.
664 1996 702 2028 R.
792 1991 948 2038 Σουρών
961 1995 1012 2033 R„
1035 1995 1191 2038 Σουριῦν
1207 1994 1311 2037 vulg.,
1335 1993 1492 2038 Σούρων
1507 1994 1648 2036 Procop.

308 2065 415 2105 atque
437 2062 636 2094 universam
659 2060 823 2092 Afrorum
853 2059 1029 2103 regionem
1060 2059 1256 2095 Iustiniano
1281 2059 1519 2102 subiugatam,
1551 2069 1706 2090 rursum-

309 2118 380 2151 que
399 2106 544 2142 Romani
570 2106 711 2150 Imperii
733 2111 867 2148 partem
885 2106 1030 2143 factam,
1063 2109 1142 2147 post
1164 2104 1294 2141 multos
1316 2115 1424 2136 annos
1447 2115 1572 2148 quam,
1597 2104 1705 2134 Boni-

309 2152 393 2184 facii
409 2151 636 2195 Gesericique
656 2156 789 2190 aetate,
815 2149 898 2183 inde
924 2150 1043 2182 avulsa
1071 2148 1203 2181 fuerat-
1247 2149 1327 2180 Post
1349 2159 1430 2181 vcro
1455 2147 1590 2181 deletos
1609 2146 1705 2182 Van-

310 2195 428 2236 dalos‚
452 2208 541 2240 quae
600 2201 777 2240 nautaque
801 2196 893 2231 mala
917 2199 952 2227 et
975 2194 1137 2231 intulerit
1167 2199 1202 2226 et
1232 2194 1406 2237 acceperit
1429 2204 1511 2236 gens
1531 2192 1706 2225 Maurita—

307 2242 411 2280 nica,
444 2241 561 2274 multis
575 2209 716 2283 1Libyae
740 2241 827 2273 locis
852 2250 930 2272 cum
953 2240 1115 2275 Romanis
1138 2238 1331 2283 praeliata}
1366 2243 1475 2283 utque
1505 2238 1639 2270 Stotzas
1672 2243 1708 2274 et

311 2285 500 2318 Gontharis
519 2298 539 2319 a
560 2287 792 2322 Romanorum
816 2284 974 2328 partibus
999 2288 1144 2324 stantes,
1169 2288 1306 2326 arrepta
1327 2283 1513 2325 tyrannide
1536 2283 1705 2314 maxima·

310 2343 388 2369 rum
413 2331 651 2368 calamitatum
678 2329 964 2373 seditionumque
983 2334 1140 2365 auctores
1159 2329 1290 2370 Libyae
1310 2328 1451 2366 fuerint,
1476 2337 1592 2371 neque
1609 2327 1706 2369 prius

312 2387 461 2412 cessasse
482 2377 585 2414 mala,
611 2387 715 2420 quam
736 2375 872 2407 duobus
892 2374 988 2406 hisce
1002 2373 1176 2417 capitibus
1201 2385 1219 2406 e
1240 2373 1355 2405 medio
1381 2372 1538 2410 sublatis,
1577 2370 1646 2404 Sed
1670 2375 1707 2407 et

312 2421 400 2459 haec
423 2422 495 2455 fere
517 2421 634 2459 omnia
655 2422 693 2453 in
716 2420 874 2463 Piocopii
898 2419 1044 2451 historia
1070 2420 1235 2462 reperias,
1259 2417 1434 2462 quomodo
1462 2417 1628 2450 videlicet
1647 2417 1706 2448 in-

312 2467 442 2504 testina
457 2465 584 2499 seditio
606 2466 764 2509 Byzantii
785 2465 947 2502 adversus
969 2474 1084 2507 regem
1107 2464 1270 2503 excitata,
1294 2463 1400 2506 inque
1422 2463 1612 2499 maximum
1630 2471 1706 2496 ma-

312 2512 388 2549 lum
411 2516 549 2550 evecta,
585 2521 658 2546 rem
680 2510 859 2554 publicam
887 2509 1074 2547 afflixerit,
1108 2509 1315 2542 Hunnorum
1339 2507 1444 2544 etiam
1470 2505 1710 2543 excursiones,

314 2559 377 2601 qui
417 2568 457 2590 ea
488 2561 694 2600 tempestate
723 2555 924 2588 transmisso
958 2554 1124 2587 Danubio
1163 2555 1352 2588 Romanum
1379 2551 1566 2595 Imperium
1599 2561 1706 2594 quam

313 2603 476 2638 maximis
500 2601 636 2634 damnis
659 2603 867 2639 affecerunt,
892 2599 1028 2642 Illyrios
1054 2604 1090 2631 et
1113 2599 1298 2631 Thessalos
1317 2597 1572 2639 maximamque
1593 2595 1706 2630 Euro-

314 2658 380 2696 pae
398 2652 533 2696 partem
553 2646 776 2696 depopulati,
802 2649 939 2694 partem
971 2644 1074 2682 etiam
1089 2644 1213 2684 Asiae,
1242 2642 1444 2693 tiammisso
1465 2640 1706 2690 Hellespomaess·
