1794 3112
563 130 936 173 fflsTomARUM
977 134 1029 172 11.
1058 135 1099 175 2.
1312 162 1314 164 .
1489 112 1560 185 67

134 237 186 294 τῇ
209 235 317 290 ἄμφ’
349 231 476 275 αὐτὸν
501 233 676 285 δυνάμει
709 230 841 282 εὐθὺς
863 232 1070 289 ἀπεχώρει
1078 267 1091 286 ,
1131 233 1204 273 καί
1228 228 1285 280 ὥς
1307 226 1360 273 ἂν
1380 229 1566 288 ιῖσφαλέ-
1578 241 1737 276 A.C.553

133 317 261 349 στατα
282 298 356 355 τὴν
377 297 491 340 λείαν
511 298 732 355 διακομίσῃ
754 297 951 353 ἠπείγετο,
964 298 1288 352 βεβουλευμένον
1312 297 1435 354 αὐτῷ,
1455 298 1566 338 ἐπει-
1578 291 1603 323 Ῑ·
1618 291 1698 333 14³7

133 364 213 415 δᾶν
242 363 380 406 οἴκαδε
401 365 562 419 ἵκηται,
604 363 692 406 τότε
721 362 772 420 δὴ
799 363 930 414 εὐθὺς
959 362 1014 414 ὥς
1035 363 1108 406 τὸν
1136 360 1317 418 ἀδελφὸν
1348 367 1504 404 στεῖλαι
1525 361 1570 404 τὸ

132 428 370 487 στράτευμα
397 429 704 484 ξυλληψόμενον
737 430 849 487 αὐτῷ
873 430 943 471 τοῦ
965 429 1172 472 κινδύνου.
1203 428 1295 469 ἀλλ’
1315 421 1408 469 οἷῖτε
1431 429 1572 486 ἐκείνῳ

35 496 47 504 “
106 497 179 549 ςές
197 499 308 545 τέλος
327 496 460 550 ἀπέβη
482 493 533 537 τὰ
561 496 807 550 δοκηθέντα,
847 497 902 552 τῷ
923 510 966 536 τε
998 495 1166 551 ἀδελφῷ
1188 493 1237 534 οὐ
1264 493 1380 545 μάλα
1403 489 1574 549 ἤρκεσεν

133 562 354 614 ἐπαμῦναι.
390 555 469 615 ἤδη
490 559 567 616 γὰρ
585 561 696 618 αὗτῷ
713 558 795 602 ἀνα
813 559 887 614 τὴν
906 559 1037 615 αὐτὴν
1060 559 1230 614 πορείαν
1246 559 1613 616 ἐπανερχομένῳ,Β

133 627 262 681 μέχρι
287 627 366 679 μὲν
391 626 582 680 Πικηνοῦ
608 628 681 681 τῆς
706 626 847 681 χώρας
886 623 1062 667 οὖδενότι
1088 621 1309 666 ἀντίπαλον
1328 625 1574 679 ξυνηνέχθη.

135 691 194 742 ὥς
219 693 264 734 δὲ
287 693 470 734 ἐνταῦθα
493 690 576 749 ὁδῷ
592 689 667 733 ἰών
690 689 880 745 ἐγεγόνει,
902 689 1023 739 αὐτὸς
1039 691 1119 742 μὲν
1141 689 1238 744 περὶ
1265 686 1338 743 τὴν
1372 690 1512 730 Φάνον
1533 690 1577 730 ἐ-

136 757 475 814 στρατοπεδεύετο
492 755 567 812 την
588 756 717 798 πόλιν.
746 755 907 798 ἔστελλε
932 756 978 796 δὲ
989 754 1130 806 εὐθὺς,
1143 749 1281 809 ὥσπερ
1302 751 1455 805 εἰώθει,
1475 769 1577 808 προ-

90 820 330 880 ιοφύλακας
355 821 430 864 καὶ
461 824 679 878 ὁίοπτῆρας
702 817 858 876 ἄνδρας
889 822 932 870 ἐς
953 819 1230 876 τρισχιλίους,
1272 818 1321 859 οὗ
1336 815 1465 870 μόνον
1487 819 1579 859 ἑπι-

138 889 420 942 σκεψομένους
442 886 493 929 τά
511 887 664 943 πρόσω,
692 885 798 928 ἀλλὰ
823 884 902 941 γὰρ
923 887 1015 937 καί,
1045 883 1164 925 εἵπου
1184 884 1374 936 πολέμιοι
1396 888 1578 939 φανεῖεν,

139 954 466 1007 ἀμυνουμένους.
516 952 778 1009 Ἀρταβάνης
805 954 851 994 δὲ
874 953 946 993 καί
969 945 1142 1004 Οῧλδαχ
1167 948 1188 992 ὃ
1211 946 1380 1002 Οὗννος,
1402 947 1581 1002 ἐτύγχα-

140 1035 211 1063 νον
231 1015 310 1074 γὰρ
339 1014 429 1070 ἅμα
459 1017 732 1074 στρατεύματι
761 1017 989 1073 “Ρωμαί“κῷ
1011 1031 1056 1057 τε
1081 1016 1154 1057 καί
1188 1015 1374 1072 Οὕννικῷ
1407 1015 1467 1064 εἰς
1495 1015 1584 1055 Πί-

142 1089 298 1140 σαυρον
324 1081 400 1138 τὴν
435 1083 555 1126 πόλιν
587 1083 888 1137 ξυνειλεγμένοι
920 1082 992 1122 καί
1017 1082 1307 1137 ἐφεδρεύοντες
1329 1081 1382 1136 τῇ
1398 1080 1583 1136 παρόδῳ,

94 1144 256 1194 Ιόοὗτοι
279 1147 329 1203 δὴ
360 1142 455 1202 οὖν,
492 1147 634 1204 ἐπειδὴ
660 1150 844 1198 ἐκείνους
865 1145 962 1196 τοὺς
989 1145 1275 1202 προπορευτάς
1296 1146 1523 1188 ἐθεάσαντο
1541 1145 1586 1185 ἐν

145 1214 259 1272 αὐτῷ
287 1212 337 1269 δὴ
360 1215 419 1272 τῷ
451 1216 624 1272 αἰγιαλῷ
652 1215 727 1256 τοῦ
757 1214 928 1255 Ἰονικοῦ
949 1210 1099 1254 κόλπου
1135 1213 1208 1252 καί
1235 1212 1285 1268 τῇ
1308 1208 1485 1267 κροκάλῃ
1511 1225 1587 1250 πο-

145 1279 416 1336 ρευομένους,
462 1278 714 1334 ὗπεκβάντες
737 1281 812 1320 τοῦ
839 1273 1009 1330 ἄστεος,
1048 1275 1324 1330 ἐσβάλλουσιν
1357 1274 1517 1329 ἀθρόον
1550 1276 1634 1324 &gc

147 1343 324 1398 αὖτοὺς,
351 1340 401 1386 εὖ
419 1345 537 1399 μάλα
561 1346 923 1401 παρατεταγμένοι,
951 1345 1025 1385 καί
1053 1341 1227 1392 πολλοὺς
1245 1344 1326 1396 μὲν
1347 1347 1429 1391 τοῖς
1452 1341 1592 1396 ξίφεσι

244 1446 272 1470 ι.
300 1432 352 1480 ἄμ
389 1434 403 1467 ἱ
426 1431 544 1468 αὐτὸν
567 1434 604 1466 Β.
709 1429 826 1468 εὐθὺς
849 1430 1101 1476 ιῖπεχώρει-
1129 1428 1258 1463 οἴκαδε
1299 1430 1435 1471 ἵκηται.
1472 1428 1590 1463 Pluri-

240 1492 338 1515 mum
388 1506 396 1514 .
423 1480 448 1513 1.
474 1480 518 1513 ab
544 1491 584 1513 ea
604 1480 813 1513 recensione
838 1490 943 1524 quam
967 1474 1079 1522 Lugd.
1106 1477 1266 1518 exhibet,
1294 1477 1357 1510 illa
1382 1476 1460 1509 abit
1487 1487 1593 1521 qnam

242 1527 282 1562 R.
308 1532 346 1560 et
369 1527 477 1572 Intpr.
506 1527 719 1572 exprimunt.
767 1525 854 1559 Nam
881 1525 975 1569 vulg.
1014 1522 1160 1569 quidem
1183 1524 1272 1556 haec
1306 1523 1436 1556 habet:
1476 1519 1594 1558 εὐθὺς

241 1572 444 1618 ἀπεχώρει,
467 1574 757 1618 βεβουλευμένον
781 1570 891 1616 αὐτῷ,
915 1567 1076 1604 ἐπειδάν
1103 1569 1369 1615 ἀσφαλέστατα
1398 1565 1466 1610 τὴν
1489 1569 1594 1601 λείαν

249 1618 453 1665 διακομίσῃ
474 1621 537 1652 καὶ
567 1618 698 1653 οἴκαδε
725 1618 872 1660 ἰ’κηταις
901 1629 992 1664 quac
1019 1627 1085 1662 per
1110 1628 1148 1650 se
1174 1623 1351 1662 spectata,
1384 1616 1444 1649 vix
1469 1625 1594 1659 repre-

242 1665 431 1700 henderes.
504 1667 540 1698 R.
566 1671 708 1705 autem,
739 1677 848 1710 quum
879 1665 1150 1710 praestantioris
1193 1663 1412 1696 recensionis
1441 1662 1593 1706 vestigia

243 1717 447 1752 conservet,
486 1711 592 1757 longe
625 1713 846 1756 corruptior-a
880 1710 1054 1750 exhibet,
1079 1710 1215 1743 cunctis
1241 1710 1285 1742 ab
1314 1708 1505 1753 α’πεχώρει
1529 1719 1591 1740 us-

243 1770 315 1805 que
341 1758 387 1792 ad
411 1757 676 1803 ἀσφαλέστατα
709 1757 892 1791 vocabulis
920 1757 1083 1796 omissis,
1110 1757 1190 1789 aliis
1205 1756 1449 1801 transpositis:
1476 1751 1596 1790 ειῖθύς

242 1803 319 1848 τήν
335 1806 439 1839 λείαν
463 1804 667 1851 διακομίσῃ
690 1802 861 1849 ἠπείγετο
889 1803 939 1839 ὦς
970 1799 1019 1836 ἄν
1043 1804 1107 1835 καὶ
1128 1801 1256 1835 οἴκαδε
1292 1804 1426 1842 ἵκηται.
1476 1802 1595 1833 Inter-

242 1862 325 1898 pres
350 1851 520 1897 denique,
545 1851 775 1896 integerrimo
801 1850 924 1883 codice
943 1861 1049 1889 usus,
1074 1849 1152 1882 sine
1177 1849 1253 1881 ullo
1279 1849 1407 1881 erroris
1432 1848 1593 1891 periculo

244 1899 291 1932 ad
316 1900 502 1942 veritatem
527 1897 650 1938 ducit,
687 1897 771 1930 dum
798 1898 849 1929 sic
872 1896 1000 1930 vertit:
1025 1896 1225 1930 Leuzhares
1254 1892 1379 1939 itaque
1404 1906 1482 1928 cum
1500 1902 1595 1928 cete-

243 1946 296 1980 ris
321 1945 422 1979 circa
444 1956 480 1978 se
508 1944 623 1990 copiis
643 1942 821 1989 praedam
846 1953 984 1976 omnem
1009 1954 1118 1987 quam
1139 1942 1294 1988 primum
1309 1953 1428 1975 secum
1450 1939 1595 1986 deferre
1650 1964 1654 1969 -

244 1990 496 2032 accelerabat,
521 1999 557 2025 et
581 1990 722 2024 domum
743 1984 971 2023 contendere.
1065 1990 1096 2022 3.
1123 1983 1243 2025 εὔθιῖς
1278 1988 1358 2021 add.
1391 1999 1433 2020 ex
1458 1988 1496 2019 R.
1547 1986 1597 2023 ὥς

245 2038 283 2071 Β.
299 2062 309 2079 ,
333 2037 371 2074 ἐς
394 2038 486 2082 vulg.
581 2039 614 2071 6.
641 2035 757 2078 αὐτήν
782 2037 847 2070 ins.
875 2047 927 2069 ex.
961 2035 998 2067 R.
1028 2039 1064 2067 et
1088 2035 1197 2078 Intpr.
1234 2032 1358 2068 eadem
1388 2035 1466 2067 via.
1564 2045 1595 2078 7.

245 2085 433 2126 Πικηνοῦ.
467 2084 527 2118 Sic
549 2084 588 2117 R.
610 2089 648 2116 et
671 2085 796 2128 Intpr.,
824 2082 917 2127 vulg.
943 2082 1094 2122 πυκνῆς.
1121 2081 1223 2114 Vulc.
1254 2081 1344 2114 coni.
1374 2079 1542 2121 Πικένης
1569 2092 1594 2112 s⁴

245 2132 507 2173 Πευκεντίνης.
602 2142 634 2175 9.
661 2130 805 2163 ἔστελλε
832 2130 883 2170 R„
900 2128 1042 2162 ἔστειλε
1067 2126 1159 2172 vulg.
1237 2138 1286 2162 12.
1307 2125 1596 2172 ἀμυνουμένους

249 2176 315 2218 cl„
340 2175 602 2224 ἀμυνομένους
652 2178 690 2209 R.
716 2181 753 2210 et
784 2176 876 2220 vulg.
952 2173 1100 2217 Οὔλδαχ
1127 2176 1163 2207 Β.
1188 2179 1225 2207 et
1253 2175 1376 2217 Intpr.,
1406 2172 1599 2218 Οὐλδάχης

246 2224 342 2269 vulg.
412 2225 462 2259 15.
488 2217 532 2267 δὴ
554 2219 624 2259 οὖν
640 2225 676 2256 R.
692 2221 862 2268 etLugd.,
889 2220 929 2255 δὲ
945 2216 1013 2255 οὖν
1033 2220 1112 2254 edd.
1205 2222 1255 2255 16.
1281 2221 1452 2254 Ἷωνικοῦ
1464 2221 1502 2252 Β.
1610 2240 1613 2243 -

158 2301 213 2336 hil
237 2300 383 2346 quidem
402 2301 540 2336 adversi
570 2302 616 2336 ad
645 2302 815 2337 Picenum
834 2310 955 2345 agrum
988 2309 1102 2345 usque
1123 2298 1272 2332 accidit:
1298 2310 1377 2332 cum
1401 2303 1520 2332 autem
1550 2310 1592 2331 eo

159 2359 364 2394 progressus
387 2351 631 2393 pervenisset,
656 2350 734 2394 ipse
749 2348 896 2394 quidem
919 2347 1010 2379 circa
1029 2347 1167 2380 Fanum
1184 2346 1311 2379 urbem
1337 2351 1450 2378 castra
1479 2350 1592 2377 meta-

164 2400 221 2427 tus
245 2399 314 2437 est3
342 2396 478 2429 emissis
503 2397 610 2430 etiam
636 2396 773 2436 statim,
801 2406 864 2428 suo
882 2404 1003 2434 more,
1038 2393 1331 2438 praecursoribus
1358 2397 1395 2425 et
1431 2392 1594 2436 specula—

160 2441 300 2474 toribus
324 2439 370 2474 ad
393 2443 461 2474 tria
482 2442 669 2476 hominum
693 2443 827 2482 millia,
855 2441 918 2485 qui
943 2451 1016 2473 non
1032 2440 1148 2473 solum
1165 2440 1343 2472 anteriora
1361 2439 1439 2471 loca
1464 2438 1593 2482 explo-

161 2493 299 2527 rarent,
320 2487 404 2528 scd,
427 2488 543 2522 sicubi
566 2489 687 2522 hostes
711 2492 979 2533 comparerent,
1011 2486 1258 2531 profligarent:
1284 2484 1480 2518 Artabanes
1505 2495 1546 2516 ve
1561 2495 1600 2516 ro

161 2539 200 2567 et
223 2533 357 2566 Uldaeh
391 2534 454 2566 ille
487 2535 648 2576 Hunnus,
682 2536 841 2581 quicum
865 2535 1023 2566 exercitu
1045 2535 1201 2566 Romano
1216 2533 1350 2577 pariter
1371 2536 1407 2564 et
1421 2531 1529 2563 Hunn
1543 2532 1602 2563 ico

151 2580 208 2616 ‚ad
228 2580 412 2614 Pisaurum
429 2579 555 2615 urbem
574 2582 718 2615 collecti
751 2586 852 2615 erant
869 2605 878 2620 ,
908 2580 1052 2614 insidiis
1075 2581 1115 2612 in
1141 2579 1292 2612 transitu
1315 2578 1499 2610 collocatis
1516 2602 1525 2617 ‚
1550 2575 1603 2617 hi,

162 2627 331 2671 inquam,
355 2638 601 2672 praecursores
619 2628 702 2661 illos
722 2628 946 2673 conspicati,
968 2628 1006 2660 in
1033 2627 1112 2671 ipso
1144 2626 1258 2658 Ionici
1285 2626 1383 2657 sinus
1412 2624 1540 2656 littore
1568 2629 1605 2656 ct

165 2671 351 2717 crepidine
372 2679 498 2707 euntes
513 2699 522 2715 ,
546 2675 675 2718 egressi
695 2675 786 2708 urbe
802 2700 811 2715 ,
847 2675 998 2718 acieque
1012 2675 1148 2718 optime
1166 2673 1338 2704 instructa
1355 2670 1541 2703 confertim
1565 2671 1603 2703 in

169 2729 229 2752 eos
253 2719 418 2762 irruunt,
444 2732 486 2754 ac
503 2720 634 2754 multos
651 2721 796 2766 quidem
813 2720 940 2766 gladiis
964 2719 1152 2754 caedentes
1177 2717 1294 2751 trucid
1305 2722 1387 2760 ant5
1408 2728 1480 2751 non
1499 2717 1604 2762 pauci
