1722 3146
682 134 960 177 AGATHIAE
1438 137 1547 176 XVII

119 236 242 284 ritssn
264 234 388 275 huius
406 235 644 290 scriptoris,
671 250 757 290 quo
785 237 900 276 edito
921 242 1196 292 permagnum
1218 245 1330 280 certe
1353 238 1465 292 cepit
1488 239 1549 278 hi·

117 301 246 340 storia
266 301 592 352 incrementum,
619 315 814 341 sermone
834 304 1099 354 exquirendo
1123 305 1394 357 splendidum
1411 304 1550 358 philo-

111 365 256 420 logiae
280 365 582 406 documentum
594 367 736 419 edere,
758 367 802 406 id
819 367 1139 408 facundissimos
1161 369 1547 423 quosque'Attieos‚

117 431 153 472 si
167 432 260 484 quis
280 433 332 471 ad
356 446 499 471 manes
521 432 573 471 de
594 433 716 473 factis
747 433 898 472 nostris
915 447 1062 472 rumor
1083 441 1238 482 manat,
1253 448 1338 474 non
1364 434 1454 473 sine
1482 435 1546 472 in-

106 495 228 536 >vidia
258 499 371 536 ferre
409 496 618 537 existimo.
686 497 826 537 Hodie
857 497 1056 551 Agathias
1089 498 1162 537 vix
1208 500 1403 551 cuiquam
1440 501 1550 539 ultra

110 561 452 602 ⁴mediocritatem
472 577 690 617 assurgere
709 562 943 603 videbitur:
987 563 1092 603 licet
1107 564 1157 605 G.
1179 562 1211 605 Ι.
1230 564 1418 615 Vossius,
1434 564 1550 603 haud

108 626 223 668 levis
243 628 508 668 auctoritatis
546 628 634 678 vir,
674 634 833 668 tersum
862 628 952 668 eius
989 619 1115 681 atque
1149 627 1346 667 floridum
1378 629 1550 668 dicendi

110 693 250 745 'genus
277 693 503 747 praedicet.
565 694 690 734 Certe
714 693 803 747 ipse
822 708 958 733 sermo
975 708 1150 747 graecus
1174 707 1196 731 a
1219 693 1416 746 puritate,
1441 707 1550 746 quae

110 768 255 798 tamen
272 758 447 798 minima
467 759 557 799 laus
579 765 701 809 esset,
722 760 849 812 longe
869 758 1008 806 abest;
1039 773 1101 808 ac,
1130 773 1182 798 ne
1202 773 1224 796 a
1246 757 1358 798 vitiis
1377 758 1551 811 quidem

109 823 398 877 grammaticis
428 824 649 874 immunis,
688 823 801 863 haud
830 837 925 863 raro
962 823 1184 877 degeneris
1216 823 1414 876 loquelae
1452 829 1552 861 nota

112 888 331 929 foedatur:
367 895 458 929 tum
483 904 584 930 vero
614 889 799 929 admixta
825 889 1128 939 dialectorum,
1162 889 1326 928 ionicae
1359 901 1553 941 praeser-

109 953 216 1005 tim,
246 954 550 1009 epicorumque
582 954 809 996 verborum
846 955 1077 1004 varietate,
1120 953 1206 994 sive
1242 954 1431 1007 quaesita
1460 953 1551 993 sive

112 1019 408 1074 imprudenter
435 1025 666 1074 assumpta,
695 1019 935 1073 saepissime
965 1018 1155 1061 offendit.
1223 1021 1342 1070 Quae
1375 1023 1421 1056 ut
1449 1031 1551 1057 con-

74 1132 80 1140 ·
112 1083 336 1124 donaveris
375 1084 468 1126 aevi
498 1084 764 1135 infelicitati,
799 1083 1139 1138 praecipuaeque
1167 1083 1409 1123 difficultati
1446 1081 1554 1122 scri-

110 1149 242 1191 bendi
269 1149 414 1204 lingua
437 1150 687 1197 emoriente,
721 1157 948 1203 antequam
967 1149 1112 1188 adulta
1137 1149 1191 1189 sit
1212 1156 1338 1203 atque
1363 1163 1385 1188 e
1410 1146 1552 1187 matris

112 1215 328 1254 consortio
355 1215 503 1254 exierit
517 1215 716 1269 vulgaris,
741 1229 826 1269 qua
848 1215 928 1254 iam
946 1213 1139 1267 quotidie
1161 1219 1364 1260 utuntur3
1394 1218 1550 1261 tamen,

108 1283 159 1319 ut
187 1279 356 1319 laudem
386 1280 544 1321 tribuas
574 1279 804 1330 historico,
843 1279 1093 1335 sapientiam
1120 1279 1455 1332 gravitatemque
1481 1291 1552 1316 re-

110 1343 280 1398 quires:
316 1350 360 1384 at
386 1345 431 1385 id
460 1360 545 1384 non
578 1346 718 1386 minus
753 1345 910 1384 frustra
940 1344 985 1383 in
1025 1344 1205 1398 Agathia
1245 1350 1402 1386 nostro.
1462 1343 1552 1381 Imo

107 1410 251 1463 potius
280 1409 473 1450 ieiunum
499 1410 721 1463 ingenium
742 1410 786 1448 in
808 1410 1032 1450 sententiis
1063 1409 1210 1463 prodit
1230 1423 1334 1462 quas
1356 1407 1553 1462 saepissi-

107 1488 177 1514 me
192 1476 354 1529 profert
365 1505 377 1527 ‚
391 1476 506 1516 tritas
519 1476 746 1516 admodum
761 1481 886 1529 atque
905 1490 927 1515 e
943 1475 1050 1515 locis
1066 1475 1218 1529 petitas
1233 1474 1549 1514 communibus:

108 1539 183 1580 ubi
198 1554 298 1580 vero
311 1546 457 1594 argute
478 1541 600 1594 loqui
615 1541 764 1596 satagit
781 1540 1087 1594 frigidissimas,
1130 1539 1224 1581 Viri
1244 1539 1345 1578 boni
1359 1539 1551 1578 animum

107 1617 208 1646 cum
235 1604 520 1645 ostentatione
542 1619 644 1659 prae
674 1620 717 1645 se
748 1606 867 1646 fertz'
898 1619 1041 1658 neque
1070 1610 1226 1655 tamen,
1256 1609 1461 1658 quantum
1482 1603 1550 1642 di-

108 1684 313 1725 gnoscere
337 1670 454 1720 licet,
485 1670 616 1709 falsos
647 1670 847 1709 immunis
867 1670 919 1709 ab
939 1669 1218 1710 insectatione
1241 1669 1400 1723 pariter
1421 1675 1547 1722 atque

107 1735 160 1776 ab
186 1735 430 1777 adulatione
462 1748 539 1789 per
563 1734 812 1775 universum
835 1748 967 1788 opus:
1001 1734 1148 1789 ouius,
1179 1747 1475 1787 quaecumque
1503 1736 1548 1771 in

108 1815 161 1842 eo
183 1800 525 1856 reprehenderis,
555 1800 608 1840 ad
636 1800 951 1854 cognoscendas
973 1813 1040 1839 res
1064 1805 1199 1853 gestas
1222 1813 1434 1838 summum
1455 1813 1548 1853 pre-

105 1866 214 1907 tium
237 1871 364 1920 atque
391 1865 518 1906 unica
541 1866 702 1905 utilitas
732 1872 806 1906 est.
864 1865 1012 1905 Italica
1040 1870 1180 1904 tamen
1208 1865 1377 1919 negotia
1398 1878 1547 1918 parum

107 1931 277 1986 cognita
313 1930 508 1972 habuisse
537 1931 728 1981 videtur,
769 1930 814 1969 in
852 1930 1133 1970 orientalibus
1167 1929 1293 1984 longe
1331 1929 1545 1969 versutior.

106 1999 247 2048 Quem
268 1996 303 2037 si
324 1997 532 2051 Procopio
558 1986 692 2050 quum
713 1995 887 2050 ingenio
914 2001 1003 2034 tum
1023 1994 1139 2035 civili
1161 1995 1421 2048 militarique
1441 2009 1544 2048 pru-

105 2061 250 2102 dentia
270 2062 395 2116 longe
408 2062 656 2102 interiorem
669 2075 758 2101 esse
780 2060 978 2100 Gibbono
996 2060 1121 2100 facile
1139 2060 1417 2106 concesseris3
1438 2060 1545 2099 fate-

105 2126 204 2168 Bere
217 2133 356 2167 tamen
373 2127 521 2168 eadem
536 2127 701 2167 ratione
720 2140 850 2180 super
867 2132 1030 2167 ceteros
1044 2140 1204 2176 omnes,
1229 2125 1305 2179 qui
1326 2126 1544 2165 consecuti

106 2199 228 2244 sunt,
259 2193 471 2233 eminere:
497 2193 636 2232 virum
652 2198 795 2232 autem
806 2193 941 2231 multo
967 2191 1189 2231 meliorem
1207 2204 1296 2231 esse
1318 2191 1540 2245 Procopio.

214 2257 478 2298 Christianus
499 2273 551 2297 an
581 2257 735 2306 fuerit,
765 2257 810 2296 in
843 2264 1061 2310 utramque
1099 2261 1260 2309 partem
1285 2256 1541 2310 disputatum

106 2327 188 2362 est:
218 2337 367 2363 verum
393 2323 505 2362 edito
526 2323 826 2376 epigrammate
851 2336 938 2376 quo
959 2320 1147 2361 tabulam
1164 2320 1435 2374 Archangelo
1463 2321 1540 2361 de-

105 2387 219 2427 dicat
240 2388 324 2437 27),
353 2387 471 2427 illam
488 2388 740 2441 religionem
754 2388 987 2442 professum
1010 2400 1098 2426 esse
1127 2391 1246 2426 extra
1274 2386 1450 2425 dubium
1465 2392 1539 2425 est.

104 2451 140 2491 A
162 2467 247 2505 quo
279 2452 312 2492 si
339 2453 580 2493 discesseris
597 2483 608 2502 ,
648 2453 762 2492 inter
784 2459 923 2492 cetera
941 2466 1050 2505 quae
1064 2450 1244 2505 proferri
1267 2458 1441 2504 possent
1468 2451 1535 2490 fir-

104 2517 334 2557 missimum
366 2517 556 2557 eiusdem
582 2517 797 2571 opinionis
821 2523 1119 2571 argumentum
1145 2521 1267 2566 esset,
1297 2516 1412 2568 quod
1440 2530 1537 2569 apo-

101 2582 331 2637 phthegma
350 2596 402 2622 ex
430 2596 540 2624 novo
559 2583 732 2623 foedere
745 2582 825 2622 sibi
841 2590 989 2624 notum
1008 2595 1097 2623 esse
1110 2581 1253 2636 prodit
1270 2582 1343 2631 28).
1386 2581 1534 2635 Neque

149 2691 210 2736 27)
233 2691 390 2736 Epigr.4.
458 2690 516 2736 28)
540 2691 703 2727 Hist.111.
731 2704 780 2726 12.
807 2692 978 2738 p.165.cf.
1006 2691 1165 2725 Iudicem
1179 2701 1286 2736 graec.
1312 2700 1336 2723 s.
1364 2687 1532 2731 ν,ζηλόω.

148 2769 334 2815 Agathias.
1118 2768 1139 2801 b
