1794 3112
316 143 386 197 80
878 162 1145 204 AGATmAE

123 267 166 303 Δ.
184 266 220 299 C.
235 268 299 301 553
312 259 525 300 διέταττεν.
564 259 599 300 οἱ
619 262 695 311 μὲν
714 254 784 300 οὖν
807 259 939 310 ἱππεῖς
959 261 1206 318 ἑκατέρωθεν
1231 261 1300 304 ἐπὶ
1320 264 1398 304 τῶν
1422 258 1555 318 ἄκρων
1578 263 1709 303 ἐτετά-

173 313 200 346 Ῑ·
220 314 245 345 ¹·
266 324 437 375 27χατο,
475 324 640 377 δοράτια
667 325 855 378 φέροντες
893 324 962 366 καί
987 328 1163 380 ξπέλτας,
1211 323 1308 376 τόξα
1334 342 1376 367 τε
1404 326 1474 367 καὶ
1503 328 1598 381 ξίφη
1626 316 1710 366 τεα-

316 388 574 440 ρῃωρημένα·
606 383 714 440 ἦσαν
746 389 790 428 δὲ
811 389 852 429 οἳ
880 387 950 430 καί
969 391 1168 444 σαρίσσας
1188 391 1392 444 ἐκράτουν.
1433 387 1553 438 αὐτὸς
1578 391 1622 430 δὲ
1645 387 1714 430 ἐπὶ

314 450 390 489 τοῦ
414 451 547 499 δεξιοῦ
564 451 691 505 κέρως
715 450 900 505 εἱστήκει.
955 454 1169 501 Ζανδαλᾶς
1191 467 1248 504 τε,
1278 453 1299 494 ὃ
1326 455 1407 494 τῶν
1438 449 1599 495 ὀπαδῶν
1625 455 1713 494 ἑπι-

314 512 474 567 στάτης,
501 515 573 554 τοῦ
597 530 639 555 τε
661 517 829 570 θητικοῦ
851 515 922 556 καί
941 517 1134 556 οἷκετικοῦ
1152 515 1297 558 ὄπόσον
1325 517 1398 558 οὐκ
1429 514 1626 569 ἀπόλεμον
1650 511 1738 571 ἦν,5

314 575 416 617 ἀλλὰ
440 576 510 618 καί
536 579 620 618 owe
649 581 845 634 παρῆσαν.
883 578 952 620 ἐπὶ
970 580 1121 635 θάτερα
1166 581 1211 621 δὲ
1252 580 1291 621 οἱ
1332 580 1442 636 ἀμφὶ
1467 579 1716 636 Βαλεριανόν

313 656 359 680 τε
398 640 469 682 καί
503 637 782 697 Ἀρταβάνην,
828 645 1171 698 προστεταγμένον
1209 644 1348 692 αὐτοῖς
1387 645 1717 700 ὖποκρύπτεσθαι

281 703 418 760 Βπρὸς
443 705 579 760 βραχὺ
610 703 686 747 ἆνὰ
707 704 756 747 τά
776 707 899 748 λάσια
919 708 990 762 τῆς
1017 708 1168 762 νάπης,
1196 707 1265 750 καὶ
1284 707 1447 749 ἐπειδὰν
1473 705 1716 761 εἶσβάλλοιεν

324 769 360 810 οἱ
386 770 591 822 πολέμιοι,
628 769 719 810 τότε
753 769 801 824 δὴ
829 767 978 826 ἇθρόον
998 768 1137 819 αὐτοῖς
1167 772 1212 812 ἐκ
1241 772 1318 812 τοῦ
1338 767 1520 826 ἆφανοῧς
1550 771 1741 820 ἐπιέναι,

321 832 390 873 καί
411 829 662 887 ἀμφιβόλους
680 837 897 876 ποιεῖσθαι.
929 831 1090 876 ἅπασαν
1111 836 1157 876 δὲ
1176 836 1249 889 τὴν
1271 834 1423 887 μεταξύ
1445 832 1586 890 χώραν
1606 831 1628 874 ὃ
1647 848 1769 876 πε-ιο

219 895 258 929 V·
271 896 314 929 32
324 897 388 947 ζὸς
409 893 528 949 εἶχεν.
564 895 793 954 ἔμπροσθεν
811 900 887 951 μὲν
907 897 984 954 γάρ
1008 898 1077 940 ἐπὶ
1090 899 1164 940 τοῦ
1182 900 1370 952 μετώπου
1391 899 1428 940 οἱ
1442 895 1720 954 πρωτοστάται

324 958 518 1015 θώρακας
535 962 722 1016 ποδήρεις
743 964 934 1014 ε’νειμένοι
955 963 1025 1003 καί
1044 962 1170 1019 κράνη
1193 964 1478 1018 καρτερώτατα
1499 961 1571 1004 τὸν
1596 977 1721 1003 συνα-

321 1023 496 1076 σπισμὸν
510 1025 756 1079 ἐπεποίηντο·
774 1023 864 1080 ἑξῆς
877 1029 920 1068 δὲ
936 1026 971 1068 οἱ
987 1023 1103 1077 ἄλλοι
1125 1030 1167 1075 ἐς
1177 1027 1304 1079 βάθος
1315 1023 1500 1080 ἆλλήλοις
1510 1027 1720 1078 ἐνέκειντο,

322 1090 399 1137 ἕως
422 1090 478 1137 εἷς
503 1087 602 1137 τούς
623 1086 822 1145 οὐραγοὺς
847 1089 869 1131 ὅ
882 1090 1148 1144 ’ξυλλοχισμὸς
1170 1090 1371 1132 ἐτελεύτα·
1398 1088 1445 1130 τὸ
1469 1090 1515 1130 δὲ
1539 1087 1662 1142 ψιλὸν
1673 1084 1721 1128 ἅ-

323 1168 406 1193 παν
423 1151 494 1193 καί
505 1148 706 1206 ἑκηβόλον,
719 1148 886 1195 ὄπισθεν
906 1157 1086 1209 περιέθει
1103 1153 1174 1196 καί
1182 1151 1370 1206 ἀνέμενεν
1391 1151 1460 1195 τὸν
1470 1151 1623 1208 καιρόν,
1634 1150 1785 1206 vivs-15

322 1233 372 1257 κα
390 1218 472 1257 δέοι
485 1213 831 1272 ἀκροβολίζεσθαι.
848 1215 1080 1274 ἀπεκέκριτο
1102 1221 1147 1260 δὲ
1169 1218 1290 1267 τόπος
1312 1223 1396 1266 τοῖς
1415 1214 1630 1272 Ἐρούλοις,
1653 1217 1724 1269 τῆς

221 1291 256 1327 Ρ.
268 1288 312 1328 alt
325 1279 525 1336 φάλαγγος
552 1280 597 1322 τὸ
624 1282 890 1335 μεσαίτατον,
933 1282 1003 1323 καί
1030 1279 1082 1336 ἦν
1111 1281 1173 1323 ἔτι
1193 1281 1327 1334 κενὸς,
1366 1278 1413 1322 οὗ
1436 1281 1511 1336 γάρ
1539 1298 1602 1322 πω
1621 1283 1725 1322 ἔκεῖ-

321 1361 382 1387 νοι
413 1346 612 1400 παρῆσαν.
649 1347 692 1387 ἐν
721 1346 850 1403 τούτῳ
879 1348 923 1386 δὲ
957 1341 1102 1401 ἄνδρες
1127 1346 1203 1386 δύο
1235 1347 1317 1386 τῶν
1354 1346 1574 1400 Ἐρούλων,
1610 1343 1725 1398 ἐτύγ-

323 1425 448 1463 χανον
474 1408 549 1464 γὰρ
578 1405 656 1463 ἤδη
679 1407 995 1464 ηὐτομοληκότες
1017 1411 1126 1465 παρὰ
1154 1407 1251 1459 τούς
1272 1409 1488 1461 πολεμίους
1511 1406 1629 1466 ὀλίγῳ
1654 1408 1725 1461 ἔμ-

1399 1476 1418 1484 υ

323 1477 524 1530 πρόσθεν,
562 1471 618 1522 ὥς
640 1474 710 1515 καί
730 1470 884 1527 ἀγνοεῖν
911 1472 961 1530 δή
983 1488 1060 1515 που
1091 1472 1143 1516 τὰ
1166 1471 1339 1530 ὕστερον
1361 1490 1417 1530 τῳ
1438 1473 1638 1515 Σίνδουαλ
1657 1476 1778 1526 [Ge-20

420 1574 450 1596 1.
474 1560 665 1605 ἐτετάχατο
695 1561 754 1602 Κ,
780 1560 954 1606 τετάχατο
981 1563 1071 1607 vulg.
1169 1563 1199 1594 6.
1228 1562 1291 1594 Pro
1317 1561 1354 1594 οἱ
1365 1562 1402 1594 R.
1426 1562 1501 1594 καὶ.
1593 1560 1626 1598 8.
1650 1559 1730 1591 εἰσ-

417 1606 586 1651 βάλλοιεν
615 1607 650 1639 R.
666 1632 674 1648 ,
700 1608 903 1651 εἰσβάλοιεν
919 1609 1008 1651 vulg.
1062 1619 1109 1642 ιι.
1135 1606 1206 1652 μὲν
1222 1607 1338 1640 ιιιὶιΜί.
1401 1606 1463 1640 ἐπὶ
1475 1614 1555 1651 μετ.
1574 1607 1612 1639 R.
1651 1606 1731 1638 Post

419 1653 678 1696 πρωτοστάται
709 1655 809 1688 addit
832 1655 940 1698 Intpr.
964 1653 1092 1698 quibus
1118 1652 1167 1686 ad
1195 1652 1320 1686 bellum
1347 1660 1426 1686 erat
1462 1663 1539 1686 cum
1564 1652 1731 1685 Romanis

421 1698 515 1731 inita
535 1700 694 1732 societas.
806 1711 854 1733 12.
879 1700 1062 1744 ἐνειμένοι
1087 1698 1197 1741 Lugd.
1212 1709 1277 1741 mg.
1302 1697 1390 1743 (cl),
1412 1698 1502 1741 vulg.
1522 1697 1730 1741 ἐνημμένοι,

418 1745 454 1775 R.
471 1754 555 1776 corr.
574 1745 613 1776 in
631 1755 696 1788 mg.
717 1744 900 1790 ἓνημένοι.
982 1746 1029 1777 13.
1051 1745 1229 1778 ἐνέκειντο
1249 1745 1285 1775 Β.
1300 1743 1420 1787 Lugd.,
1443 1743 1630 1775 ἀνέκειντο
1651 1741 1729 1773 edd.

419 1788 467 1830 14.
494 1786 678 1832 οὐραγοὺς
701 1791 758 1830 R„
783 1792 888 1833 Intpr.
912 1788 962 1823 ad
986 1799 1178 1834 postremos
1198 1800 1307 1835 usque
1326 1813 1334 1828 ‚
1358 1789 1448 1832 vulg.
1472 1785 1622 1832 ιῖγροὺς.
1711 1785 1732 1818 ὅ

417 1832 660 1878 ξυλλοχισμὸς
689 1835 767 1868 add.
798 1837 855 1874 R„
885 1836 991 1877 Intpr.
1025 1847 1150 1878 agmen
1182 1834 1423 1869 claudebatur.
1542 1835 1592 1868 16.
1618 1831 1731 1868 τόπος

415 1889 445 1911 τ.
464 1879 536 1923 Ἑρ.
550 1879 602 1920 Β.,
618 1883 694 1915 τοῖς
712 1879 782 1925 Ἑρ.
794 1879 922 1923 nvulg.
975 1880 1023 1912 18.
1037 1879 1101 1911 ‹Ju'o
1113 1881 1149 1911 R.
1165 1880 1286 1923 Lugd.,
1300 1879 1374 1912 δύω
1387 1879 1464 1913 edd.
1491 1876 1732 1923 αο.ὑ’στεραΡι.

330 1959 406 1990 erat
429 1955 623 2000 proelium,
657 1957 774 1989 statim
792 1956 982 1989 exercitum
1000 1955 1037 1987 in
1063 1955 1270 1999 phalangem
1292 1953 1458 1988 instruxit
1482 1959 1586 1998 atque
1612 1953 1732 1997 dispo-

331 2002 421 2043 suit3
447 2007 552 2047 atque
576 2001 712 2047 equites
732 2001 874 2046 quidem
894 2002 1060 2045 utrinque
1083 2001 1128 2033 ad
1148 2001 1218 2032 alas
1235 2005 1335 2034 erant
1351 1999 1515 2034 collocati
1528 2024 1537 2039 ,
1560 1997 1676 2032 hastas
1697 2003 1734 2031 et

331 2047 444 2091 peltas
467 2052 655 2091 gestantes,
681 2058 778 2080 arcus
804 2048 909 2080 etiam
939 2051 973 2080 et
991 2057 1089 2078 enses
1113 2057 1298 2090 appensos,
1315 2045 1479 2077 nonnulli
1497 2045 1603 2078 etiam
1629 2043 1733 2077 saris—

333 2103 388 2124 sas
414 2092 602 2129 habentes.
645 2093 768 2126 Narses
791 2093 928 2127 veroin
950 2091 1072 2124 dextro
1099 2102 1204 2124 cornu
1224 2091 1395 2125 constitit.
1440 2090 1606 2123 Zandalas
1627 2090 1733 2122 etiam

334 2137 491 2171 familiae
510 2138 673 2183 magister
692 2144 729 2171 et
753 2143 928 2183 quotquot
956 2148 998 2170 cx
1017 2137 1122 2169 servis
1146 2142 1181 2170 et
1196 2135 1394 2168 domesticis
1414 2135 1510 2168 bello
1533 2146 1604 2168 non
1621 2133 1734 2178 inepti

336 2188 459 2224 erant,
500 2183 696 2218 adstabant.
751 2183 804 2216 Ab
828 2189 977 2227 utroque
1007 2192 1088 2215 vero
1113 2182 1223 2215 latere
1251 2182 1458 2215 Valerianus
1482 2185 1517 2214 et
1539 2179 1733 2214 Artabanes

338 2239 416 2260 cum
435 2229 506 2261 suis
529 2230 659 2270 copiis,
685 2229 810 2275 quibus
834 2227 1036 2261 mandatum
1053 2232 1149 2268 erat,
1175 2231 1216 2259 ut
1240 2227 1403 2260 nonnihil
1427 2226 1516 2260 circa
1537 2225 1733 2259 densiorem

339 2274 463 2306 silvam
489 2274 656 2318 laterent3
691 2286 838 2319 cumque
860 2273 978 2306 hostes
1010 2273 1179 2316 impetum
1204 2272 1379 2314 facerent,
1408 2272 1592 2304 confestim
1615 2271 1652 2304 in
1674 2281 1733 2302 eos

341 2330 384 2351 ex
403 2320 540 2352 occulto
562 2321 740 2354 irruerent
759 2322 925 2364 omnique
955 2330 997 2352 ex
1020 2323 1119 2362 parte
1145 2323 1354 2362 premerent.
1406 2318 1555 2350 Omnem
1575 2326 1656 2351 vero
1674 2315 1734 2347 lo-

341 2375 419 2397 cum
442 2365 690 2399 intermedium
716 2365 853 2410 pedites
878 2363 1096 2397 obtinebant.
1151 2364 1192 2396 In
1211 2364 1286 2407 ipsa
1310 2362 1404 2396 enim
1426 2362 1596 2402 exercitus
1619 2361 1734 2394 fronte

342 2411 562 2454 antesignani
587 2411 713 2444 loricas
739 2410 784 2443 ad
814 2409 920 2454 pedes
950 2419 1060 2453 usque
1085 2407 1250 2441 demissas
1273 2408 1410 2449 induti,
1439 2407 1734 2458 validissimasque

343 2454 456 2499 galeas
485 2461 657 2500 gestantes
673 2481 682 2497 ,
717 2455 929 2489 testudinem
953 2455 1124 2495 fecerant;
1160 2459 1241 2498 post
1267 2454 1331 2487 hos
1357 2464 1438 2488 vero
1467 2453 1528 2486 alii
1551 2451 1656 2485 densa
1678 2461 1735 2482 111-

343 2503 398 2533 ter
421 2511 458 2533 se
483 2500 571 2533 serie
596 2501 756 2542 stabant,
786 2501 824 2533 in
856 2511 952 2545 agros
977 2511 1087 2544 usque
1117 2499 1327 2533 desinentes.
1389 2498 1554 2532 Universa
1573 2508 1656 2530 vero
1682 2496 1735 2527 le-

343 2545 394 2578 vis
413 2551 599 2586 armatura,
623 2546 863 2591 sagittariique
885 2551 920 2579 et
943 2545 1138 2578 funditores
1165 2557 1184 2577 a
1209 2550 1262 2577 ter
1286 2557 1305 2578 ο
1330 2549 1428 2577 erant
1442 2543 1624 2582 collocati,
1647 2540 1735 2574 veli-

345 2595 443 2627 tandi
462 2600 598 2639 tempus
620 2594 829 2637 operientes.
876 2591 1014 2624 Herulis
1042 2601 1122 2623 vero
1146 2589 1184 2623 in
1206 2557 1322 2623 meilio
1344 2589 1452 2623 totius
1478 2587 1622 2633 agminis
1639 2587 1736 2618 locus

347 2645 421 2673 erat
439 2639 638 2684 designatus
650 2651 666 2682 3v
688 2648 803 2682 neque
825 2636 917 2669 enim
939 2635 1052 2668 adhuc
1074 2635 1127 2668 ini
1149 2636 1370 2669 advenerant.
1425 2634 1561 2667 Interea
1579 2632 1647 2673 duo
1664 2630 1737 2662 He·-

348 2685 433 2726 ruli,
457 2685 517 2732 qui
536 2683 641 2730 paulo
667 2689 747 2718 ante
767 2681 812 2716 ad
831 2680 950 2716 hostes
969 2680 1180 2723 defecerant,
1205 2681 1350 2715 adeo-ut
1364 2678 1448 2726 quid
1460 2682 1580 2723 postea
1591 2674 1736 2709 =consilii
