1832 3152
531 132 908 177 msTomARUM
949 137 1018 176 lv.
1062 138 1127 179 10.
1451 131 1563 187 229

121 243 288 295 χθημεν
313 230 391 290 ἇνς
431 235 483 278 οὗ
507 235 587 293 γὰρ
616 233 751 278 ἔνεστι
785 236 886 285 τούς
916 235 994 292 τήν
1023 231 1161 292 ἆκμὴν
1199 236 1276 278 τοῦ
1310 218 1564 290 καθηςιοντος
1579 244 1671 279 A.c.
1696 239 1761 279 553

124 306 274 361 καιροῦ
303 301 681 359 περιορῶνταςκαί
705 300 765 357 μὴ
790 307 878 351 τοῖς
906 305 1126 359 πρακτέοις
1152 301 1489 359 ἅρμοζομένους,
1519 301 1564 343 ἐν
1589 293 1616 328 Ῑ’
1643 292 1670 326 Ῑ·
1693 302 1739 337 ²9

123 367 286 426 ὑστέρῳ
307 365 353 410 τὸ
372 369 626 423 παρειμένον
646 364 959 410 ἀνακαλεῖσθαι.
988 367 1171 410 ἐλείπετο
1196 366 1247 422 δὴ
1272 361 1370 420 οὖν,
1399 366 1457 416 ὥς
1481 364 1565 408 ἐόι-

122 451 192 488 κε,
219 430 331 475 καθά
357 449 487 490 φασιν
512 431 551 474 οἱ
573 433 818 490 κατήγοροι,
848 436 964 489 δίκην
987 432 1080 477 τινὰ
1109 438 1236 475 κινεῖν
1264 432 1368 489 πρὸς
1399 435 1440 474 Γ
1438 434 1568 486 ουβά-

96 500 222 555 5ζην,
260 499 332 540 καί
349 498 550 553 ληρώδεις
570 495 734 552 άγῶνας
759 499 932 556 ἐγείρειν
942 534 954 552 ,
989 498 1062 541 καί
1088 501 1162 554 τῆς
1196 500 1280 540 τῶν
1310 497 1568 554 πραγμάτων

118 564 360 621 ἀσφαλείας
384 561 686 620 ἀνθαιρεῖσθαι
707 566 867 618 μᾶλλον
891 564 968 621 τὴν
993 565 1065 607 ἐπί
1083 570 1167 614 τοῖς
1187 563 1323 619 λόγοις
1348 565 1567 618 κομψείαν.

118 626 213 673 ἀλλ’
241 626 292 671 οὖ
326 628 616 686 συνεχώρουν,
667 624 700 671 ὦ
731 632 1026 684 κακοδαίμονες
1037 664 1050 684 ,
1090 628 1129 672 οἷ
1161 630 1333 686 Πέρσαι
1364 627 1604 683 παρόντεςΒ

121 697 299 745 καὶτοῖς
321 693 455 752 ἔργοις
485 694 736 750 ἐγκειμενοι,
780 698 852 738 καί
878 698 953 751 τῆς
984 697 1197 752 Κολχικῆς
1226 693 1373 751 χώρας
1407 694 1570 749 ἁπάσης

65 770 70 775 “
121 766 216 812 ταῖς
250 761 399 804 τούτου
429 765 604 815 βουλαῖς
636 760 1001 816 ἐπιλαμβάνεσθαι
1033 762 1428 818 παρεσκευασμένοι.
1478 756 1573 800 ἐπεὶ

71 828 176 869 ῐοδὲ
190 824 463 881 πανταχόθεν
489 823 510 868 ὃ
534 828 576 868 Γ
573 827 753 882 ουβάζης
778 824 1069 871 άποδέδεικται
1089 826 1285 881 πολέμιός
1309 842 1352 868 τε
1370 827 1443 869 καί
1467 840 1568 880 προ-

124 889 278 948 δύτης,
312 890 386 933 καὶ
414 890 518 948 πρὸς
546 891 796 948 τυραννικὰς
823 892 998 942 ἐλπίδας
1033 890 1235 950 ἦρμένος,
1274 891 1324 934 τί
1353 891 1571 947 διαφέρειν

123 955 282 1000 οἴονται
308 957 456 1013 σφίσιν
486 957 524 999 οἱ
549 957 736 1011 Κόλχοι,
775 956 859 1000 εἴτε
891 961 990 1016 παρ’
1021 956 1142 1014 ἡμῶν
1175 957 1258 1001 εἴτε
1292 961 1392 1014 παρ’
1415 954 1571 1012 ἑτέρων

122 1021 348 1080 ἅνῄρηταις
386 1019 438 1063 οὔ
466 1021 546 1079 γάρ
565 1029 809 1078 στρατηγοῖς
832 1022 980 1077 μόνοις
1001 1020 1030 1079 ἢ
1052 1029 1140 1074 τοῖς
1166 1017 1302 1073 ἄλλως
1329 1019 1572 1065 δυνατωτά-

123 1104 213 1138 τοις
231 1087 255 1130 ὄ
283 1090 358 1144 τῆς
389 1085 557 1138 εὔνοιἀς
588 1089 726 1130 ἐθέλει
753 1087 905 1139 σκοπὸς
924 1091 1169 1146 ἐμφύεσθαι
1190 1091 1264 1132 καί
1291 1087 1572 1146 προσιζάνειν

69 1150 236 1197 ἱὸάλλὰ
270 1152 398 1196 παντὶ
430 1155 490 1213 τῷ
521 1156 763 1212 βουλομένῳ
797 1152 927 1208 βατὸν
968 1153 1102 1210 δήπου
1146 1157 1220 1197 καί
1262 1156 1467 1210 προσῆκον
1499 1153 1574 1208 τῆς

11 1220 13 1223 ’
121 1221 168 1262 ἐν
190 1215 216 1277 ᾗ
239 1221 434 1262 τέτακται
461 1219 668 1269 πολιτείας
687 1219 961 1277 ὖπεραλγεῖν,
1001 1222 1076 1263 καί
1098 1219 1146 1262 τὸ
1174 1221 1288 1278 κοινῇ
1314 1226 1505 1262 συνοῖσον
1532 1219 1575 1268 ἐς

123 1284 307 1338 δύναμιν
324 1286 573 1341 κατορθοῦν.
614 1282 764 1328 οὗκοῦν
794 1287 834 1328 εἰ
861 1288 935 1329 καί
962 1287 1165 1342 βδελυροὶ
1195 1288 1286 1331 κατ’
1311 1283 1470 1334 αὔτούς
1504 1283 1579 1325 καί

123 1350 409 1392 κατάπτυστοι
438 1349 776 1407 καθεστήκαμεν,
816 1348 923 1394 ἆλλά
950 1350 1195 1394 πιστότατοι
1220 1356 1391 1406 βασιλεῖ
1407 1349 1478 1391 καί
1500 1359 1612 1406 (pt-C

127 1416 370 1472 λοριόμαιοι,
395 1414 469 1458 καί
493 1411 574 1458 οἷοι
591 1422 678 1466 τοῖς
713 1419 1001 1471 ἐπιβουλεύειν
1015 1419 1287 1474 πειρωμένοις
1310 1417 1370 1472 μή
1392 1418 1576 1473 ἐφιέναι.

71 1483 168 1524 αοεί
189 1483 236 1523 δὲ
263 1483 332 1524 δεῖ
358 1498 400 1523 τι
428 1480 502 1523 καί
525 1483 650 1524 πλέον
675 1484 828 1536 εἰπεῖν,
856 1481 949 1524 ἴσθι
970 1485 1117 1540 σαφῶς
1144 1478 1208 1537 ,ὦ
1233 1480 1420 1534 δικαστά,
1449 1478 1576 1522 καλὸν

124 1550 207 1601 μὲν
229 1545 287 1598 ὥς
308 1548 477 1603 άληθῶς
501 1547 575 1589 καί
602 1547 763 1591 δίκαιον
789 1546 835 1590 τὸ
857 1550 954 1604 παρ’
978 1546 1094 1604 ἡμῶν
1124 1550 1169 1592 ἐν
1192 1550 1326 1591 δέοντι
1351 1548 1576 1605 τολμηθὲν,

128 1611 204 1656 οὔκ
230 1608 330 1657 ἄνευ
359 1615 406 1656 δὲ
431 1616 504 1669 τῆς
529 1615 606 1655 τοῦ
628 1614 852 1670 Μαρτίνου
882 1612 1047 1670 γνώμης
1075 1615 1383 1670 γεγενημένον.”

220 1683 256 1723 5,
281 1680 433 1730 οἷγεῖραι
457 1684 498 1716 Β.
552 1683 587 1716 6.
613 1680 879 1728 α’νταιρεῖσθαι
898 1684 937 1716 R.
970 1695 1057 1717 Lm.
1083 1689 1119 1718 et
1134 1683 1259 1729 Lugd.‚
1286 1682 1527 1728 ιῖντερεῖσθαι
1539 1683 1576 1715 R.

220 1742 253 1766 α.
286 1741 334 1763 m.
474 1732 506 1764 8.
543 1732 607 1762 καὶ
629 1730 696 1771 τῆς
719 1731 766 1762 Κ.
792 1749 835 1756 -
860 1732 1218 1776 παρεσκευασμένοι
1242 1740 1311 1762 om.
1339 1731 1375 1764 R.
1406 1735 1442 1763 ct
1463 1730 1576 1774 Inlpr.

224 1778 277 1812 16.
302 1780 449 1814 κοινοῖς
470 1777 510 1811 Β.
611 1779 662 1813 18.
690 1774 981 1827 φιλορῤώμαιοι
1004 1777 1098 1824 vulg.
1171 1789 1225 1810 22.
1251 1778 1320 1808 τοῦ
1346 1787 1415 1810 om.
1439 1777 1476 1810 R,

129 1853 197 1879 nae
221 1845 422 1879 occasionis
445 1850 667 1879 momentum
689 1846 916 1891 neglexerit,
951 1856 1072 1891 neque
1097 1846 1216 1882 statim
1242 1845 1295 1878 rei
1320 1845 1496 1888 gerendae
1522 1846 1578 1878 sa-

132 1891 300 1925 cultatem
335 1893 529 1937 arripuerit
547 1918 557 1934 ,
590 1893 720 1925 frustra
754 1891 886 1925 deinde
915 1893 1197 1936 praeterlapsam
1225 1891 1450 1924 occasionem
1476 1903 1580 1927 revo-

129 1938 236 1972 cabit.
283 1939 477 1984 Reliquum
503 1939 615 1984 igitur
649 1944 726 1973 erat
762 1939 923 1972 fortassis
944 1964 954 1979 ‚
987 1944 1029 1972 ut
1059 1944 1283 1972 accusatores
1308 1938 1410 1970 aiunt
1430 1963 1440 1979 ,
1475 1939 1579 1972 litem

130 1983 308 2030 quandam
339 1996 484 2019 movere
517 1985 659 2021 Gubazi
678 2011 688 2027 ‚
721 1991 758 2019 et
793 1986 1019 2030 nugatoriam
1052 1986 1093 2019 in
1131 1984 1269 2020 iudicio
1305 1986 1579 2019 contentionem

131 2031 312 2072 excitare,
343 2043 536 2078 rerumque
567 2033 753 2066 securitati
777 2032 967 2065 verborum
989 2032 1166 2076 ampullas
1190 2032 1382 2076 praeferre.
1431 2033 1478 2066 At
1503 2043 1578 2065 non

129 2077 388 2123 permittebant
410 2078 499 2119 hoc,
524 2090 546 2112 o
565 2079 709 2120 miseri,
739 2080 864 2112 Persae
896 2079 966 2112 iam
989 2085 1196 2124 praesentes
1217 2104 1226 2119 ‚
1261 2089 1373 2123 reque
1407 2078 1483 2123 ipsa
1508 2079 1578 2112 im-

131 2125 329 2166 minentes,
351 2130 390 2158 et
413 2124 460 2158 ad
479 2126 683 2159 universam
706 2125 923 2160 Colchorum
947 2126 1131 2171 regionem
1154 2125 1263 2159 huius
1289 2125 1442 2158 consilio
1469 2129 1578 2170 atque

133 2181 203 2216 ope
226 2170 465 2205 invadendam
487 2173 633 2217 parati.=
666 2172 757 2206 Cum
794 2183 876 2206 vero
910 2173 1056 2207 omnino
1085 2172 1350 2206 demonstratus
1375 2173 1423 2204 sit
1451 2171 1577 2204 Guba-

133 2228 191 2251 zes
214 2215 329 2251 hostis
358 2219 496 2263 pariter
521 2225 559 2253 et
594 2218 779 2264 proditor,
806 2219 1002 2265 animoque
1033 2218 1079 2253 ad
1111 2221 1316 2263 tyrannicas
1342 2230 1423 2263 spes
1461 2219 1580 2259 elato,

134 2262 225 2310 quid
251 2263 424 2299 interesse
452 2270 583 2309 putant
602 2265 748 2308 Colchi,
777 2267 852 2299 sive
882 2278 902 2299 a
925 2265 1032 2300 nobis
1057 2267 1131 2299 sive
1160 2266 1204 2299 ab
1236 2267 1318 2301 aliis
1348 2266 1396 2298 sit
1424 2265 1577 2299 interfe-

134 2317 213 2344 ctus
237 2308 254 2342 Ξ)
299 2311 426 2357 Neque
451 2313 548 2346 enim
576 2311 728 2346 ducibus
753 2318 895 2347 tantum
940 2319 1002 2346 aut
1035 2313 1201 2358 alioquin
1226 2314 1293 2354 iis,
1325 2313 1390 2358 qui
1424 2314 1580 2345 maxima

133 2357 301 2403 potentia
329 2358 471 2399 valent,
501 2358 599 2392 bona
629 2370 730 2393 mens
759 2361 899 2394 innasci
934 2366 1046 2405 atque
1078 2359 1333 2394 adhaerescere
1364 2359 1481 2399 solet,
1517 2359 1581 2391 sed

133 2404 246 2438 cuivis
271 2404 418 2438 omnino
445 2405 580 2442 volenti
612 2406 769 2439 liberum
791 2407 1082 2453 conveniensque
1108 2413 1187 2447 est,
1210 2418 1274 2451 pro
1300 2417 1337 2438 re
1356 2406 1515 2450 publica,
1540 2406 1579 2438 iu

134 2462 208 2497 qua
239 2451 359 2484 locum
386 2451 544 2498 aliquem
565 2451 720 2493 obtinet,
748 2453 925 2494 laborare,
953 2459 990 2486 et
1020 2454 1065 2486 ad
1090 2465 1278 2486 commune
1307 2452 1442 2484 bonum
1470 2462 1580 2496 prae-

134 2497 303 2533 standum
336 2498 502 2531 omnibus
530 2498 668 2532 viribus
703 2498 830 2533 adniti.
881 2500 1062 2545 Quocirca
1096 2500 1239 2532 tametsi
1275 2498 1498 2532 execrabiles
1531 2498 1579 2530 il-

134 2545 250 2578 lorum
276 2545 412 2579 iudicio
434 2551 471 2578 et
493 2545 696 2579 detestandi
721 2557 940 2586 censeamur,
973 2547 1172 2579 fidelissimi
1209 2552 1330 2580 tamen
1369 2545 1582 2588 Imperatori

136 2601 256 2625 sumus
286 2597 324 2624 et
341 2592 580 2625 Romanorum
599 2591 766 2633 studiosi,
792 2598 830 2626 et
855 2593 1006 2627 insidias
1030 2598 1167 2626 struere
1191 2590 1417 2625 tentantibus
1442 2591 1580 2624 infesti.

135 2637 174 2671 Si
200 2638 291 2683 quid
322 2648 406 2672 vero
439 2639 550 2672 etiam
580 2639 734 2683 amplius
766 2638 960 2672 dicendum
988 2644 1044 2673 est
1065 2665 1074 2679 ‚
1114 2639 1164 2671 ita
1191 2639 1260 2671 tibi
1289 2638 1397 2682 plane
1429 2648 1580 2681 persua-

138 2677 214 2718 des
233 2696 255 2717 ο
284 2684 407 2724 iudex,
441 2691 577 2718 rectum
608 2685 938 2731 nequissimumque
962 2698 1028 2719 nos
1057 2685 1196 2718 facinus
1215 2689 1484 2728 peropportune
1513 2695 1582 2721 au-

140 2736 195 2762 sos
218 2726 329 2762 fuisse
345 2757 353 2769 ,
385 2742 504 2777 neque
530 2731 568 2766 id
600 2731 734 2781 absquo
758 2732 909 2768 Martini
931 2733 1116 2768 voluntate
1145 2731 1357 2779 patratumf*
