1794 3112
580 92 957 136 lllsTORlARUM
983 95 1036 136 11.
1065 95 1130 140 18.
1503 69 1607 135 103

173 197 251 240 του·
270 195 474 252 προτέρου
506 196 631 250 λόγου
658 195 872 254 ἐχομένῳ,
901 193 972 236 ἐπὶ
989 194 1064 252 τὴν
1093 195 1177 238 τῶν
1199 195 1358 248 Λαζῶν
1377 193 1523 251 χώραν
1544 190 1716 234 καὶἈᾸῖ.
1735 196 1794 240 554

171 260 267 310 τοὺς
303 257 542 316 Περσικοὺς
575 260 782 313 πολέμους
820 263 932 314 ἰτέα,
977 259 1070 303 ἐπεὶ
1104 259 1177 303 καὶ
1203 260 1309 302 κατὰ
1333 259 1432 309 τοὺς
1461 243 1750 307 αὐτούςιῙ·28

169 324 346 382 χρόνους
361 325 590 381 ἐπράσσετο
607 327 774 368 ἕκαστα.
795 325 1030 380 Ῥωμαίοις
1048 324 1126 383 γὰρ
1150 328 1222 368 καί
1231 329 1427 382 Πέρσαις
1441 319 1522 381 ἤδη
1537 326 1653 378 μὲνΒ

171 392 218 434 ἐκ
253 390 451 433 πλείστου
487 393 684 446 μέγιστος
728 391 908 445 πόλεμος
948 392 1226 448 ξυνειστήκει,
1277 390 1351 434 καί
1385 388 1509 445 θαμά
1542 387 1618 445 τὴν

142 456 361 511 5ιῖλλὴλων
382 456 534 514 ἐδῄουν
559 456 634 499 καί
650 457 936 512 ἐλυμαίνοντο,
963 460 1040 500 νῦν
1060 461 1140 512 μὲν
1152 455 1342 512 εἰσβολὰς
1365 455 1622 513 ἀκηρύκτους

167 521 468 577 μηχανώμενοι
501 522 575 565 καί
599 522 806 580 ἐφόδους,
835 526 911 566 νῦν
933 525 978 566 δὲ
995 526 1131 582 πολλῷ
1154 524 1317 582 στρατῷ
1338 525 1382 572 ἐς
1410 525 1612 579 ἐμφανεῖς
1623 528 1717 574 V.4o

168 588 418 644 παρατάξεις
441 591 698 645 χωροῦντες.
728 588 854 648 ὄλίγῳ
880 592 927 633 δὲ
950 589 1187 646 ἔμπροσθεν
1205 587 1438 645 ἐκεχειρίαν
1459 586 1626 630 ἐπεποί-

169 669 292 708 ηντο,
319 655 389 711 ἐφ’
411 647 443 711 ᾧ
465 657 611 708 μέντοι
641 656 692 697 οὔ
718 655 974 714 τελεωτάτην
1001 651 1119 711 ι’ίγειν
1156 654 1344 711 εἰρήνην,
1376 654 1476 697 οὐδὲ
1514 650 1624 701 ὥστε

1158 718 1178 733 ‘l
1332 719 1340 731 1

170 717 348 761 πάντοθι
378 722 463 762 τῶν
490 722 690 765 κινδύνων
731 725 997 778 πεπαῦσθαι,
1036 719 1128 766 ἀλλ’
1155 737 1252 764 οσον
1287 736 1414 774 μονον
1448 717 1528 761 ἀνά
1552 716 1627 773 τὴν

124 785 230 832 ιοὲω
254 787 329 828 καί
349 784 403 828 τά
431 789 505 842 τῆς
540 787 755 844 Λρμενίας
776 785 874 845 ὅρια
899 785 1082 846 ἑκατέρῳ
1117 789 1227 843 γένει
1252 788 1489 839 έσπεΐσθαι,
1519 783 1636 840 ἀμφὶ

178 852 226 893 δὲ
245 852 322 907 τήν
346 853 539 907 Κολχίδα
555 856 632 909 γῆν
655 852 728 896 τόν
749 852 928 910 πόλεμον
951 856 1180 911 διαφέρειν.
1212 853 1247 896 οἱ
1272 855 1319 896 δὲ
1335 851 1479 903 Λαζοί
1512 852 1629 893 Κόλ-

174 931 249 970 χοι
275 916 502 960 τοπαλαιὸν
523 919 800 974 ὠνομάζοντο,
828 919 902 962 καὶ
919 915 1035 962 οὗτοι
1048 922 1195 964 ἐκεῖνοι
1206 918 1484 974 τυγχάνουσιν
1500 911 1628 965 ὄντες.
1645 931 1671 965 c

177 981 300 1025 τοῦτό
322 998 368 1024 τε
403 982 479 1024 οὔκ
514 978 565 1025 ἄν
596 1001 661 1033 τις
692 981 994 1041 ἇμφιγνοὴσειε
1023 985 1347 1042 τεκμαιρόμενος
1386 984 1443 1041 τῷ
1468 998 1513 1024 τε
1537 981 1629 1022 Φά-

177 1049 266 1091 σιδι
294 1049 368 1091 καὶ
402 1047 618 1108 Καυκάσῳ
651 1049 724 1091 καί
759 1052 815 1108 τῇ
844 1051 944 1107 περὶ
972 1053 1112 1093 ταῦτα
1147 1053 1193 1094 ἐκ
1230 1049 1422 1092 πλείστου
1462 1047 1630 1102 οἰκήσει.

128 1109 340 1169 15λέγεται
379 1115 425 1156 δὲ
462 1113 560 1165 τούς
593 1115 791 1170 Κόλχους
817 1118 1068 1170 Αἰγυπτίων
1099 1113 1207 1158 εἶναι
1248 1116 1458 1164 ἀποίκους.
1510 1112 1621 1170 φασὶ

175 1178 255 1236 γάρ
302 1182 438 1238 πολλῷ
468 1179 707 1237 ἔμπροσθεν
747 1183 824 1225 τοῦ
861 1181 1039 1225 ἐπίπλου
1070 1184 1153 1224 τῶν
1193 1179 1307 1238 ἇμφί
1344 1179 1413 1222 τὸν
1455 1177 1631 1224 Ἰάσονα

179 1243 355 1301 ἡρώων,
403 1248 476 1288 καί
512 1244 593 1302 πρό
637 1262 684 1301 γε
727 1250 802 1303 τῆς
839 1249 922 1289 τῶν
967 1243 1209 1304 Ἀσσυρίων
1259 1245 1524 1302 ἐπικρατείας
1564 1246 1637 1286 καί

176 1312 259 1353 τῶν
293 1310 428 1354 Νίνου
457 1327 501 1354 τε
535 1311 610 1354 καὶ
636 1313 917 1369 Σεμιράμιδος
947 1310 1111 1368 χρόνων
1148 1314 1387 1368 Σέσωστρίν
1427 1327 1521 1353 τινα
1553 1314 1635 1364 βα-

179 1379 303 1419 σιλέα
324 1374 557 1432 Αἰγύπτιον
587 1377 790 1433 μεγίστην
821 1377 1025 1434 στρατιάν
1051 1380 1103 1420 ἐκ
1131 1380 1214 1419 τῶν
1246 1377 1484 1434 ἐπιχωρίων
1522 1373 1637 1430 ἇγεί-

125 1459 339 1500 αοραντα,
390 1440 464 1483 καί
502 1439 673 1484 ἅπασαν
716 1443 792 1499 τὴν
838 1439 988 1487 Ἀσίαν
1018 1444 1244 1485 ἐπελθόντα
1289 1446 1362 1485 καί
1405 1457 1636 1497 καταστρε-

180 1508 393 1564 ψάμενον,
422 1504 526 1548 ἀλλά
548 1507 621 1549 καί
650 1509 695 1551 ἐν
722 1510 827 1566 τῷδε
861 1510 1093 1566 ἀφικέσθαι
1128 1511 1184 1566 τῷ
1208 1510 1359 1567 χώρῳ,
1397 1505 1673 1562 ἀπόμοιράνῙ)

275 1597 308 1642 4.
336 1597 570 1639 ξυνειστήκει
604 1600 664 1640 Β.,
705 1598 980 1641 ξυνενειστήκει
1003 1600 1095 1645 vulg.
1179 1599 1211 1634 5.
1229 1599 1333 1644 ἐλυμ.
1362 1609 1394 1631 κ.
1426 1596 1562 1644 ἐδῄουν
1595 1599 1632 1630 Β.

273 1647 308 1680 6.
333 1643 392 1678 οἷν·
418 1645 604 1689 ἐμφανεῖς
628 1648 666 1678 Β.
746 1658 777 1691 9.
805 1646 1001 1681 πάντοθεν
1029 1648 1068 1682 R.
1159 1641 1229 1687 τὴν
1254 1645 1327 1678 ἓσω
1339 1646 1378 1678 Β.
1442 1657 1493 1680 12.
1521 1644 1630 1689 ὄνομ.

274 1692 369 1736 vulg.
493 1692 718 1736 13.τοῦτόγε
733 1694 783 1732 R„
807 1695 869 1725 καὶ
900 1691 1016 1726 ὅτι-
1032 1691 1145 1726 τοῦτό
1167 1702 1210 1737 γε
1238 1693 1329 1724 coni.
1355 1691 1407 1724 Cl.
1501 1691 1635 1736 ιῖμφα-

278 1736 458 1784 γνοήσειε
484 1739 521 1770 R.
605 1739 654 1782 ¹4·
679 1739 742 1772 ἐπὶ
763 1739 942 1772 πλείστου
965 1741 1019 1781 R„
1042 1741 1153 1784 Intpr.
1179 1739 1329 1772 accolas
1346 1736 1457 1783 effuse
1480 1739 1635 1771 circum-

273 1786 398 1819 iectus.
523 1787 573 1819 16.
596 1784 749 1819 Ἰάσονα
773 1787 828 1826 Β.,
848 1786 1011 1820 Ἲιίσωνα
1034 1787 1127 1831 vulg.
1197 1797 1246 1830 ¹7·
1274 1785 1349 1830 πρό
1374 1794 1419 1829 γε
1444 1785 1499 1826 R„
1520 1785 1634 1829 lntpr.

272 1839 473 1878 antequam
495 1833 574 1867 Ass.
598 1843 719 1867 rerum
743 1834 968 1880 potirentur,
996 1832 1095 1879 πρός
1118 1841 1164 1878 γε
1187 1833 1282 1877 vulg.

181 1907 362 1950 inceptam
387 1903 629 1947 continuanti,
654 1905 699 1939 ad
721 1906 892 1940 Lazarum
911 1907 1095 1952 regionem
1121 1911 1159 1939 et
1183 1905 1322 1938 Persica
1347 1903 1446 1937 bella
1472 1909 1528 1938 est
1542 1915 1635 1937 eun-

182 1953 268 1986 dum
285 1977 294 1992 ,
318 1963 398 1984 cum
423 1956 460 1984 et
484 1952 615 1985 ilsdem
640 1953 868 1997 temporibus
894 1954 1036 1998 singula
1075 1957 1172 1998 gesta
1197 1954 1281 1985 sint.
1328 1951 1497 1984 Romanis
1538 1951 1642 1984 enim-

183 2003 222 2032 et
245 1999 357 2032 Persis
384 1999 631 2043 gravissimum
666 2000 762 2032 inter
790 2011 868 2033 sese
893 2001 966 2033 iam
991 2000 1077 2034 inde
1107 2011 1127 2032 a
1159 2000 1274 2033 multo
1308 2003 1469 2042 tempore
1495 1997 1636 2030 bellum

183 2045 399 2086 intercessit,
426 2049 463 2079 et
486 2046 697 2092 frequenter
722 2052 869 2080 mutuos
891 2058 991 2092 agros
1017 2047 1185 2093 populati
1212 2049 1296 2078 sunt
1320 2049 1357 2078 et
1383 2043 1633 2087 devastarunt3

182 2092 293 2125 modo
320 2091 409 2125 citra
446 2092 559 2125 ullam
592 2092 683 2126 belli
719 2092 1036 2127 denuntiationem
1070 2091 1336 2137 irruptionibus
1373 2089 1633 2135 insidiosisque

184 2138 380 2172 insultibus
403 2138 532 2180 factis,
561 2139 668 2173 modo
687 2151 880 2173 numeroso
907 2141 1069 2173 exercitu
1095 2145 1292 2184 apertoque
1310 2137 1451 2182 proelio
1479 2149 1631 2182 congre-

185 2183 338 2218 dientes.
387 2183 496 2218 Paulo
524 2190 643 2219 autem
676 2191 782 2218 antea
821 2185 986 2219 inducias
1010 2187 1193 2226 fecerant,
1230 2195 1304 2217 non
1337 2185 1387 2216 ita
1416 2183 1564 2228 quidem
1591 2188 1634 2217 ut

187 2231 489 2264 absolutissimam
514 2243 637 2277 pacem
674 2238 840 2277 agerent,
878 2244 997 2278 neque
1024 2238 1066 2266 ut
1089 2232 1256 2266 omnibus
1282 2232 1321 2264 in
1346 2230 1510 2275 partibus
1534 2231 1634 2275 peri-

185 2278 265 2310 cula
289 2277 421 2311 bellica
443 2285 627 2312 cessarent
642 2305 652 2320 ‚
688 2279 752 2312 sed
776 2283 916 2312 tantum
944 2281 1036 2312 circa
1065 2280 1241 2312 orientem
1266 2284 1303 2311 et
1326 2278 1516 2310 Armeniae
1543 2278 1632 2309 fines

185 2325 259 2357 utri
287 2335 332 2356 ue
347 2325 444 2370 genti
469 2337 539 2370 pax
565 2325 700 2359 sancita
722 2331 822 2367 erat3
850 2326 942 2358 circa
962 2323 1167 2359 Colchicam
1185 2336 1269 2358 vero
1291 2324 1474 2368 regionem
1495 2323 1633 2356 bellum

186 2371 266 2415 vige
295 2376 341 2404 at.
390 2370 472 2404 Lazi
499 2377 618 2405 autem
644 2373 732 2406 olim
763 2371 888 2405 Colchi
914 2372 1154 2413 dicebantur,
1180 2377 1216 2405 et
1240 2371 1306 2404 hos
1331 2371 1414 2403 illos
1441 2381 1518 2403 esse
1546 2381 1633 2402 con-

188 2422 277 2460 stat3
307 2424 427 2460 neque
453 2416 496 2450 de
521 2417 591 2451 hoc
616 2419 806 2464 quisquam
842 2418 1086 2460 dubitaverit,
1124 2419 1189 2464 qui
1214 2417 1400 2451 Phasidem
1433 2422 1470 2449 et
1495 2416 1633 2448 Cauca-

188 2475 267 2496 sum
296 2468 333 2495 et
359 2461 564 2496 diuturnam
590 2475 713 2498 eorum
740 2467 831 2499 circa
863 2465 953 2498 haec
978 2466 1056 2499 loca
1091 2465 1358 2498 habitationem
1386 2461 1631 2496 considerarit.

187 2510 369 2543 Dicuntur
389 2519 474 2542 vero
501 2509 628 2546 Colchi
653 2511 1014 2557 Aegyptiorum-esse
1052 2512 1206 2546 colonia.
1254 2511 1366 2544 Aiunt
1393 2509 1490 2542 enim
1516 2508 1631 2540 multo

187 2560 352 2601 tempore
387 2560 470 2587 ante
494 2554 655 2598 heroum,
686 2560 749 2603 qui
780 2559 942 2591 Iasonem
966 2558 1255 2599 comitabantur,
1283 2557 1495 2595 adventum,
1521 2555 1631 2587 immo

189 2603 274 2636 ante
298 2602 525 2644 Assyriorum
558 2602 770 2648 imperium,
810 2605 920 2638 etiam
954 2610 1037 2638 ante
1074 2604 1161 2638 Nini
1187 2609 1226 2638 et
1261 2601 1506 2637 Semiramidis
1537 2605 1631 2634 tem-

187 2659 296 2695 pora,
324 2648 514 2682 Sesostrim
539 2649 719 2693 quendam
741 2650 957 2696 Aegyptium
982 2662 1101 2697 regem
1126 2650 1268 2695 ingenti
1295 2648 1543 2693 indigenarum
1568 2658 1632 2680 ex-

189 2696 316 2732 ercitu,
339 2698 489 2735 coacto,
521 2705 602 2728 eum
636 2696 838 2731 universam
871 2698 992 2731 Asiam
1019 2699 1210 2732 invasisset
1234 2707 1274 2730 ac
1300 2694 1545 2740 subiugasset‚
1588 2704 1631 2728 oo
