<?xml version="1.0" encoding="UTF-8"?>
<!DOCTYPE html PUBLIC "-//W3C//DTD XHTML 1.0 Transitional//EN"
    "http://www.w3.org/TR/xhtml1/DTD/xhtml1-transitional.dtd">
<html xmlns="http://www.w3.org/1999/xhtml" xml:lang="en" lang="en">
 <head>
  <title>
</title>
<meta http-equiv="Content-Type" content="text/html;charset=utf-8" />
  <meta name='ocr-system' content='tesseract 3.04.00' />
  <meta name='ocr-capabilities' content='ocr_page ocr_carea ocr_par ocr_line ocrx_word'/>
</head>
<body>
  <div class='ocr_page' id='page_1' title='image "./corpusscriptorum01niebuoft_0192.png"; bbox 0 0 1794 3112; ppageno 0'>
   <div class='ocr_carea' id='block_1_1' title="bbox 257 132 1087 198">
    <p class='ocr_par' dir='ltr' id='par_1_1' title="bbox 257 132 1087 198">
     <span class='ocr_line' id='line_1_1' title="bbox 257 132 1087 198; baseline 0.007 -13"><span class='ocrx_word' id='word_1_1' title='bbox 257 132 358 198; x_wconf 71' lang='lat'><em>148</em></span> <span class='ocrx_word' id='word_1_2' title='bbox 816 146 1087 191; x_wconf 76' lang='lat' dir='ltr'>AGATHIAE</span> 
     </span>
    </p>
   </div>
   <div class='ocr_carea' id='block_1_2' title="bbox 59 242 1705 1704">
    <p class='ocr_par' dir='ltr' id='par_1_2' title="bbox 59 242 1650 307">
     <span class='ocr_line' id='line_1_2' title="bbox 59 242 1650 307; baseline 0.002 -19"><span class='ocrx_word' id='word_1_3' title='bbox 59 254 95 288; x_wconf 79' lang='grc' dir='ltr'><em>Δ.</em></span> <span class='ocrx_word' id='word_1_4' title='bbox 111 255 148 289; x_wconf 88' lang='lat' dir='ltr'><em>c.</em></span> <span class='ocrx_word' id='word_1_5' title='bbox 169 242 272 302; x_wconf 77' lang='grc' dir='ltr'><strong>554ᾗ</strong></span> <span class='ocrx_word' id='word_1_6' title='bbox 299 249 516 302; x_wconf 79' lang='grc' dir='ltr'><em>βούλονται</em></span> <span class='ocrx_word' id='word_1_7' title='bbox 547 243 867 298; x_wconf 82' lang='grc' dir='ltr'><em>διακομίζουσιν.</em></span> <span class='ocrx_word' id='word_1_8' title='bbox 915 247 1078 290; x_wconf 73' lang='grc' dir='ltr'><em>ἐπειδὰν</em></span> <span class='ocrx_word' id='word_1_9' title='bbox 1108 250 1155 290; x_wconf 80' lang='grc' dir='ltr'><em>δὲ</em></span> <span class='ocrx_word' id='word_1_10' title='bbox 1189 249 1479 305; x_wconf 78' lang='grc' dir='ltr'><em>προσενεχθείη</em></span> <span class='ocrx_word' id='word_1_11' title='bbox 1513 251 1650 307; x_wconf 75' lang='grc' dir='ltr'><em>πύργῳ</em></span> 
     </span>
    </p>

    <p class='ocr_par' dir='ltr' id='par_1_3' title="bbox 109 301 1653 369">
     <span class='ocr_line' id='line_1_3' title="bbox 109 301 1653 369; baseline 0.002 -17"><span class='ocrx_word' id='word_1_12' title='bbox 109 301 135 332; x_wconf 73' lang='grc' dir='ltr'><em>Ῑ·</em></span> <span class='ocrx_word' id='word_1_13' title='bbox 156 301 238 334; x_wconf 54' lang='grc'><em>[98</em></span> <span class='ocrx_word' id='word_1_14' title='bbox 250 310 377 364; x_wconf 89' lang='grc' dir='ltr'><em>τυχὸν</em></span> <span class='ocrx_word' id='word_1_15' title='bbox 397 307 426 364; x_wconf 77' lang='grc' dir='ltr'><em>ἢ</em></span> <span class='ocrx_word' id='word_1_16' title='bbox 451 309 678 367; x_wconf 72' lang='grc' dir='ltr'><em>περιβόλῳ,</em></span> <span class='ocrx_word' id='word_1_17' title='bbox 717 309 810 350; x_wconf 86' lang='grc' dir='ltr'><em>τότε</em></span> <span class='ocrx_word' id='word_1_18' title='bbox 843 309 895 365; x_wconf 69' lang='lat' dir='ltr'><em>dr}</em></span> <span class='ocrx_word' id='word_1_19' title='bbox 917 313 1062 366; x_wconf 70' lang='grc' dir='ltr'><em>νέρθεν</em></span> <span class='ocrx_word' id='word_1_20' title='bbox 1089 314 1228 353; x_wconf 80' lang='grc' dir='ltr'><em>ἐκεῖνοι</em></span> <span class='ocrx_word' id='word_1_21' title='bbox 1260 312 1335 366; x_wconf 81' lang='grc' dir='ltr'><em>τήν</em></span> <span class='ocrx_word' id='word_1_22' title='bbox 1363 314 1653 369; x_wconf 77' lang='grc' dir='ltr'><em>προσκειμένην</em></span> 
     </span>
    </p>

    <p class='ocr_par' dir='ltr' id='par_1_4' title="bbox 154 370 1676 618">
     <span class='ocr_line' id='line_1_4' title="bbox 154 370 1653 430; baseline 0.005 -20"><span class='ocrx_word' id='word_1_23' title='bbox 154 376 190 415; x_wconf 86' lang='grc' dir='ltr'><em>Ρ.</em></span> <span class='ocrx_word' id='word_1_24' title='bbox 202 376 328 427; x_wconf 80' lang='grc' dir='ltr'><em>78γῆν</em></span> <span class='ocrx_word' id='word_1_25' title='bbox 355 372 643 428; x_wconf 78' lang='grc' dir='ltr'><em>ἀνορύττοντες</em></span> <span class='ocrx_word' id='word_1_26' title='bbox 672 370 828 414; x_wconf 79' lang='grc' dir='ltr'><em>καὶτὸν</em></span> <span class='ocrx_word' id='word_1_27' title='bbox 857 376 963 426; x_wconf 90' lang='grc' dir='ltr'><em>χοῦν</em></span> <span class='ocrx_word' id='word_1_28' title='bbox 987 375 1257 428; x_wconf 81' lang='grc' dir='ltr'><em>ἅνιμώμενοι,</em></span> <span class='ocrx_word' id='word_1_29' title='bbox 1299 373 1575 430; x_wconf 75' lang='grc' dir='ltr'><em>ἀπογυμνοῦσι</em></span> <span class='ocrx_word' id='word_1_30' title='bbox 1601 376 1653 417; x_wconf 79' lang='grc' dir='ltr'><em>τὰ</em></span> 
     </span>
     <span class='ocr_line' id='line_1_5' title="bbox 244 433 1653 494; baseline 0.003 -17"><span class='ocrx_word' id='word_1_31' title='bbox 244 438 429 488; x_wconf 80' lang='grc' dir='ltr'><em>θεμέλια,</em></span> <span class='ocrx_word' id='word_1_32' title='bbox 456 439 528 477; x_wconf 85' lang='grc' dir='ltr'><em>καί</em></span> <span class='ocrx_word' id='word_1_33' title='bbox 546 433 634 478; x_wconf 80' lang='grc' dir='ltr'><em>εἶτα</em></span> <span class='ocrx_word' id='word_1_34' title='bbox 656 440 826 489; x_wconf 81' lang='grc' dir='ltr'><em>μοχλοῖς</em></span> <span class='ocrx_word' id='word_1_35' title='bbox 850 453 894 476; x_wconf 87' lang='grc' dir='ltr'><em>τε</em></span> <span class='ocrx_word' id='word_1_36' title='bbox 916 440 987 478; x_wconf 79' lang='grc' dir='ltr'><em>καί</em></span> <span class='ocrx_word' id='word_1_37' title='bbox 1001 439 1183 492; x_wconf 81' lang='grc' dir='ltr'><em>σφύραις</em></span> <span class='ocrx_word' id='word_1_38' title='bbox 1196 439 1509 493; x_wconf 76' lang='grc' dir='ltr'><em>ἑνδελεχέστατα</em></span> <span class='ocrx_word' id='word_1_39' title='bbox 1528 440 1653 494; x_wconf 85' lang='grc' dir='ltr'><em>πλήτ-</em></span> 
     </span>
     <span class='ocr_line' id='line_1_6' title="bbox 243 498 1676 555; baseline 0.002 -15"><span class='ocrx_word' id='word_1_40' title='bbox 243 514 404 552; x_wconf 82' lang='grc' dir='ltr'><em>τοντες,</em></span> <span class='ocrx_word' id='word_1_41' title='bbox 442 499 725 541; x_wconf 86' lang='grc' dir='ltr'><em>κατασείουσιν</em></span> <span class='ocrx_word' id='word_1_42' title='bbox 749 498 824 553; x_wconf 72' lang='grc' dir='ltr'><em>τήν</em></span> <span class='ocrx_word' id='word_1_43' title='bbox 850 500 1097 552; x_wconf 68' lang='grc' dir='ltr'><em>οἰκοδομίαν.</em></span> <span class='ocrx_word' id='word_1_44' title='bbox 1143 498 1250 542; x_wconf 78' lang='grc' dir='ltr'><em>οὕτω</em></span> <span class='ocrx_word' id='word_1_45' title='bbox 1275 504 1351 555; x_wconf 79' lang='grc' dir='ltr'><em>μὲν</em></span> <span class='ocrx_word' id='word_1_46' title='bbox 1374 499 1449 546; x_wconf 77' lang='grc' dir='ltr'><em>οὖν</em></span> <span class='ocrx_word' id='word_1_47' title='bbox 1475 502 1514 545; x_wconf 84' lang='grc' dir='ltr'><em>οἱ</em></span> <span class='ocrx_word' id='word_1_48' title='bbox 1539 503 1676 546; x_wconf 70' lang='lat' dir='ltr'><strong>‘Pru-5</strong></span> 
     </span>
     <span class='ocr_line' id='line_1_7' title="bbox 244 562 1147 618; baseline 0.001 -14"><span class='ocrx_word' id='word_1_49' title='bbox 244 568 362 615; x_wconf 84' lang='grc' dir='ltr'><em>μαῖοι</em></span> <span class='ocrx_word' id='word_1_50' title='bbox 385 565 436 604; x_wconf 85' lang='grc' dir='ltr'><em>τὰ</em></span> <span class='ocrx_word' id='word_1_51' title='bbox 462 565 504 612; x_wconf 79' lang='grc' dir='ltr'><em>ἐς</em></span> <span class='ocrx_word' id='word_1_52' title='bbox 527 562 763 618; x_wconf 87' lang='grc' dir='ltr'><em>πολιορκίαν</em></span> <span class='ocrx_word' id='word_1_53' title='bbox 788 564 1147 617; x_wconf 79' lang='grc' dir='ltr'><em>παρεσκευάζοντο.</em></span> 
     </span>
    </p>

    <p class='ocr_par' dir='ltr' id='par_1_5' title="bbox 237 624 1705 877">
     <span class='ocr_line' id='line_1_8' title="bbox 351 624 1653 685; baseline 0.004 -18"><span class='ocrx_word' id='word_1_54' title='bbox 351 625 398 674; x_wconf 87' lang='grc' dir='ltr'><em>ς’.</em></span> <span class='ocrx_word' id='word_1_55' title='bbox 446 624 519 668; x_wconf 85' lang='grc' dir='ltr'><em>Ἐν</em></span> <span class='ocrx_word' id='word_1_56' title='bbox 553 627 681 683; x_wconf 76' lang='grc' dir='ltr'><em>τούτῳ</em></span> <span class='ocrx_word' id='word_1_57' title='bbox 718 629 763 668; x_wconf 78' lang='grc' dir='ltr'><em>δὲ</em></span> <span class='ocrx_word' id='word_1_58' title='bbox 796 627 1013 668; x_wconf 78' lang='grc' dir='ltr'><em>ἁλίσκεταί</em></span> <span class='ocrx_word' id='word_1_59' title='bbox 1035 644 1097 676; x_wconf 89' lang='grc' dir='ltr'><em>τις</em></span> <span class='ocrx_word' id='word_1_60' title='bbox 1128 631 1298 683; x_wconf 86' lang='grc' dir='ltr'><em>Πέρσης</em></span> <span class='ocrx_word' id='word_1_61' title='bbox 1329 629 1427 685; x_wconf 71' lang='grc' dir='ltr'><em>ἀνὴρ</em></span> <span class='ocrx_word' id='word_1_62' title='bbox 1462 629 1543 671; x_wconf 68' lang='grc' dir='ltr'><em>ὑπὸ</em></span> <span class='ocrx_word' id='word_1_63' title='bbox 1572 633 1653 672; x_wconf 77' lang='grc' dir='ltr'><em>τῶν</em></span> 
     </span>
     <span class='ocr_line' id='line_1_9' title="bbox 237 690 1654 747; baseline 0.002 -15"><span class='ocrx_word' id='word_1_64' title='bbox 237 690 468 732; x_wconf 85' lang='grc' dir='ltr'><em>Ἰουστίνου</em></span> <span class='ocrx_word' id='word_1_65' title='bbox 505 692 750 746; x_wconf 75' lang='grc' dir='ltr'><em>δορυφόρων</em></span> <span class='ocrx_word' id='word_1_66' title='bbox 781 690 859 732; x_wconf 70' lang='grc' dir='ltr'><em>ἀντὶ</em></span> <span class='ocrx_word' id='word_1_67' title='bbox 891 690 937 732; x_wconf 83' lang='grc' dir='ltr'><em>τὸ</em></span> <span class='ocrx_word' id='word_1_68' title='bbox 961 692 1162 747; x_wconf 81' lang='grc' dir='ltr'><em>φρούριον</em></span> <span class='ocrx_word' id='word_1_69' title='bbox 1183 692 1470 746; x_wconf 80' lang='grc' dir='ltr'><em>πορευόμενος.</em></span> <span class='ocrx_word' id='word_1_70' title='bbox 1495 692 1587 735; x_wconf 74' lang='grc' dir='ltr'><em>ἐπεὶ</em></span> <span class='ocrx_word' id='word_1_71' title='bbox 1606 695 1654 735; x_wconf 75' lang='grc' dir='ltr'><em>δὲ</em></span> 
     </span>
     <span class='ocr_line' id='line_1_10' title="bbox 244 753 1654 810; baseline 0.002 -15"><span class='ocrx_word' id='word_1_72' title='bbox 244 756 287 802; x_wconf 76' lang='grc' dir='ltr'><em>ἐς</em></span> <span class='ocrx_word' id='word_1_73' title='bbox 315 753 360 795; x_wconf 90' lang='grc' dir='ltr'><em>τὸ</em></span> <span class='ocrx_word' id='word_1_74' title='bbox 387 754 656 810; x_wconf 71' lang='grc' dir='ltr'><em>στρατόπεδον</em></span> <span class='ocrx_word' id='word_1_75' title='bbox 682 755 933 807; x_wconf 75' lang='grc' dir='ltr'><em>ἐκεκόμιστο,</em></span> <span class='ocrx_word' id='word_1_76' title='bbox 971 756 1217 809; x_wconf 72' lang='grc' dir='ltr'><em>ἠναγκάζετο</em></span> <span class='ocrx_word' id='word_1_77' title='bbox 1236 755 1558 810; x_wconf 76' lang='grc' dir='ltr'><em>μαστιγούμενος</em></span> <span class='ocrx_word' id='word_1_78' title='bbox 1578 755 1654 806; x_wconf 76' lang='grc' dir='ltr'><em>ξύν</em></span> 
     </span>
     <span class='ocr_line' id='line_1_11' title="bbox 246 817 1705 877; baseline 0.001 -18"><span class='ocrx_word' id='word_1_79' title='bbox 246 819 421 877; x_wconf 69' lang='grc' dir='ltr'><em>ἀληθείᾳ</em></span> <span class='ocrx_word' id='word_1_80' title='bbox 450 820 558 874; x_wconf 78' lang='grc' dir='ltr'><em>ἐρεῖν</em></span> <span class='ocrx_word' id='word_1_81' title='bbox 581 817 632 858; x_wconf 84' lang='grc' dir='ltr'><em>τὰ</em></span> <span class='ocrx_word' id='word_1_82' title='bbox 661 821 742 859; x_wconf 71' lang='grc' dir='ltr'><em>τῶν</em></span> <span class='ocrx_word' id='word_1_83' title='bbox 777 819 933 859; x_wconf 87' lang='grc' dir='ltr'><em>οἰκείων</em></span> <span class='ocrx_word' id='word_1_84' title='bbox 966 818 1242 872; x_wconf 87' lang='grc' dir='ltr'><em>βουλεύματα.</em></span> <span class='ocrx_word' id='word_1_85' title='bbox 1291 822 1363 860; x_wconf 82' lang='grc' dir='ltr'>καί</span> <span class='ocrx_word' id='word_1_86' title='bbox 1388 821 1492 874; x_wconf 76' lang='grc' dir='ltr'><em>δῆτα</em></span> <span class='ocrx_word' id='word_1_87' title='bbox 1523 819 1705 874; x_wconf 82' lang='grc' dir='ltr'><em>ἆπήγ-ιο</em></span> 
     </span>
    </p>

    <p class='ocr_par' dir='ltr' id='par_1_6' title="bbox 207 879 1703 1511">
     <span class='ocr_line' id='line_1_12' title="bbox 207 879 1653 939; baseline -0.001 -14"><span class='ocrx_word' id='word_1_88' title='bbox 207 886 403 935; x_wconf 84' lang='grc' dir='ltr'><em>Βγελλεν,</em></span> <span class='ocrx_word' id='word_1_89' title='bbox 433 883 489 930; x_wconf 79' lang='grc' dir='ltr'><em>ὦς</em></span> <span class='ocrx_word' id='word_1_90' title='bbox 519 881 542 923; x_wconf 82' lang='grc' dir='ltr'><em>ὅ</em></span> <span class='ocrx_word' id='word_1_91' title='bbox 565 885 642 934; x_wconf 82' lang='grc' dir='ltr'><em>μὲν</em></span> <span class='ocrx_word' id='word_1_92' title='bbox 666 882 919 937; x_wconf 80' lang='grc' dir='ltr'><em>Ναχοραγὰν</em></span> <span class='ocrx_word' id='word_1_93' title='bbox 942 885 985 931; x_wconf 78' lang='grc' dir='ltr'><em>ἐς</em></span> <span class='ocrx_word' id='word_1_94' title='bbox 1007 883 1194 938; x_wconf 83' lang='grc' dir='ltr'><em>Ἰβηρίαν</em></span> <span class='ocrx_word' id='word_1_95' title='bbox 1219 879 1297 938; x_wconf 74' lang='grc' dir='ltr'><em>ἤδη</em></span> <span class='ocrx_word' id='word_1_96' title='bbox 1317 880 1500 939; x_wconf 81' lang='grc' dir='ltr'><em>ἆφΐκται·</em></span> <span class='ocrx_word' id='word_1_97' title='bbox 1527 881 1653 924; x_wconf 70' lang='grc' dir='ltr'><em>αὐτὸν</em></span> 
     </span>
     <span class='ocr_line' id='line_1_13' title="bbox 243 943 1651 1003; baseline 0.001 -17"><span class='ocrx_word' id='word_1_98' title='bbox 243 948 288 987; x_wconf 79' lang='grc' dir='ltr'><em>δὲ</em></span> <span class='ocrx_word' id='word_1_99' title='bbox 310 943 568 995; x_wconf 71' lang='grc' dir='ltr'><em>ἀπεσταλκώς</em></span> <span class='ocrx_word' id='word_1_100' title='bbox 590 945 651 1000; x_wconf 85' lang='grc' dir='ltr'><em>εἴη</em></span> <span class='ocrx_word' id='word_1_101' title='bbox 678 944 730 987; x_wconf 76' lang='grc' dir='ltr'><em>τοὶ</em></span> <span class='ocrx_word' id='word_1_102' title='bbox 768 948 954 988; x_wconf 75' lang='grc' dir='ltr'><em>ἐνταῦθα</em></span> <span class='ocrx_word' id='word_1_103' title='bbox 976 949 1264 1003; x_wconf 82' lang='grc' dir='ltr'><em>στρατεύματα</em></span> <span class='ocrx_word' id='word_1_104' title='bbox 1282 949 1651 1002; x_wconf 78' lang='grc' dir='ltr'><em>ε’πιθαρσυνοῦντα,</em></span> 
     </span>
     <span class='ocr_line' id='line_1_14' title="bbox 239 1008 1651 1066; baseline 0.001 -16"><span class='ocrx_word' id='word_1_105' title='bbox 239 1009 297 1058; x_wconf 79' lang='grc' dir='ltr'><em>ὦς</em></span> <span class='ocrx_word' id='word_1_106' title='bbox 309 1010 458 1050; x_wconf 75' lang='grc' dir='ltr'><em>αὐτίκα</em></span> <span class='ocrx_word' id='word_1_107' title='bbox 485 1008 598 1062; x_wconf 77' lang='grc' dir='ltr'><em>μάλα</em></span> <span class='ocrx_word' id='word_1_108' title='bbox 615 1011 693 1050; x_wconf 84' lang='grc' dir='ltr'><em>τοῦ</em></span> <span class='ocrx_word' id='word_1_109' title='bbox 714 1012 944 1065; x_wconf 79' lang='grc' dir='ltr'><em>στρατηγοῦ</em></span> <span class='ocrx_word' id='word_1_110' title='bbox 967 1014 1262 1066; x_wconf 85' lang='grc' dir='ltr'><em>παρεσομένου.</em></span> <span class='ocrx_word' id='word_1_111' title='bbox 1289 1012 1355 1064; x_wconf 85' lang='grc' dir='ltr'><em>,,οῑ</em></span> <span class='ocrx_word' id='word_1_112' title='bbox 1381 1013 1427 1053; x_wconf 77' lang='grc' dir='ltr'><em>δὲ</em></span> <span class='ocrx_word' id='word_1_113' title='bbox 1457 1012 1500 1060; x_wconf 80' lang='grc' dir='ltr'><em>ἐς</em></span> <span class='ocrx_word' id='word_1_114' title='bbox 1527 1013 1651 1052; x_wconf 85' lang='grc' dir='ltr'><em>Μου-</em></span> 
     </span>
     <span class='ocr_line' id='line_1_15' title="bbox 239 1070 1644 1130; baseline 0.001 -16"><span class='ocrx_word' id='word_1_115' title='bbox 239 1070 418 1129; x_wconf 86' lang='grc' dir='ltr'><em>χείρισίν</em></span> <span class='ocrx_word' id='word_1_116' title='bbox 438 1090 482 1114; x_wconf 87' lang='grc' dir='ltr'><em>τε</em></span> <span class='ocrx_word' id='word_1_117' title='bbox 509 1074 580 1115; x_wconf 81' lang='grc' dir='ltr'>καί</span> <span class='ocrx_word' id='word_1_118' title='bbox 601 1073 805 1116; x_wconf 77' lang='grc' dir='ltr'><em>Κοτάϊσιν</em></span> <span class='ocrx_word' id='word_1_119' title='bbox 847 1077 1086 1129; x_wconf 81' lang='grc' dir='ltr'><em>τεταγμένοι</em></span> <span class='ocrx_word' id='word_1_120' title='bbox 1120 1077 1288 1130; x_wconf 79' lang='grc' dir='ltr'><em>Πέρσαι</em></span> <span class='ocrx_word' id='word_1_121' title='bbox 1325 1073 1400 1116; x_wconf 78' lang='grc' dir='ltr'><em>οῦκ</em></span> <span class='ocrx_word' id='word_1_122' title='bbox 1420 1076 1462 1123; x_wconf 75' lang='grc' dir='ltr'><em>ἐς</em></span> <span class='ocrx_word' id='word_1_123' title='bbox 1478 1073 1644 1129; x_wconf 77' lang='grc' dir='ltr'><em>μακρὰν</em></span> 
     </span>
     <span class='ocr_line' id='line_1_16' title="bbox 237 1135 1703 1194; baseline 0 -16"><span class='ocrx_word' id='word_1_124' title='bbox 237 1135 429 1192; x_wconf 78' lang='grc' dir='ltr'><em>ἥξουσιν”</em></span> <span class='ocrx_word' id='word_1_125' title='bbox 457 1136 537 1192; x_wconf 81' lang='grc' dir='ltr'><em>ἔφη</em></span> <span class='ocrx_word' id='word_1_126' title='bbox 565 1137 969 1193; x_wconf 74' lang='grc' dir='ltr'><em>,,προσβοηθὴσοντες</em></span> <span class='ocrx_word' id='word_1_127' title='bbox 985 1146 1070 1188; x_wconf 81' lang='grc' dir='ltr'><em>τοῖς</em></span> <span class='ocrx_word' id='word_1_128' title='bbox 1090 1140 1132 1187; x_wconf 79' lang='grc' dir='ltr'><em>ἐς</em></span> <span class='ocrx_word' id='word_1_129' title='bbox 1158 1138 1395 1194; x_wconf 80' lang='grc' dir='ltr'><em>Ὀνόγουριν</em></span> <span class='ocrx_word' id='word_1_130' title='bbox 1413 1137 1703 1193; x_wconf 81' lang='grc' dir='ltr'><em>ὅμοφύλοις,ι5</em></span> 
     </span>
     <span class='ocr_line' id='line_1_17' title="bbox 237 1200 1652 1256; baseline 0 -14"><span class='ocrx_word' id='word_1_131' title='bbox 237 1203 486 1256; x_wconf 75' lang='grc' dir='ltr'><em>ἐγνωσμένον</em></span> <span class='ocrx_word' id='word_1_132' title='bbox 519 1202 669 1251; x_wconf 64' lang='grc' dir='ltr'><em>αὐτοῖς,</em></span> <span class='ocrx_word' id='word_1_133' title='bbox 686 1201 740 1250; x_wconf 78' lang='grc' dir='ltr'><em>ὥς</em></span> <span class='ocrx_word' id='word_1_134' title='bbox 767 1205 830 1243; x_wconf 81' lang='grc' dir='ltr'><em>ἐπ’</em></span> <span class='ocrx_word' id='word_1_135' title='bbox 861 1202 1037 1251; x_wconf 81' lang='grc' dir='ltr'><em>ἐκείνους</em></span> <span class='ocrx_word' id='word_1_136' title='bbox 1061 1204 1166 1244; x_wconf 82' lang='grc' dir='ltr'><em>ἰέναι</em></span> <span class='ocrx_word' id='word_1_137' title='bbox 1191 1205 1461 1244; x_wconf 75' lang='grc' dir='ltr'><em>διανοεῖσθε.”</em></span> <span class='ocrx_word' id='word_1_138' title='bbox 1498 1200 1652 1243; x_wconf 84' lang='grc' dir='ltr'><em>τούτων</em></span> 
     </span>
     <span class='ocr_line' id='line_1_18' title="bbox 238 1263 1652 1322; baseline 0 -16"><span class='ocrx_word' id='word_1_139' title='bbox 238 1268 285 1307; x_wconf 77' lang='grc' dir='ltr'><em>δὲ</em></span> <span class='ocrx_word' id='word_1_140' title='bbox 306 1267 529 1320; x_wconf 82' lang='grc' dir='ltr'><em>εἰρημένων</em></span> <span class='ocrx_word' id='word_1_141' title='bbox 542 1299 554 1318; x_wconf 89' lang='grc'><em>,</em></span> <span class='ocrx_word' id='word_1_142' title='bbox 584 1265 733 1307; x_wconf 71' lang='grc' dir='ltr'><em>αὐτίκα</em></span> <span class='ocrx_word' id='word_1_143' title='bbox 760 1267 797 1307; x_wconf 83' lang='grc' dir='ltr'><em>οἱ</em></span> <span class='ocrx_word' id='word_1_144' title='bbox 818 1268 899 1308; x_wconf 78' lang='grc' dir='ltr'><em>τῶν</em></span> <span class='ocrx_word' id='word_1_145' title='bbox 915 1266 1130 1318; x_wconf 86' lang='grc' dir='ltr'><em>Ῥωμαίων</em></span> <span class='ocrx_word' id='word_1_146' title='bbox 1153 1266 1370 1322; x_wconf 76' lang='grc' dir='ltr'><em>στρατηγοὶ</em></span> <span class='ocrx_word' id='word_1_147' title='bbox 1390 1263 1652 1319; x_wconf 74' lang='grc' dir='ltr'><em>ἐβουλεύοντο</em></span> 
     </span>
     <span class='ocr_line' id='line_1_19' title="bbox 241 1326 1652 1385; baseline 0 -15"><span class='ocrx_word' id='word_1_148' title='bbox 241 1326 356 1385; x_wconf 81' lang='grc' dir='ltr'><em>ἆμφί</em></span> <span class='ocrx_word' id='word_1_149' title='bbox 375 1331 458 1370; x_wconf 72' lang='grc' dir='ltr'><em>τῶν</em></span> <span class='ocrx_word' id='word_1_150' title='bbox 489 1330 725 1384; x_wconf 81' lang='grc' dir='ltr'><em>παρόντων.</em></span> <span class='ocrx_word' id='word_1_151' title='bbox 756 1329 827 1371; x_wconf 81' lang='grc' dir='ltr'>καί</span> <span class='ocrx_word' id='word_1_152' title='bbox 852 1330 1016 1384; x_wconf 82' lang='grc' dir='ltr'><em>Βούζης</em></span> <span class='ocrx_word' id='word_1_153' title='bbox 1037 1333 1114 1381; x_wconf 84' lang='grc' dir='ltr'><em>μὲν</em></span> <span class='ocrx_word' id='word_1_154' title='bbox 1136 1329 1312 1385; x_wconf 77' lang='grc' dir='ltr'><em>ἔφασκεν</em></span> <span class='ocrx_word' id='word_1_155' title='bbox 1333 1332 1489 1384; x_wconf 82' lang='grc' dir='ltr'><em>χρῆναι</em></span> <span class='ocrx_word' id='word_1_156' title='bbox 1512 1326 1652 1384; x_wconf 81' lang='grc' dir='ltr'><em>πρότε-</em></span> 
     </span>
     <span class='ocr_line' id='line_1_20' title="bbox 236 1391 1651 1449; baseline 0.001 -16"><span class='ocrx_word' id='word_1_157' title='bbox 236 1400 310 1447; x_wconf 76' lang='grc' dir='ltr'><em>’ρον</em></span> <span class='ocrx_word' id='word_1_158' title='bbox 331 1392 456 1433; x_wconf 75' lang='grc' dir='ltr'><em>παντὶ</em></span> <span class='ocrx_word' id='word_1_159' title='bbox 479 1394 538 1449; x_wconf 68' lang='grc' dir='ltr'><em>τῷ</em></span> <span class='ocrx_word' id='word_1_160' title='bbox 561 1396 722 1449; x_wconf 78' lang='grc' dir='ltr'><em>στρατῷ</em></span> <span class='ocrx_word' id='word_1_161' title='bbox 743 1394 1009 1444; x_wconf 73' lang='grc' dir='ltr'><em>ὑπαντιάζειν</em></span> <span class='ocrx_word' id='word_1_162' title='bbox 1041 1400 1126 1443; x_wconf 89' lang='grc' dir='ltr'><em>τοῖς</em></span> <span class='ocrx_word' id='word_1_163' title='bbox 1150 1396 1461 1448; x_wconf 80' lang='grc' dir='ltr'><em>ἐπερχομένοις.</em></span> <span class='ocrx_word' id='word_1_164' title='bbox 1493 1391 1651 1435; x_wconf 77' lang='grc' dir='ltr'><em>τούτων</em></span> 
     </span>
     <span class='ocr_line' id='line_1_21' title="bbox 237 1453 1702 1511; baseline -0.001 -14"><span class='ocrx_word' id='word_1_165' title='bbox 237 1455 332 1510; x_wconf 80' lang='grc' dir='ltr'><em>γὰρ,</em></span> <span class='ocrx_word' id='word_1_166' title='bbox 353 1457 409 1505; x_wconf 75' lang='grc' dir='ltr'><em>ὥς</em></span> <span class='ocrx_word' id='word_1_167' title='bbox 424 1454 470 1497; x_wconf 86' lang='grc' dir='ltr'><em>τὸ</em></span> <span class='ocrx_word' id='word_1_168' title='bbox 490 1454 608 1508; x_wconf 87' lang='grc' dir='ltr'><em>εἰκὸς,</em></span> <span class='ocrx_word' id='word_1_169' title='bbox 633 1455 702 1497; x_wconf 81' lang='grc' dir='ltr'><em>ὃιιὶ</em></span> <span class='ocrx_word' id='word_1_170' title='bbox 727 1455 802 1511; x_wconf 75' lang='grc' dir='ltr'><em>τὴν</em></span> <span class='ocrx_word' id='word_1_171' title='bbox 824 1454 1036 1511; x_wconf 78' lang='grc' dir='ltr'><em>ὀλιγότητα</em></span> <span class='ocrx_word' id='word_1_172' title='bbox 1058 1459 1304 1510; x_wconf 85' lang='grc' dir='ltr'><em>νικωμένων,</em></span> <span class='ocrx_word' id='word_1_173' title='bbox 1327 1454 1524 1509; x_wconf 76' lang='grc' dir='ltr'><em>ἑπόμενον</em></span> <span class='ocrx_word' id='word_1_174' title='bbox 1541 1453 1702 1499; x_wconf 69' lang='grc' dir='ltr'><em>εἶναιαο</em></span> 
     </span>
    </p>

    <p class='ocr_par' dir='ltr' id='par_1_7' title="bbox 202 1518 1649 1704">
     <span class='ocr_line' id='line_1_22' title="bbox 202 1518 1649 1577; baseline 0.001 -17"><span class='ocrx_word' id='word_1_175' title='bbox 202 1518 338 1569; x_wconf 76' lang='grc' dir='ltr'><em>Οτούς</em></span> <span class='ocrx_word' id='word_1_176' title='bbox 361 1521 404 1560; x_wconf 78' lang='grc' dir='ltr'><em>ἐν</em></span> <span class='ocrx_word' id='word_1_177' title='bbox 426 1522 482 1577; x_wconf 78' lang='grc' dir='ltr'><em>τῷ</em></span> <span class='ocrx_word' id='word_1_178' title='bbox 505 1523 691 1576; x_wconf 78' lang='grc' dir='ltr'><em>φρουρίῳ</em></span> <span class='ocrx_word' id='word_1_179' title='bbox 721 1521 899 1574; x_wconf 82' lang='grc' dir='ltr'><em>τάχιστα</em></span> <span class='ocrx_word' id='word_1_180' title='bbox 930 1520 1260 1576; x_wconf 81' lang='grc' dir='ltr'><em>προσχωρήσειν,</em></span> <span class='ocrx_word' id='word_1_181' title='bbox 1290 1519 1470 1575; x_wconf 78' lang='grc' dir='ltr'><em>ἐρήμους</em></span> <span class='ocrx_word' id='word_1_182' title='bbox 1489 1532 1649 1575; x_wconf 83' lang='grc' dir='ltr'><em>γεγενη-</em></span> 
     </span>
     <span class='ocr_line' id='line_1_23' title="bbox 235 1582 1648 1641; baseline 0.002 -18"><span class='ocrx_word' id='word_1_183' title='bbox 235 1585 398 1635; x_wconf 83' lang='grc' dir='ltr'><em>μένους·</em></span> <span class='ocrx_word' id='word_1_184' title='bbox 427 1585 465 1624; x_wconf 86' lang='grc' dir='ltr'><em>εἰ</em></span> <span class='ocrx_word' id='word_1_185' title='bbox 483 1584 528 1623; x_wconf 74' lang='grc' dir='ltr'><em>δέ</em></span> <span class='ocrx_word' id='word_1_186' title='bbox 556 1600 599 1636; x_wconf 88' lang='grc' dir='ltr'><em>γε</em></span> <span class='ocrx_word' id='word_1_187' title='bbox 624 1583 695 1624; x_wconf 76' lang='grc' dir='ltr'><em>καί</em></span> <span class='ocrx_word' id='word_1_188' title='bbox 718 1585 974 1636; x_wconf 82' lang='grc' dir='ltr'><em>οἷντισταῖεν,</em></span> <span class='ocrx_word' id='word_1_189' title='bbox 1005 1582 1093 1625; x_wconf 73' lang='grc' dir='ltr'><em>ἀλλ’</em></span> <span class='ocrx_word' id='word_1_190' title='bbox 1122 1584 1262 1626; x_wconf 74' lang='grc' dir='ltr'><em>οὐδενὶ</em></span> <span class='ocrx_word' id='word_1_191' title='bbox 1279 1584 1386 1641; x_wconf 79' lang='grc' dir='ltr'><em>πόνῳ</em></span> <span class='ocrx_word' id='word_1_192' title='bbox 1409 1586 1648 1640; x_wconf 72' lang='grc' dir='ltr'><em>διαφθαρῆ-</em></span> 
     </span>
     <span class='ocr_line' id='line_1_24' title="bbox 237 1642 1647 1704; baseline 0.001 -16"><span class='ocrx_word' id='word_1_193' title='bbox 237 1663 329 1689; x_wconf 85' lang='grc' dir='ltr'><em>ναι.</em></span> <span class='ocrx_word' id='word_1_194' title='bbox 365 1642 511 1702; x_wconf 75' lang='grc' dir='ltr'><em>ἤρεσκε</em></span> <span class='ocrx_word' id='word_1_195' title='bbox 555 1649 600 1688; x_wconf 77' lang='grc' dir='ltr'><em>δὲ</em></span> <span class='ocrx_word' id='word_1_196' title='bbox 626 1649 758 1689; x_wconf 84' lang='grc' dir='ltr'><em>ταῦτα</em></span> <span class='ocrx_word' id='word_1_197' title='bbox 801 1648 872 1689; x_wconf 82' lang='grc' dir='ltr'><em>καί</em></span> <span class='ocrx_word' id='word_1_198' title='bbox 903 1645 1174 1703; x_wconf 82' lang='grc' dir='ltr'><em>Οῦλίγαγγον,</em></span> <span class='ocrx_word' id='word_1_199' title='bbox 1196 1647 1266 1690; x_wconf 86' lang='grc' dir='ltr'><em>τὸν</em></span> <span class='ocrx_word' id='word_1_200' title='bbox 1305 1650 1379 1689; x_wconf 90' lang='grc' dir='ltr'><em>τοῦ</em></span> <span class='ocrx_word' id='word_1_201' title='bbox 1412 1645 1647 1704; x_wconf 86' lang='grc' dir='ltr'><em>Ἐρουλικοῦ</em></span> 
     </span>
    </p>
   </div>
   <div class='ocr_carea' id='block_1_3' title="bbox 328 1738 1645 1832">
    <p class='ocr_par' dir='ltr' id='par_1_8' title="bbox 328 1738 1645 1832">
     <span class='ocr_line' id='line_1_25' title="bbox 334 1738 1645 1786; baseline -0.001 -12"><span class='ocrx_word' id='word_1_202' title='bbox 334 1752 383 1774; x_wconf 90' lang='grc' dir='ltr'><em>ιο.</em></span> <span class='ocrx_word' id='word_1_203' title='bbox 409 1740 498 1782; x_wconf 76' lang='grc' dir='ltr'><em>δίἷπι</em></span> <span class='ocrx_word' id='word_1_204' title='bbox 523 1742 560 1773; x_wconf 78' lang='lat' dir='ltr'><em>R.</em></span> <span class='ocrx_word' id='word_1_205' title='bbox 589 1740 696 1785; x_wconf 84' lang='lat' dir='ltr'><strong>Lngd.</strong></span> <span class='ocrx_word' id='word_1_206' title='bbox 722 1741 827 1785; x_wconf 65' lang='lat' dir='ltr'><strong>(CL),</strong></span> <span class='ocrx_word' id='word_1_207' title='bbox 853 1738 894 1782; x_wconf 69' lang='lat' dir='ltr'><em>dt)</em></span> <span class='ocrx_word' id='word_1_208' title='bbox 921 1738 964 1772; x_wconf 76' lang='grc' dir='ltr'><em>τιὲ</em></span> <span class='ocrx_word' id='word_1_209' title='bbox 985 1740 1064 1773; x_wconf 86' lang='lat' dir='ltr'><strong>edd.</strong></span> <span class='ocrx_word' id='word_1_210' title='bbox 1179 1740 1229 1783; x_wconf 78' lang='grc'><em>14.</em></span> <span class='ocrx_word' id='word_1_211' title='bbox 1253 1739 1437 1775; x_wconf 81' lang='grc' dir='ltr'><em>Κοτάϊσιν</em></span> <span class='ocrx_word' id='word_1_212' title='bbox 1459 1742 1499 1776; x_wconf 80' lang='lat' dir='ltr'><em>R.</em></span> <span class='ocrx_word' id='word_1_213' title='bbox 1524 1741 1645 1786; x_wconf 84' lang='lat' dir='ltr'><strong>Lugd.,</strong></span> 
     </span>
     <span class='ocr_line' id='line_1_26' title="bbox 328 1783 1510 1832; baseline 0.002 -14"><span class='ocrx_word' id='word_1_214' title='bbox 328 1788 534 1820; x_wconf 76' lang='grc' dir='ltr'><em>Κοταίσιον</em></span> <span class='ocrx_word' id='word_1_215' title='bbox 558 1786 636 1819; x_wconf 84' lang='lat' dir='ltr'><strong>edd.</strong></span> <span class='ocrx_word' id='word_1_216' title='bbox 743 1798 795 1820; x_wconf 83' lang='lat'><em>20.</em></span> <span class='ocrx_word' id='word_1_217' title='bbox 821 1785 1028 1831; x_wconf 74' lang='grc' dir='ltr'><em>νικώμενον</em></span> <span class='ocrx_word' id='word_1_218' title='bbox 1052 1789 1088 1819; x_wconf 85' lang='lat' dir='ltr'><em>et</em></span> <span class='ocrx_word' id='word_1_219' title='bbox 1110 1783 1305 1832; x_wconf 75' lang='grc' dir='ltr'><em>ἑπομένων</em></span> <span class='ocrx_word' id='word_1_220' title='bbox 1328 1786 1412 1832; x_wconf 85' lang='lat' dir='ltr'><strong>Sph.</strong></span> <span class='ocrx_word' id='word_1_221' title='bbox 1436 1787 1510 1821; x_wconf 83' lang='lat' dir='ltr'><strong>Par.</strong></span> 
     </span>
    </p>
   </div>
   <div class='ocr_carea' id='block_1_4' title="bbox 235 1871 1644 2734">
    <p class='ocr_par' dir='ltr' id='par_1_9' title="bbox 235 1871 1644 2057">
     <span class='ocr_line' id='line_1_27' title="bbox 239 1871 1642 1920; baseline 0 -11"><span class='ocrx_word' id='word_1_222' title='bbox 239 1880 332 1916; x_wconf 83' lang='lat' dir='ltr'><strong>sunt,</strong></span> <span class='ocrx_word' id='word_1_223' title='bbox 351 1875 568 1908; x_wconf 81' lang='lat' dir='ltr'><strong>adiacentem</strong></span> <span class='ocrx_word' id='word_1_224' title='bbox 582 1879 707 1908; x_wconf 84' lang='lat' dir='ltr'><strong>terram</strong></span> <span class='ocrx_word' id='word_1_225' title='bbox 721 1874 926 1914; x_wconf 81' lang='lat' dir='ltr'><strong>suffodiunt,</strong></span> <span class='ocrx_word' id='word_1_226' title='bbox 946 1871 1123 1920; x_wconf 84' lang='lat' dir='ltr'><strong>humoque</strong></span> <span class='ocrx_word' id='word_1_227' title='bbox 1135 1880 1250 1918; x_wconf 83' lang='lat' dir='ltr'><strong>egesta</strong></span> <span class='ocrx_word' id='word_1_228' title='bbox 1262 1875 1486 1909; x_wconf 79' lang='lat' dir='ltr'><strong>fundamenta</strong></span> <span class='ocrx_word' id='word_1_229' title='bbox 1494 1876 1642 1916; x_wconf 80' lang='lat' dir='ltr'><strong>nudant,</strong></span> 
     </span>
     <span class='ocr_line' id='line_1_28' title="bbox 237 1920 1644 1966; baseline 0.001 -13"><span class='ocrx_word' id='word_1_230' title='bbox 237 1932 351 1966; x_wconf 85' lang='lat' dir='ltr'><strong>eaque</strong></span> <span class='ocrx_word' id='word_1_231' title='bbox 374 1921 533 1954; x_wconf 84' lang='lat' dir='ltr'><strong>vectibus</strong></span> <span class='ocrx_word' id='word_1_232' title='bbox 561 1925 596 1952; x_wconf 85' lang='lat' dir='ltr'><em>et</em></span> <span class='ocrx_word' id='word_1_233' title='bbox 615 1921 752 1953; x_wconf 87' lang='lat' dir='ltr'><strong>malleis</strong></span> <span class='ocrx_word' id='word_1_234' title='bbox 779 1920 918 1952; x_wconf 83' lang='lat' dir='ltr'>assidue</span> <span class='ocrx_word' id='word_1_235' title='bbox 946 1921 1126 1960; x_wconf 86' lang='lat' dir='ltr'><strong>ferientes,</strong></span> <span class='ocrx_word' id='word_1_236' title='bbox 1148 1927 1358 1954; x_wconf 80' lang='lat' dir='ltr'><strong>structuram</strong></span> <span class='ocrx_word' id='word_1_237' title='bbox 1384 1924 1586 1955; x_wconf 81' lang='lat' dir='ltr'>succutiunt</span> <span class='ocrx_word' id='word_1_238' title='bbox 1607 1928 1644 1955; x_wconf 70' lang='lat' dir='ltr'><strong>ek</strong></span> 
     </span>
     <span class='ocr_line' id='line_1_29' title="bbox 236 1965 1642 2011; baseline 0 -12"><span class='ocrx_word' id='word_1_239' title='bbox 236 1967 465 2000; x_wconf 79' lang='lat' dir='ltr'><strong>labefactant.</strong></span> <span class='ocrx_word' id='word_1_240' title='bbox 511 1967 553 1998; x_wconf 88' lang='lat' dir='ltr'><em>In</em></span> <span class='ocrx_word' id='word_1_241' title='bbox 571 1965 664 1998; x_wconf 88' lang='lat' dir='ltr'><strong>hunc</strong></span> <span class='ocrx_word' id='word_1_242' title='bbox 686 1966 806 2011; x_wconf 86' lang='lat' dir='ltr'><strong>itaque</strong></span> <span class='ocrx_word' id='word_1_243' title='bbox 829 1965 973 1998; x_wconf 89' lang='lat' dir='ltr'><strong>modum</strong></span> <span class='ocrx_word' id='word_1_244' title='bbox 992 1966 1136 1999; x_wconf 85' lang='lat' dir='ltr'><strong>Romani</strong></span> <span class='ocrx_word' id='word_1_245' title='bbox 1158 1977 1194 1999; x_wconf 87' lang='lat' dir='ltr'><em>se</em></span> <span class='ocrx_word' id='word_1_246' title='bbox 1227 1966 1272 1999; x_wconf 87' lang='lat' dir='ltr'><em>ad</em></span> <span class='ocrx_word' id='word_1_247' title='bbox 1298 1966 1522 2000; x_wconf 78' lang='lat' dir='ltr'><strong>obsidionem</strong></span> <span class='ocrx_word' id='word_1_248' title='bbox 1545 1978 1642 2000; x_wconf 83' lang='lat' dir='ltr'><strong>com-</strong></span> 
     </span>
     <span class='ocr_line' id='line_1_30' title="bbox 235 2012 417 2057; baseline 0.005 -13"><span class='ocrx_word' id='word_1_249' title='bbox 235 2012 417 2057; x_wconf 83' lang='lat' dir='ltr'><strong>parabant.</strong></span> 
     </span>
    </p>

    <p class='ocr_par' dir='ltr' id='par_1_10' title="bbox 236 2055 1641 2734">
     <span class='ocr_line' id='line_1_31' title="bbox 329 2055 1640 2102; baseline 0.002 -14"><span class='ocrx_word' id='word_1_250' title='bbox 329 2058 363 2092; x_wconf 88' lang='lat'><em>6.</em></span> <span class='ocrx_word' id='word_1_251' title='bbox 410 2057 503 2089; x_wconf 90' lang='lat' dir='ltr'><em>Dum</em></span> <span class='ocrx_word' id='word_1_252' title='bbox 519 2055 606 2088; x_wconf 87' lang='lat' dir='ltr'><strong>haec</strong></span> <span class='ocrx_word' id='word_1_253' title='bbox 621 2061 781 2100; x_wconf 83' lang='lat' dir='ltr'><strong>aguntur,</strong></span> <span class='ocrx_word' id='word_1_254' title='bbox 807 2056 860 2088; x_wconf 89' lang='lat' dir='ltr'><strong>vir</strong></span> <span class='ocrx_word' id='word_1_255' title='bbox 870 2055 1012 2100; x_wconf 87' lang='lat' dir='ltr'><strong>quidam</strong></span> <span class='ocrx_word' id='word_1_256' title='bbox 1029 2057 1129 2090; x_wconf 83' lang='lat' dir='ltr'><strong>Persa</strong></span> <span class='ocrx_word' id='word_1_257' title='bbox 1146 2057 1189 2089; x_wconf 85' lang='lat' dir='ltr'><em>ad</em></span> <span class='ocrx_word' id='word_1_258' title='bbox 1206 2058 1507 2102; x_wconf 82' lang='lat' dir='ltr'>propugnaculum</span> <span class='ocrx_word' id='word_1_259' title='bbox 1517 2057 1640 2090; x_wconf 82' lang='lat' dir='ltr'><strong>obam-</strong></span> 
     </span>
     <span class='ocr_line' id='line_1_32' title="bbox 239 2101 1641 2147; baseline 0.001 -12"><span class='ocrx_word' id='word_1_260' title='bbox 239 2102 366 2135; x_wconf 85' lang='lat' dir='ltr'><strong>bulans</strong></span> <span class='ocrx_word' id='word_1_261' title='bbox 384 2113 403 2134; x_wconf 88' lang='lat' dir='ltr'><strong>a</strong></span> <span class='ocrx_word' id='word_1_262' title='bbox 424 2102 551 2134; x_wconf 87' lang='lat' dir='ltr'><strong>Iustini</strong></span> <span class='ocrx_word' id='word_1_263' title='bbox 575 2101 788 2133; x_wconf 83' lang='lat' dir='ltr'><strong>satellitibus</strong></span> <span class='ocrx_word' id='word_1_264' title='bbox 802 2103 957 2144; x_wconf 79' lang='lat' dir='ltr'><strong>capitur3</strong></span> <span class='ocrx_word' id='word_1_265' title='bbox 978 2102 1006 2133; x_wconf 83' lang='lat' dir='ltr'><em>is</em></span> <span class='ocrx_word' id='word_1_266' title='bbox 1032 2102 1069 2133; x_wconf 88' lang='lat' dir='ltr'><strong>in</strong></span> <span class='ocrx_word' id='word_1_267' title='bbox 1091 2109 1202 2135; x_wconf 80' lang='lat' dir='ltr'><strong>castra</strong></span> <span class='ocrx_word' id='word_1_268' title='bbox 1216 2103 1365 2143; x_wconf 78' lang='lat' dir='ltr'><strong>delatus,</strong></span> <span class='ocrx_word' id='word_1_269' title='bbox 1389 2103 1504 2147; x_wconf 87' lang='lat' dir='ltr'><strong>flagris</strong></span> <span class='ocrx_word' id='word_1_270' title='bbox 1521 2114 1641 2137; x_wconf 76' lang='lat' dir='ltr'><strong>caesus</strong></span> 
     </span>
     <span class='ocr_line' id='line_1_33' title="bbox 239 2147 1641 2193; baseline 0.001 -14"><span class='ocrx_word' id='word_1_271' title='bbox 239 2149 374 2192; x_wconf 81' lang='lat' dir='ltr'><strong>cogitur</strong></span> <span class='ocrx_word' id='word_1_272' title='bbox 389 2158 531 2180; x_wconf 87' lang='lat' dir='ltr'><strong>suorum</strong></span> <span class='ocrx_word' id='word_1_273' title='bbox 548 2147 692 2179; x_wconf 85' lang='lat' dir='ltr'><strong>consilia</strong></span> <span class='ocrx_word' id='word_1_274' title='bbox 715 2158 757 2178; x_wconf 81' lang='lat' dir='ltr'><em>ex</em></span> <span class='ocrx_word' id='word_1_275' title='bbox 777 2148 924 2178; x_wconf 81' lang='lat' dir='ltr'><strong>veritate</strong></span> <span class='ocrx_word' id='word_1_276' title='bbox 945 2147 1112 2190; x_wconf 78' lang='lat' dir='ltr'><strong>prodere5</strong></span> <span class='ocrx_word' id='word_1_277' title='bbox 1138 2153 1244 2192; x_wconf 83' lang='lat' dir='ltr'><strong>atquc</strong></span> <span class='ocrx_word' id='word_1_278' title='bbox 1267 2148 1352 2181; x_wconf 80' lang='lat' dir='ltr'><strong>haec</strong></span> <span class='ocrx_word' id='word_1_279' title='bbox 1375 2149 1519 2193; x_wconf 86' lang='lat' dir='ltr'><strong>quidem</strong></span> <span class='ocrx_word' id='word_1_280' title='bbox 1545 2148 1641 2181; x_wconf 84' lang='lat' dir='ltr'><strong>indi-</strong></span> 
     </span>
     <span class='ocr_line' id='line_1_34' title="bbox 240 2191 1640 2236; baseline 0.001 -11"><span class='ocrx_word' id='word_1_281' title='bbox 240 2193 349 2226; x_wconf 85' lang='lat' dir='ltr'><strong>cavit:</strong></span> <span class='ocrx_word' id='word_1_282' title='bbox 375 2192 610 2236; x_wconf 85' lang='lat' dir='ltr'><strong>Nachoragam</strong></span> <span class='ocrx_word' id='word_1_283' title='bbox 630 2191 796 2224; x_wconf 86' lang='lat' dir='ltr'><strong>videlicet</strong></span> <span class='ocrx_word' id='word_1_284' title='bbox 818 2193 887 2224; x_wconf 85' lang='lat' dir='ltr'><strong>iam</strong></span> <span class='ocrx_word' id='word_1_285' title='bbox 913 2192 950 2223; x_wconf 91' lang='lat' dir='ltr'><strong>in</strong></span> <span class='ocrx_word' id='word_1_286' title='bbox 975 2191 1126 2224; x_wconf 81' lang='lat' dir='ltr'><strong>Iberiam</strong></span> <span class='ocrx_word' id='word_1_287' title='bbox 1148 2195 1367 2236; x_wconf 75' lang='lat' dir='ltr'><strong>pervenisse3</strong></span> <span class='ocrx_word' id='word_1_288' title='bbox 1393 2205 1429 2226; x_wconf 84' lang='lat' dir='ltr'><em>se</em></span> <span class='ocrx_word' id='word_1_289' title='bbox 1451 2200 1569 2227; x_wconf 81' lang='lat' dir='ltr'><strong>autem</strong></span> <span class='ocrx_word' id='word_1_290' title='bbox 1595 2194 1640 2226; x_wconf 84' lang='lat' dir='ltr'><em>ab</em></span> 
     </span>
     <span class='ocr_line' id='line_1_35' title="bbox 237 2236 1640 2283; baseline 0.001 -13"><span class='ocrx_word' id='word_1_291' title='bbox 237 2239 302 2272; x_wconf 90' lang='lat' dir='ltr'><strong>illo</strong></span> <span class='ocrx_word' id='word_1_292' title='bbox 323 2239 478 2278; x_wconf 88' lang='lat' dir='ltr'><strong>missurn,</strong></span> <span class='ocrx_word' id='word_1_293' title='bbox 498 2243 538 2270; x_wconf 85' lang='lat' dir='ltr'><strong>ut</strong></span> <span class='ocrx_word' id='word_1_294' title='bbox 563 2237 692 2281; x_wconf 83' lang='lat' dir='ltr'><strong>copias,</strong></span> <span class='ocrx_word' id='word_1_295' title='bbox 714 2247 802 2281; x_wconf 87' lang='lat' dir='ltr'><strong>quae</strong></span> <span class='ocrx_word' id='word_1_296' title='bbox 830 2236 888 2269; x_wconf 88' lang='lat' dir='ltr'><strong>hic</strong></span> <span class='ocrx_word' id='word_1_297' title='bbox 909 2243 1036 2275; x_wconf 83' lang='lat' dir='ltr'><strong>essent,</strong></span> <span class='ocrx_word' id='word_1_298' title='bbox 1066 2239 1247 2277; x_wconf 81' lang='lat' dir='ltr'><strong>animaret,</strong></span> <span class='ocrx_word' id='word_1_299' title='bbox 1272 2245 1437 2283; x_wconf 86' lang='lat' dir='ltr'>tanquam</span> <span class='ocrx_word' id='word_1_300' title='bbox 1460 2240 1640 2283; x_wconf 85' lang='lat' dir='ltr'><strong>praefecto</strong></span> 
     </span>
     <span class='ocr_line' id='line_1_36' title="bbox 236 2282 1640 2327; baseline 0 -11"><span class='ocrx_word' id='word_1_301' title='bbox 236 2283 444 2327; x_wconf 84' lang='lat' dir='ltr'><strong>propediem</strong></span> <span class='ocrx_word' id='word_1_302' title='bbox 467 2283 650 2315; x_wconf 89' lang='lat' dir='ltr'><strong>adfuturo:</strong></span> <span class='ocrx_word' id='word_1_303' title='bbox 678 2283 740 2326; x_wconf 93' lang='lat' dir='ltr'><em>qui</em></span> <span class='ocrx_word' id='word_1_304' title='bbox 765 2293 869 2321; x_wconf 87' lang='lat' dir='ltr'><strong>vero,</strong></span> <span class='ocrx_word' id='word_1_305' title='bbox 906 2282 1110 2326; x_wconf 74' lang='lat' dir='ltr'><strong>inquiebat,</strong></span> <span class='ocrx_word' id='word_1_306' title='bbox 1146 2283 1366 2316; x_wconf 86' lang='lat' dir='ltr'><strong>Muchirisim</strong></span> <span class='ocrx_word' id='word_1_307' title='bbox 1404 2289 1440 2317; x_wconf 82' lang='lat' dir='ltr'><em>et</em></span> <span class='ocrx_word' id='word_1_308' title='bbox 1473 2284 1640 2318; x_wconf 81' lang='lat' dir='ltr'><strong>Cota&#39;isim</strong></span> 
     </span>
     <span class='ocr_line' id='line_1_37' title="bbox 237 2327 1639 2374; baseline 0.003 -14"><span class='ocrx_word' id='word_1_309' title='bbox 237 2328 395 2361; x_wconf 88' lang='lat' dir='ltr'><strong>insident</strong></span> <span class='ocrx_word' id='word_1_310' title='bbox 413 2330 555 2367; x_wconf 85' lang='lat' dir='ltr'><strong>Persae,</strong></span> <span class='ocrx_word' id='word_1_311' title='bbox 589 2328 688 2359; x_wconf 88' lang='lat' dir='ltr'><strong>brevi</strong></span> <span class='ocrx_word' id='word_1_312' title='bbox 719 2331 755 2359; x_wconf 88' lang='lat' dir='ltr'><em>et</em></span> <span class='ocrx_word' id='word_1_313' title='bbox 776 2327 843 2370; x_wconf 80' lang='lat' dir='ltr'><strong>ipsi</strong></span> <span class='ocrx_word' id='word_1_314' title='bbox 871 2333 952 2359; x_wconf 88' lang='lat' dir='ltr'><strong>sunt</strong></span> <span class='ocrx_word' id='word_1_315' title='bbox 976 2330 1134 2368; x_wconf 82' lang='lat' dir='ltr'><strong>venturi,</strong></span> <span class='ocrx_word' id='word_1_316' title='bbox 1157 2329 1386 2372; x_wconf 84' lang='lat' dir='ltr'><strong>popularibus</strong></span> <span class='ocrx_word' id='word_1_317' title='bbox 1407 2330 1479 2362; x_wconf 85' lang='lat' dir='ltr'><strong>suis</strong></span> <span class='ocrx_word' id='word_1_318' title='bbox 1506 2340 1639 2374; x_wconf 78' lang='lat' dir='ltr'><strong>suppe-</strong></span> 
     </span>
     <span class='ocr_line' id='line_1_38' title="bbox 237 2372 1638 2417; baseline 0.001 -11"><span class='ocrx_word' id='word_1_319' title='bbox 237 2375 305 2407; x_wconf 84' lang='lat' dir='ltr'><strong>tias</strong></span> <span class='ocrx_word' id='word_1_320' title='bbox 328 2373 490 2414; x_wconf 86' lang='lat' dir='ltr'><strong>allaturi;</strong></span> <span class='ocrx_word' id='word_1_321' title='bbox 515 2374 648 2417; x_wconf 86' lang='lat' dir='ltr'><strong>quippe</strong></span> <span class='ocrx_word' id='word_1_322' title='bbox 674 2373 735 2416; x_wconf 86' lang='lat' dir='ltr'><em>qui</em></span> <span class='ocrx_word' id='word_1_323' title='bbox 758 2373 824 2404; x_wconf 86' lang='lat' dir='ltr'><strong>iam</strong></span> <span class='ocrx_word' id='word_1_324' title='bbox 846 2372 1010 2404; x_wconf 83' lang='lat' dir='ltr'><strong>certiores</strong></span> <span class='ocrx_word' id='word_1_325' title='bbox 1030 2373 1111 2406; x_wconf 82' lang='lat' dir='ltr'><strong>sacti</strong></span> <span class='ocrx_word' id='word_1_326' title='bbox 1133 2380 1214 2406; x_wconf 87' lang='lat' dir='ltr'><strong>sunt</strong></span> <span class='ocrx_word' id='word_1_327' title='bbox 1236 2373 1279 2407; x_wconf 90' lang='lat' dir='ltr'><em>de</em></span> <span class='ocrx_word' id='word_1_328' title='bbox 1298 2380 1412 2407; x_wconf 79' lang='lat' dir='ltr'><strong>vestra</strong></span> <span class='ocrx_word' id='word_1_329' title='bbox 1441 2376 1478 2408; x_wconf 88' lang='lat' dir='ltr'><strong>in</strong></span> <span class='ocrx_word' id='word_1_330' title='bbox 1497 2387 1556 2408; x_wconf 86' lang='lat' dir='ltr'><em>eos</em></span> <span class='ocrx_word' id='word_1_331' title='bbox 1575 2386 1638 2408; x_wconf 88' lang='lat' dir='ltr'><em>ex-</em></span> 
     </span>
     <span class='ocr_line' id='line_1_39' title="bbox 236 2417 1639 2464; baseline 0 -13"><span class='ocrx_word' id='word_1_332' title='bbox 236 2419 433 2464; x_wconf 86' lang='lat' dir='ltr'><strong>peditione.</strong></span> <span class='ocrx_word' id='word_1_333' title='bbox 481 2418 543 2450; x_wconf 81' lang='lat' dir='ltr'><em>His</em></span> <span class='ocrx_word' id='word_1_334' title='bbox 567 2419 616 2450; x_wconf 81' lang='lat' dir='ltr'><strong>ita</strong></span> <span class='ocrx_word' id='word_1_335' title='bbox 639 2417 742 2450; x_wconf 86' lang='lat' dir='ltr'><strong>dictis</strong></span> <span class='ocrx_word' id='word_1_336' title='bbox 758 2442 767 2454; x_wconf 83' lang='lat'>‚</span> <span class='ocrx_word' id='word_1_337' title='bbox 794 2418 978 2450; x_wconf 78' lang='lat' dir='ltr'><strong>confestim</strong></span> <span class='ocrx_word' id='word_1_338' title='bbox 1008 2419 1240 2451; x_wconf 78' lang='lat' dir='ltr'><strong>Romanorum</strong></span> <span class='ocrx_word' id='word_1_339' title='bbox 1268 2421 1437 2463; x_wconf 86' lang='lat' dir='ltr'><strong>praefecti</strong></span> <span class='ocrx_word' id='word_1_340' title='bbox 1463 2419 1639 2453; x_wconf 79' lang='lat' dir='ltr'><strong>delibera·-</strong></span> 
     </span>
     <span class='ocr_line' id='line_1_40' title="bbox 238 2462 1638 2510; baseline 0.001 -13"><span class='ocrx_word' id='word_1_341' title='bbox 238 2465 373 2498; x_wconf 87' lang='lat' dir='ltr'><strong>tionem</strong></span> <span class='ocrx_word' id='word_1_342' title='bbox 393 2463 436 2496; x_wconf 90' lang='lat' dir='ltr'><em>de</em></span> <span class='ocrx_word' id='word_1_343' title='bbox 460 2463 564 2495; x_wconf 83' lang='lat' dir='ltr'><strong>rebus</strong></span> <span class='ocrx_word' id='word_1_344' title='bbox 590 2462 835 2506; x_wconf 86' lang='lat' dir='ltr'><strong>praesentibus</strong></span> <span class='ocrx_word' id='word_1_345' title='bbox 862 2463 1114 2505; x_wconf 79' lang='lat' dir='ltr'><strong>instituerunt3</strong></span> <span class='ocrx_word' id='word_1_346' title='bbox 1144 2476 1183 2496; x_wconf 89' lang='lat' dir='ltr'><em>ac</em></span> <span class='ocrx_word' id='word_1_347' title='bbox 1207 2466 1314 2497; x_wconf 87' lang='lat' dir='ltr'><strong>Buzes</strong></span> <span class='ocrx_word' id='word_1_348' title='bbox 1337 2466 1479 2510; x_wconf 89' lang='lat' dir='ltr'><strong>quidem</strong></span> <span class='ocrx_word' id='word_1_349' title='bbox 1501 2466 1638 2498; x_wconf 83' lang='lat' dir='ltr'><strong>censuit</strong></span> 
     </span>
     <span class='ocr_line' id='line_1_41' title="bbox 238 2507 1637 2552; baseline 0 -10"><span class='ocrx_word' id='word_1_350' title='bbox 238 2521 318 2543; x_wconf 89' lang='lat' dir='ltr'><strong>cum</strong></span> <span class='ocrx_word' id='word_1_351' title='bbox 337 2509 499 2541; x_wconf 88' lang='lat' dir='ltr'><strong>universo</strong></span> <span class='ocrx_word' id='word_1_352' title='bbox 523 2507 677 2540; x_wconf 82' lang='lat' dir='ltr'><strong>exercitu</strong></span> <span class='ocrx_word' id='word_1_353' title='bbox 702 2507 903 2540; x_wconf 83' lang='lat' dir='ltr'><strong>adventanti</strong></span> <span class='ocrx_word' id='word_1_354' title='bbox 928 2508 1022 2540; x_wconf 89' lang='lat' dir='ltr'><strong>hosti</strong></span> <span class='ocrx_word' id='word_1_355' title='bbox 1045 2509 1183 2542; x_wconf 90' lang='lat' dir='ltr'><strong>obviam</strong></span> <span class='ocrx_word' id='word_1_356' title='bbox 1208 2510 1374 2552; x_wconf 78' lang='lat' dir='ltr'><strong>eundum3</strong></span> <span class='ocrx_word' id='word_1_357' title='bbox 1399 2511 1496 2542; x_wconf 84' lang='lat' dir='ltr'><strong>hisce</strong></span> <span class='ocrx_word' id='word_1_358' title='bbox 1529 2511 1637 2549; x_wconf 82' lang='lat' dir='ltr'><strong>enim,</strong></span> 
     </span>
     <span class='ocr_line' id='line_1_42' title="bbox 237 2553 1637 2602; baseline 0 -14"><span class='ocrx_word' id='word_1_359' title='bbox 237 2555 291 2588; x_wconf 88' lang='lat' dir='ltr'><em>uti</em></span> <span class='ocrx_word' id='word_1_360' title='bbox 314 2554 522 2594; x_wconf 86' lang='lat' dir='ltr'><strong>verisimile,</strong></span> <span class='ocrx_word' id='word_1_361' title='bbox 546 2553 592 2586; x_wconf 91' lang='lat' dir='ltr'><em>ob</em></span> <span class='ocrx_word' id='word_1_362' title='bbox 618 2553 832 2597; x_wconf 69' lang='lat' dir='ltr'><strong>paucitatem</strong></span> <span class='ocrx_word' id='word_1_363' title='bbox 861 2554 983 2593; x_wconf 78' lang='lat' dir='ltr'><strong>victis,</strong></span> <span class='ocrx_word' id='word_1_364' title='bbox 1014 2560 1286 2594; x_wconf 87' lang='lat' dir='ltr'><strong>consentaneum</strong></span> <span class='ocrx_word' id='word_1_365' title='bbox 1311 2566 1385 2588; x_wconf 84' lang='lat' dir='ltr'><strong>esse</strong></span> <span class='ocrx_word' id='word_1_366' title='bbox 1407 2566 1482 2595; x_wconf 71' lang='lat' dir='ltr'><strong>eoa,</strong></span> <span class='ocrx_word' id='word_1_367' title='bbox 1514 2557 1575 2602; x_wconf 87' lang='lat' dir='ltr'><em>qui</em></span> <span class='ocrx_word' id='word_1_368' title='bbox 1598 2557 1637 2588; x_wconf 89' lang='lat' dir='ltr'><strong>in</strong></span> 
     </span>
     <span class='ocr_line' id='line_1_43' title="bbox 237 2599 1636 2644; baseline 0.001 -12"><span class='ocrx_word' id='word_1_369' title='bbox 237 2599 500 2644; x_wconf 85' lang='lat' dir='ltr'><strong>propugnaculo</strong></span> <span class='ocrx_word' id='word_1_370' title='bbox 528 2603 655 2639; x_wconf 84' lang='lat' dir='ltr'><strong>essent,</strong></span> <span class='ocrx_word' id='word_1_371' title='bbox 688 2599 943 2642; x_wconf 83' lang='lat' dir='ltr'><em>quamprimum</em></span> <span class='ocrx_word' id='word_1_372' title='bbox 970 2609 1044 2631; x_wconf 86' lang='lat' dir='ltr'><strong>sese</strong></span> <span class='ocrx_word' id='word_1_373' title='bbox 1077 2599 1280 2641; x_wconf 77' lang='lat' dir='ltr'><strong>dedituros,</strong></span> <span class='ocrx_word' id='word_1_374' title='bbox 1311 2605 1434 2644; x_wconf 82' lang='lat' dir='ltr'><strong>utpote</strong></span> <span class='ocrx_word' id='word_1_375' title='bbox 1476 2600 1636 2633; x_wconf 76' lang='lat' dir='ltr'><strong>subsidio</strong></span> 
     </span>
     <span class='ocr_line' id='line_1_44' title="bbox 241 2643 1636 2690; baseline 0 -12"><span class='ocrx_word' id='word_1_376' title='bbox 241 2645 452 2686; x_wconf 76' lang='lat' dir='ltr'><strong>destitutos5</strong></span> <span class='ocrx_word' id='word_1_377' title='bbox 490 2643 587 2689; x_wconf 88' lang='lat' dir='ltr'><strong>quod</strong></span> <span class='ocrx_word' id='word_1_378' title='bbox 614 2645 643 2676; x_wconf 90' lang='lat' dir='ltr'><strong>si</strong></span> <span class='ocrx_word' id='word_1_379' title='bbox 665 2654 747 2676; x_wconf 82' lang='lat' dir='ltr'><strong>vero</strong></span> <span class='ocrx_word' id='word_1_380' title='bbox 776 2644 1004 2683; x_wconf 83' lang='lat' dir='ltr'><strong>restitissent,</strong></span> <span class='ocrx_word' id='word_1_381' title='bbox 1039 2645 1138 2678; x_wconf 87' lang='lat' dir='ltr'><strong>nullo</strong></span> <span class='ocrx_word' id='word_1_382' title='bbox 1164 2647 1306 2689; x_wconf 83' lang='lat' dir='ltr'><strong>negotio</strong></span> <span class='ocrx_word' id='word_1_383' title='bbox 1340 2645 1495 2678; x_wconf 80' lang='lat' dir='ltr'><strong>subverti</strong></span> <span class='ocrx_word' id='word_1_384' title='bbox 1520 2657 1636 2690; x_wconf 85' lang='lat' dir='ltr'><strong>posse.</strong></span> 
     </span>
     <span class='ocr_line' id='line_1_45' title="bbox 241 2689 1636 2734; baseline 0.002 -10"><span class='ocrx_word' id='word_1_385' title='bbox 241 2690 376 2724; x_wconf 79' lang='lat' dir='ltr'><strong>Placuit</strong></span> <span class='ocrx_word' id='word_1_386' title='bbox 390 2690 428 2724; x_wconf 87' lang='lat' dir='ltr'><strong>id</strong></span> <span class='ocrx_word' id='word_1_387' title='bbox 448 2689 587 2725; x_wconf 83' lang='lat' dir='ltr'><strong>consilii</strong></span> <span class='ocrx_word' id='word_1_388' title='bbox 609 2689 713 2724; x_wconf 72' lang='lat' dir='ltr'><strong>etiam</strong></span> <span class='ocrx_word' id='word_1_389' title='bbox 738 2689 907 2734; x_wconf 81' lang='lat' dir='ltr'><strong>Uligango</strong></span> <span class='ocrx_word' id='word_1_390' title='bbox 931 2690 1088 2727; x_wconf 79' lang='lat' dir='ltr'><strong>Herulici</strong></span> <span class='ocrx_word' id='word_1_391' title='bbox 1117 2691 1289 2725; x_wconf 74' lang='lat' dir='ltr'><strong>exercitus</strong></span> <span class='ocrx_word' id='word_1_392' title='bbox 1318 2691 1420 2725; x_wconf 85' lang='lat' dir='ltr'><strong>duci:</strong></span> <span class='ocrx_word' id='word_1_393' title='bbox 1451 2691 1546 2726; x_wconf 84' lang='lat' dir='ltr'><strong>unde</strong></span> <span class='ocrx_word' id='word_1_394' title='bbox 1572 2693 1636 2727; x_wconf 82' lang='lat' dir='ltr'><strong>ille</strong></span> 
     </span>
    </p>
   </div>
   <div class='ocr_carea' id='block_1_5' title="bbox 499 2769 538 2839">
    <p class='ocr_par' dir='ltr' id='par_1_11' title="bbox 499 2769 538 2839">
     <span class='ocr_line' id='line_1_46' title="bbox 499 2769 538 2839; baseline 0 -7"><span class='ocrx_word' id='word_1_395' title='bbox 499 2769 538 2839; x_wconf 64' lang='grc' dir='ltr'><em>ῤ’</em></span> 
     </span>
    </p>
   </div>
  </div>
 </body>
</html>
