1832 3152
284 125 388 179 232
736 178 738 180 ,
758 179 759 182 ,
873 138 1144 181 AGA'rfflAE

89 253 126 292 A.
152 239 266 286 0555
279 244 391 293 μεθ-α
416 238 467 282 τὰ
489 235 685 292 ἀμείνονα
715 236 785 278 καί
815 238 884 278 τοῦ
909 236 1164 293 ἀνθρωπείου
1197 238 1354 289 μᾶλλον
1391 236 1567 290 ἐχόμενα
1599 238 1691 293 τρό-

144 299 209 337 J.1.
227 310 372 356 29που,
397 304 481 344 τῶν
511 305 589 355 μὲν
614 303 827 356 λοιδοριῶν
854 303 926 343 καὶ
951 302 1291 357 κατηγορημάτων
1313 297 1424 355 ὀλίγα
1451 305 1692 357 φροντι-’σαν-

279 385 368 420 τες,
396 369 493 422 περί
522 369 712 408 πλείστου
746 367 792 407 δὲ
818 365 1082 420 ποιησάμενοι
1107 363 1183 420 τήν
1204 364 1418 420 σωτηρίαν.
1458 365 1692 422 Σωτήριχόν

283 448 328 473 τε
354 430 432 486 γὰρ
456 430 743 484 ἀπεκτείναμεν
762 430 832 472 καί
852 428 948 478 τοὺς
975 427 1063 481 ἅμα
1083 430 1197 486 αὐτῷ
1221 431 1263 477 ἐς
1286 431 1404 472 τοῦτο
1427 428 1693 486 ἐληλυθότας,

280 496 337 544 ὥς
359 492 407 541 ἂν
427 497 605 544 ἐκείνους
626 498 703 548 μὲν
728 496 953 546 τισαιζιιεθα
977 495 1046 548 τῆς
1077 491 1262 545 ἀδικίας,
1301 493 1438 535 πίστιν
1466 496 1512 535 δὲ
1534 491 1718 543 εὖνοίαςό

239 558 552 615 Ββεβαιοτάτην
583 561 746 603 ἐνθένδε
777 564 863 607 τοῖς
885 561 1075 610 Πέρσαις
1105 556 1434 612 παρασχόμενοι,
1467 555 1694 600 εὖκλεέστε-

276 642 355 682 ρον
377 623 757 681 προσχωρήσαιμεν.
779 622 869 664 ε’πεί
888 624 934 664 δὲ
952 620 1109 664 τούτων
1132 637 1177 662 τε
1200 621 1388 664 ἁπάντων
1416 620 1489 663 καὶ
1519 624 1694 675 μάλιστα

281 691 356 731 τοῦ
377 690 585 746 μηδισμοῦ
609 691 724 730 ἕνεκα
747 685 821 728 οὐκ
845 683 1043 741 ἀνήσουσι
1063 685 1376 740 χαλεπαίνοντες
1409 685 1447 728 οἱ
1477 684 1695 739 Ῥωμαῖοι,

282 753 386 796 ἀλλὰ
415 754 587 806 τάχιστα
605 751 704 806 ἡμῖν
727 752 1035 803 ἐπιπεσοῦνται,
1071 749 1142 792 καί
1168 748 1352 798 ἅπαντας
1359 784 1372 803 ,
1399 749 1446 792 τό
1470 766 1515 805 γε
1542 751 1585 799 ἒς
1617 751 1696 792 αὕ-

281 817 380 867 τοῦς
398 813 521 873 ἧκον,
559 818 859 872 διαφθεροῦσι,
898 816 1093 871 προσήκει
1127 816 1175 870 δή
1202 830 1293 868 σοι,
1320 811 1356 857 αἶ
1381 816 1602 872 στρατηγὲ,
1628 815 1748 856 δέ-ιο

275 882 440 935 -χεσθαί
468 898 512 922 τε
545 880 655 936 ἡμᾶς
682 881 862 933 εὐμενῶς
889 879 961 921 καί
990 879 1213 933 ἐπαμύνειν
1222 914 1235 933 ,
1274 882 1347 934 τῆς
1369 896 1413 921 τε
1434 879 1577 935 χώρας
1603 880 1698 934 πέρι

283 947 341 994 ὥς
371 946 521 995 οἰκείας
545 943 729 987 τολοιπόν
751 947 822 987 καί
848 945 1047 999 κατηκόου
1075 943 1127 986 τὰ
1152 942 1408 999 προσήκοντα
1431 946 1699 987 διανοεῖσθαι·

284 1009 424 1064 καίμὴ
447 1011 644 1065 περιϊδεῖν
670 1008 913 1063 οἰχήσεσθαι
933 1010 1166 1050 κινδυνεῦον
1185 1010 1297 1062 γένος
1324 1005 1372 1049 οὗ
1390 1006 1576 1063 σμικρὸν,
1601 1007 1699 1048 οὐδὲ

286 1069 466 1129 ἄσημον,
513 1071 617 1115 ἀλλὰ
651 1073 722 1115 καί
745 1073 935 1128 πλείστην
964 1069 1061 1128 ὅσην
1086 1070 1288 1129 ὦφὲλειαν
1317 1075 1368 1129 τῇ
1398 1073 1580 1128 Περσῶν
1608 1074 1699 1113 ἐπι-
1783 1116 1785 1119 ,

285 1141 450 1197 κρατείᾳ
479 1142 791 1194 προσφέρεσθαι
826 1137 1090 1180 ἱκανώτατον.
1140 1140 1325 1190 πολέμων
1373 1153 1420 1178 τε
1468 1135 1547 1191 γὰρ
1591 1135 1750 1191 ἧμᾶςιὸ

284 1202 422 1259 ἴδριας
445 1198 564 1252 ὄντας
585 1204 836 1256 ἀμωσγέπως
866 1202 1080 1258 εὖρήσοιτε
1100 1197 1175 1254 (ἲν,
1203 1202 1274 1243 καί
1293 1198 1578 1256 καρτερώτατα
1604 1203 1698 1250 ξυν-

160 1281 193 1320 P,
209 1280 275 1316 121
287 1269 620 1321 αγωνιζομένους,
649 1264 676 1322 ἦ
697 1284 742 1308 τε
754 1268 885 1322 χώρα,
912 1270 956 1309 ὲν
982 1268 1190 1323 ὖπερτέρῳ
1211 1270 1294 1309 τῶν
1323 1265 1502 1318 Κόλχων
1524 1265 1700 1318 κειμένη,

285 1331 492 1386 γενήσεται
515 1331 614 1383 ὑμῖν
634 1329 879 1387 ὁρμητήριον
896 1332 1094 1386 ἀσφαλὲς,
1116 1333 1187 1372 καί
1207 1329 1293 1375 οἷον
1314 1329 1576 1382 ἐπιτείχισμα
1596 1325 1698 1368 κατὰ

287 1398 369 1437 τῶν
387 1395 630 1448 πολεμίωνῆ
682 1398 814 1436 ταῦτα
845 1397 889 1436 δὲ
911 1393 1089 1444 ἀκούσας
1105 1394 1126 1436 ὃ
1145 1393 1418 1451 Ναχοραγὰν,
1445 1389 1634 1449 προσίετό
1657 1406 1700 1433 τε

289 1459 440 1508 αὐτοὺς
460 1457 745 1512 ἀσμενέστατα
756 1493 769 1511 ,
797 1459 869 1500 καί
888 1459 1025 1516 ἐπῄνει
1047 1461 1118 1514 τῆς
1137 1457 1450 1512 μεταστάσεως,
1494 1456 1568 1500 καὶ
1588 1456 1754 1512 &uqi-20

289 1525 460 1581 ῥοῦντας
477 1525 581 1565 ἰέναι
599 1526 828 1577 ἐκέλευσεν,
858 1524 915 1574 ὥς
933 1526 1004 1579 τῆς
1021 1526 1230 1579 Περσικῆς
1248 1522 1485 1579 ἐπικουρίας
1501 1524 1547 1564 ἒν
1569 1522 1701 1565 δέοντι

287 1591 567 1641 τευξομένους.
613 1587 650 1629 οἱ
679 1591 757 1641 μὲν
780 1585 854 1631 οὖν
875 1591 1065 1644 πρέσβεις
1090 1590 1132 1638 ἐς
1161 1588 1211 1630 τὰ
1243 1589 1371 1632 vineta
1400 1586 1703 1639 ἐπανελθόντες,

380 1676 414 1701 2.
438 1664 758 1710 κακηγορημάτων
768 1665 844 1711 sph.
873 1667 946 1701 Par.
1042 1676 1072 1709 7.
1095 1664 1260 1711 μάλιστα
1294 1676 1363 1702 om.
1381 1666 1419 1698 R.
1511 1676 1548 1710 9.
1570 1663 1608 1701 ἐς
1631 1673 1699 1697 om.

379 1713 418 1744 R.
518 1724 571 1745 10.
597 1710 637 1745 δὲ
657 1713 695 1746 R.
803 1714 854 1747 15.
877 1712 1101 1756 πολέμοντες
1124 1713 1162 1744 R.
1235 1723 1285 1756 ¹9·
1309 1720 1349 1744 τε
1372 1722 1439 1744 om.
1469 1710 1550 1743 Exc.
1645 1721 1698 1743 20.

378 1755 533 1794 τούτους
555 1757 594 1790 R.

291 1845 412 1886 fuerit,
443 1849 618 1878 statuere:
644 1845 783 1888 potiora
814 1849 851 1878 et
891 1843 1055 1878 humanis
1080 1844 1239 1878 moribus
1269 1844 1558 1878 convenientiora
1587 1845 1699 1889 elegi-

289 1903 386 1932 mus,
422 1890 466 1924 de
502 1891 668 1923 conviciis
706 1895 741 1923 et
777 1889 1084 1923 criminationibus
1115 1901 1242 1934 parum
1269 1890 1436 1930 solliciti,
1473 1891 1699 1935 praecipuam

288 1948 370 1969 vero
395 1937 520 1970 salutis
543 1947 661 1969 curam
689 1941 859 1980 gerentes.
906 1934 996 1967 Nam
1024 1940 1061 1968 et
1088 1934 1309 1971 Soterichum
1331 1936 1592 1976 interfecimus,
1618 1937 1699 1982 qui·-

289 1994 358 2027 que
382 1993 459 2015 cum
486 1993 527 2014 co
558 1982 603 2017 ad
626 1981 694 2014 hoc
718 1985 904 2020 venerant,
941 1986 982 2013 ut
1008 1981 1150 2013 illorum
1173 1982 1318 2025 quidem
1340 1982 1507 2014 iniuriam
1537 1982 1699 2015 vindica-

288 2039 423 2068 remus,
458 2028 661 2060 firmissimo
694 2038 777 2061 vero
812 2026 882 2060 hoc
905 2026 982 2070 ipso
1011 2026 1103 2059 facto
1130 2026 1400 2060 benevolentiae
1433 2026 1614 2072 studiique
1640 2038 1697 2060 er-

288 2086 329 2117 ga
359 2075 476 2106 Persas
512 2077 716 2118 argumento
747 2071 845 2105 edito
866 2097 876 2112 ,
914 2073 1099 2116 gloriosius
1129 2071 1370 2104 desciscamus.
1426 2072 1519 2106 Cum
1540 2082 1624 2110 vexo
1650 2072 1697 2106 ob

286 2119 373 2152 haec
417 2119 535 2151 omnia
570 2131 609 2151 ac
644 2119 835 2163 praecipue
879 2117 924 2150 ob
959 2117 1194 2150 defectionem
1232 2117 1278 2150 ad
1314 2119 1432 2150 Persas
1473 2129 1698 2163 nequaquam

285 2163 435 2199 ¹desituri
459 2164 530 2196 sint
553 2165 702 2198 Romani
723 2164 763 2197 id
782 2164 930 2196 moleste
956 2163 1066 2203 ferre,
1097 2162 1159 2195 sed
1199 2174 1302 2207 quam
1329 2164 1499 2197 citissime
1531 2175 1596 2198 nos
1625 2165 1699 2198 sint

285 2209 460 2250 invasuri,
486 2215 522 2242 et
545 2211 726 2243 universos
741 2235 751 2250 ‚
775 2215 947 2255 quantum
973 2209 1050 2241 fieri
1080 2209 1124 2241 ab
1146 2209 1231 2253 ipsis
1255 2211 1400 2252 poterit,
1434 2208 1618 2243 deleturi:
1642 2210 1698 2247 tui

286 2256 396 2288 officii
430 2261 506 2294 est,
539 2267 559 2288 o
596 2256 774 2288 praefecte
792 2280 802 2296 ,
840 2266 903 2287 nos
932 2254 1086 2298 benigne
1115 2257 1278 2299 excipere
1305 2266 1345 2287 ac
1375 2265 1596 2300 propugnare
1615 2279 1627 2296 ‚
1661 2260 1698 2288 et

284 2312 348 2346 pro
366 2302 531 2344 regionis,
553 2306 595 2337 ut
616 2301 780 2344 propriae
805 2300 971 2344 deinceps
998 2305 1035 2332 et
1067 2300 1244 2341 subditae,
1268 2301 1381 2333 salute
1408 2301 1606 2342 excubare,
1632 2311 1699 2334 ne-

287 2358 355 2391 quc
387 2347 564 2390 negligere
592 2346 636 2378 tle
667 2347 815 2379 interitu
843 2346 1102 2390 periclitantem
1130 2351 1271 2388 gentem
1306 2358 1379 2380 non
1403 2357 1546 2390 parvam
1579 2357 1697 2392 neque

287 2392 492 2428 obscuram,
528 2391 591 2423 sed
619 2403 709 2435 quae
742 2393 931 2424 maximam
963 2391 1154 2424 utilitatem
1179 2393 1358 2425 Persarum
1381 2391 1531 2436 imperio
1558 2392 1698 2426 adferre

287 2438 408 2483 possit.
456 2436 542 2469 Nam
569 2441 605 2468 et
627 2436 678 2468 rei
706 2436 858 2469 bellicae
886 2438 1018 2480 peritos
1051 2449 1115 2469 nos
1139 2437 1244 2470 facile
1269 2439 1492 2481 comperietis
1518 2442 1554 2471 et
1576 2438 1696 2471 fortis-

288 2485 374 2515 sime
401 2483 565 2515 societate
589 2481 773 2514 vobiscum
802 2483 892 2514 inita
916 2483 1160 2525 proeliante33
1194 2484 1332 2528 eritque
1357 2483 1458 2516 vobis
1487 2484 1584 2516 locus
1620 2483 1698 2526 ipse

288 2530 326 2563 in
360 2529 530 2560 ulteriore
560 2526 769 2559 Colchorum
795 2528 939 2572 regione
971 2528 1059 2561 situs
1095 2533 1173 2561 tuta
1200 2529 1288 2562 belli
1325 2528 1425 2562 sedes
1443 2553 1454 2568 ‚
1483 2529 1698 2572 irruptioni—

286 2574 353 2608 bus
379 2572 550 2606 faciendis
566 2570 786 2615 ‘pei-idonea,
811 2584 851 2605 ac
891 2573 1001 2605 veluti
1028 2575 1331 2617 propugnaculum
1355 2574 1517 2607 adversus
1543 2573 1696 2607 hostes.’'

290 2619 382 2652 llaec
405 2631 483 2655 cum
509 2618 665 2651 audisset
687 2617 928 2662 Nachoragan,
944 2618 1180 2652 libentissime
1208 2631 1268 2652 cos
1293 2619 1499 2663 excepiuet
1522 2620 1696 2652 desectio-

288 2666 343 2698 nis
371 2665 558 2704 consilium
587 2663 766 2706 laudavit,
810 2664 1013 2708 alacresque
1049 2664 1147 2703 abire
1180 2666 1306 2706 iussit,
1342 2670 1380 2699 ut
1402 2665 1536 2705 Persica
1563 2660 1694 2701 auxilia
