1832 3152
270 99 297 132 α
313 97 329 130 1
341 80 375 132 6
830 94 1100 136 AGATnmz

81 201 120 246 ᾼ.
135 202 170 234 C.
193 203 256 236 555
271 196 387 249 σφῶν
408 193 544 233 αὐτῶν
568 188 876 233 ἀποδείκνυνται
898 194 967 234 καί
989 193 1034 235 τὸ
1071 196 1300 249 παράλογον
1329 198 1398 249 τῆς
1425 200 1668 251 μιαιφονίας

120 248 146 284 1·
163 249 186 281 Ῑ·
210 261 252 293 ²9
267 257 563 310 ὁμολογοῦντες.
613 251 656 296 τὸ
679 256 755 307 μὲν
791 254 865 310 γὰρ
906 258 1110 309 βασίλειον
1145 259 1312 313 γράμμα
1352 258 1667 315 παρακελεύεται

267 327 354 368 τοῖς
386 325 621 374 στρατηγοῖς
655 320 835 360 στέλλειν
870 321 972 361 κατὰ
1006 321 1052 362 τὸ
1087 323 1313 372 Βυζάντιον
1338 321 1406 364 τὸν
1442 325 1481 364 Γ
1480 316 1680 378 ουβάζην,

264 388 406 427 πειθοῖ
425 385 501 435 μὲν
529 381 573 424 τὸ
603 383 788 437 πρῶτον,
831 379 1151 437 ἆνηκουστοῦντα
1184 387 1228 427 δὲ
1252 389 1323 427 καί
1349 386 1452 441 πρὸς
1482 386 1669 442 ἀνάγκης,

263 446 568 499 ἐναντιούμενον
605 448 650 488 δὲ
682 445 753 487 καί
786 449 1066 499 βιαζομένοις·
1116 445 1347 492 οἷποκτεῖναι
1394 453 1439 492 δὲ
1470 452 1695 505 μηδαμῶςό

262 513 359 566 πρίν
380 507 429 551 ἂν
451 511 610 562 ἐκεῖνος,
638 512 679 559 ές
701 509 947 564 τελεωτάτην
971 507 1194 553 οἷπόστασιν
1218 510 1452 568 ἀφιγμένος,
1479 513 1530 556 τὰ
1553 518 1674 556 πολε-

265 575 372 627 μίων
393 576 494 630 δρᾷν
517 577 756 629 προαχθείη.
796 575 832 616 οἱ
864 576 911 616 δὲ
931 574 1001 616 καί
1027 577 1160 617 ταῦτα
1185 576 1288 631 μήτε
1313 577 1534 632 στρατηγοὶ
1554 581 1678 620 καθε-

269 641 438 691 στῶτες,
481 640 583 693 μήτε
622 635 754 687 ἄλλως
796 641 1010 694 ἐφειμένον
1053 639 1197 688 αὐτοῖς
1235 637 1378 690 ἀδεῶς,
1400 638 1426 682 ἃ
1469 642 1680 694 βούλοιντο

263 705 474 756 πράττειν,
517 705 774 759 παραχρῆμα
796 702 866 744 τὸν
905 703 1079 744 δείλαιον
1108 700 1371 747 ἀπεκτόνασιν
1382 737 1394 756 ,
1428 699 1521 746 οὔτε
1574 704 1677 746 κατά

223 766 310 813 Ι)τὸ
333 767 560 819 Βυζάντιον
591 766 718 809 αὖτὸν
755 769 946 821 γενέσθαι
967 770 1291 822 προτρέψαντες,
1320 763 1411 809 οὔτε
1430 766 1513 822 μην
1533 764 1724 826 ὦσπεριᾳ

266 833 508 874 ἀπειθοῦντι
533 833 704 887 μετρίαν
732 834 829 885 γοῦν
853 831 1028 886 ἀνάγκην
1053 831 1320 886 ἐπαγαγόντες
1329 865 1342 884 ,
1382 828 1474 874 οὔτε
1501 830 1575 887 τὴν
1599 831 1672 887 ἆρ-

266 895 347 950 χην
376 899 418 945 ἐς
445 895 590 951 πεῖράν
617 912 709 937 τινα
731 895 1028 948 καταστάντες,
1068 894 1178 951 εἴπερ
1210 895 1418 952 ὄτῳδηοῧν
1441 897 1574 952 τρόπῳ
1601 898 1676 939 τοῦ,

268 959 573 1015 προστάγματος
591 955 841 1015 ὄλιγωρὴσει.
868 959 999 1001 καίτοι
1018 963 1200 1014 μεγαλαυ
1201 961 1325 1014 χοῦσι
1360 959 1432 1004 καί
1448 958 1672 1015 βρενθῦον-

268 1041 360 1076 ται,
389 1024 445 1073 ὥς
466 1024 517 1065 τὰ
540 1028 706 1077 βασιλεῖ’
723 1027 916 1067 δοκοῦντα
943 1021 1208 1072 διανύσαντες
1223 1057 1235 1076 ,
1262 1025 1343 1078 οἵγε
1364 1026 1436 1066 καί
1463 1022 1536 1078 τὴν
1571 1022 1675 1064 ἐκεί-

269 1104 339 1129 νου
363 1090 629 1144 περιορῶντες
653 1088 858 1144 πεφήνασι
881 1087 1045 1143 γνώμην
1058 1122 1070 1141 ,
1107 1090 1281 1142 ψευδέσι
1302 1104 1344 1131 τε
1370 1090 1553 1143 χρῆσθαι
1575 1087 1691 1142 πρό-ι
1700 1097 1725 1136 5
1777 1080 1780 1084 ’

270 1168 386 1207 τερον
422 1152 521 1194 κατὰ
543 1155 583 1194 Γ
581 1146 756 1206 ουβάζᾰυ
788 1155 996 1205 διαβολαῖς
1023 1153 1307 1207 τετολμηκότες
1326 1186 1339 1205 ,
1377 1150 1448 1192 καί
1478 1149 1674 1193 τάναντία

270 1217 352 1257 τῶν
374 1211 423 1257 εὖ
450 1218 771 1270 διατεταγμένων
798 1213 1126 1270 αὖτεπαγγέλτως
1153 1216 1470 1271 ἐξειργασμένοι,
1495 1213 1586 1267 καί,
1626 1212 1673 1254 τὸ

162 1285 203 1318 V.
219 1285 263 1320 80
274 1278 324 1333 δὴ
347 1282 510 1322 πάντων
537 1278 901 1335 παρανομώτερον,
939 1278 1033 1321 οὕτε
1057 1279 1131 1334 τὴν
1156 1277 1369 1333 ἐπιστολὴν
1391 1279 1677 1329 ἐπιδείξαντες,

151 1351 184 1384 P.
197 1351 262 1390 113
273 1341 378 1386 ὥστε
407 1346 489 1385 τῶν
517 1346 848 1398 ἐγγεγραμμένων
869 1346 1132 1397 γνωσθέντων
1159 1342 1205 1384 τὸ
1233 1345 1430 1398 πρακτέον
1454 1339 1632 1382 ἑλέσθαι.

382 1419 428 1466 ς’.
481 1420 613 1470 ,,Πῶ’ς
639 1412 710 1458 οὖν
733 1417 781 1458 οὗ
802 1416 952 1466 παντὸς
971 1417 1144 1474 ὀλέθρου
1159 1417 1232 1459 καί
1254 1417 1453 1472 τιμωρίας
1471 1413 1730 1470 ὖπέρτεραῃο

272 1481 402 1536 πάσης
426 1481 476 1523 τὰ
495 1484 765 1535 ,τετολμημένα
787 1479 940 1531 δόξοιεν
961 1476 1036 1533 ἅνς
1074 1479 1214 1523 ἀδικία
1243 1481 1321 1536 γάρ
1345 1482 1415 1522 καί
1436 1482 1524 1527 κατ’
1544 1475 1677 1520 ἄλλου.

272 1561 346 1591 του
366 1548 578 1600 γιγνομένη
605 1544 775 1602 φευκτόν
798 1563 840 1588 τι
863 1544 934 1587 καί
961 1542 1228 1602 ἀπειρημένον
1235 1579 1248 1599 ,
1282 1543 1459 1598 μάλιστα
1483 1546 1528 1586 δὲ
1547 1545 1587 1586 εἰ
1606 1543 1678 1598 φί-

360 1635 394 1669 8.
411 1631 460 1667 ἂν
480 1633 578 1677 βούλ.
590 1635 626 1666 R.
724 1635 773 1667 13.
798 1633 1092 1679 προστάγματος
1116 1635 1153 1667 R.
1173 1640 1209 1667 et
1228 1635 1372 1678 Intpr.si
1388 1646 1462 1668 non
1487 1633 1592 1667 iussis
1612 1631 1675 1664 ob-

360 1679 655 1757 ⁸{egenz'oglucllezret,
678 1678 897 1724 πράγματος
918 1680 1008 1723 vulg.
1081 1691 1134 1714 21.
1148 1678 1307 1719 ,δόξοιεν
1329 1681 1365 1712 R.
1382 1704 1391 1719 ‚
1419 1678 1560 1718 δόξειεν
1582 1677 1672 1721 vulg.

276 1800 400 1834 missae
423 1799 669 1845 indignitatem
701 1801 816 1835 fateri.
863 1802 990 1844 Regiae
1019 1802 1112 1834 enim
1142 1802 1280 1834 litterae
1300 1801 1468 1834 mandant
1489 1799 1676 1844 praefectis

272 1847 436 1886 militiae,
466 1851 507 1879 ut
538 1845 705 1879 Gubazen
735 1847 941 1888 Byzantium
972 1847 1115 1879 mittant
1133 1871 1142 1886 ,
1188 1848 1300 1890 primo
1348 1845 1491 1890 quidem
1534 1845 1677 1879 suadela

272 1897 412 1924 utentes
429 1916 438 1929 ‚
489 1891 742 1924 obaudientem
780 1901 862 1923 vero
900 1896 936 1924 et
970 1891 1171 1924 necessitati
1217 1892 1448 1924 reluctantem
1489 1896 1675 1933 cogerent;

273 1937 371 1968 nulla
394 1942 511 1970 tamen
535 1937 670 1969 ratione
694 1937 943 1977 interficerent,
966 1936 1078 1970 donec
1101 1941 1220 1980 aperta
1252 1936 1452 1969 defectione
1481 1936 1570 1968 facta
1610 1935 1677 1968 ho-

274 1983 404 2015 stiliter
436 1993 537 2026 agere
565 1983 747 2025 coepisset.
772 1982 818 2014 Hi
845 1992 928 2014 vero
959 1993 1036 2014 cum
1068 1993 1186 2026 neque
1216 1981 1385 2025 praefecti
1419 1981 1588 2014 militares
1619 1991 1675 2012 es-

274 2033 363 2067 sent,
393 2037 510 2072 neque
541 2027 675 2071 alioqui
709 2028 759 2059 eis
790 2027 926 2067 liceret,
948 2038 1036 2071 quae
1057 2027 1197 2066 liberet,
1226 2027 1364 2065 facere,
1397 2030 1542 2069 repente
1572 2025 1678 2059 mise-

274 2083 350 2104 rum
369 2074 598 2111 trucidarunt,
617 2071 891 2116 haudquaquam
911 2078 952 2105 ut
962 2073 1165 2115 Byzantium
1183 2073 1251 2104 iret
1269 2071 1411 2109 hortati,
1437 2082 1516 2103 cum
1537 2081 1583 2104 ne
1601 2081 1678 2104 mo-

274 2117 386 2149 dicam
402 2117 545 2162 quidem
561 2119 631 2151 vim
652 2119 685 2150 ei
709 2118 923 2150 utrenitenti
947 2117 1166 2158 intulissent,
1187 2128 1303 2161 neque
1322 2117 1465 2149 omnino
1484 2121 1679 2150 tentassent

275 2173 319 2195 an
343 2164 463 2206 aliquo
481 2162 623 2196 tandem
635 2163 739 2196 modo
764 2162 967 2196 mandatum
992 2163 1080 2207 regis
1106 2167 1358 2196 contemneret.
1395 2160 1598 2194 Gloriantur
1619 2161 1679 2194 in-

274 2212 371 2240 terea
389 2208 442 2240 illi
466 2213 501 2240 et
517 2209 686 2248 iactitant,
709 2219 745 2240 se
763 2209 983 2252 Imperatoris
998 2207 1161 2240 mandata
1180 2213 1375 2248 exsecutos,
1395 2218 1472 2238 cum
1490 2207 1608 2250 potius
1630 2205 1677 2238 il-

276 2252 345 2284 lius
360 2253 576 2286 voluntatem
597 2253 848 2297 contempsisse
862 2252 1180 2297 deprehendantur,
1198 2254 1365 2297 falsisque
1377 2251 1677 2285 criminationibus

279 2297 447 2330 Gubazen
470 2309 613 2331 onerare
637 2310 710 2331 non
735 2300 807 2331 sint
825 2299 929 2331 veriti
950 2303 986 2332 et
1009 2300 1182 2331 contraria
1205 2298 1249 2331 ab
1268 2298 1322 2338 iis,
1349 2308 1438 2343 quae
1460 2302 1552 2330 recte
1576 2307 1677 2330 man-

278 2341 358 2375 data
381 2348 501 2382 erant,
525 2344 667 2387 propria
691 2343 896 2376 auctoritate
920 2344 957 2377 in
991 2355 1070 2376 eum
1097 2343 1311 2384 decernere3
1346 2349 1382 2376 et
1411 2342 1506 2387 quod
1535 2342 1677 2386 quidem

278 2387 433 2420 omnium
467 2393 521 2421 est
551 2388 812 2431 iniquissimum
831 2414 841 2428 ,
871 2400 987 2434 neque
1018 2389 1148 2422 litteris
1173 2390 1395 2431 ImPfflatoris
1427 2387 1598 2428 ostensis,
1635 2391 1676 2422 ut

281 2434 420 2477 cognita
441 2432 515 2465 eius
537 2433 718 2466 voluntate
746 2433 833 2478 quid
858 2435 950 2467 facto
971 2445 1057 2478 opus
1096 2440 1187 2467 esset
1210 2439 1413 2466 statuerent.

366 2490 398 2522 6.
447 2488 550 2532 „Quo
575 2493 677 2532 pacto
705 2489 813 2532 igitur
829 2501 901 2522 non
927 2490 1069 2522 illorum
1094 2491 1205 2522 scelus
1229 2489 1377 2542 quodvis
1396 2488 1492 2522 necis
1513 2492 1574 2520 aut
1590 2497 1674 2530 sup*

277 2534 377 2576 plicii
397 2544 503 2577 genus
525 2544 732 2577 exsuperare
752 2533 1014 2567 censuerimus?
1038 2535 1171 2568 Iniuria
1194 2546 1288 2568 emm
1310 2534 1420 2566 cuivis
1438 2532 1539 2566 alteri
1559 2532 1675 2572 illata,

278 2589 331 2610 res
351 2584 403 2611 est
419 2578 582 2622 fugienda
598 2581 778 2623 vetitaque
805 2579 940 2623 legibus
953 2604 962 2619 ‚
988 2582 1177 2623 praecipue
1199 2582 1230 2613 si
1245 2581 1395 2613 amicum
1413 2583 1450 2611 et
1464 2578 1673 2611 benevolum

280 2624 412 2668 quique
430 2623 634 2669 frequenter
653 2625 811 2670 pericula
832 2636 894 2669 pro
914 2625 1016 2664 sociis
1035 2625 1180 2665 adierit,
1205 2625 1384 2671 contingat
1403 2634 1486 2661 esse,
1500 2633 1590 2662 eum,
1611 2622 1675 2669 qui
