1832 3152
277 119 385 174 208
839 134 1111 176 AGATHIAE

89 248 127 281 A.
143 247 179 280 c.
196 244 264 282 555
277 235 407 294 καίτοι
429 232 550 290 4θι]ι,ιιι“ι
575 233 703 275 ἕκεῖσε
732 233 971 286 γιγνόμενα,
999 235 1268 290 καταπλήττει
1295 234 1366 277 καὶ
1393 234 1574 290 ἐξίστησι
1602 236 1681 277 τῶν

137 293 163 326 1·
179 293 204 326 Ῑ·
222 297 574 354 ἳθφρονημάτων,
620 297 679 351 μὴ
723 298 771 338 τί
812 313 857 351 γε
891 297 1126 354 βαρβάρους
1180 299 1251 340 καί
1293 296 1366 340 οὔκ
1413 293 1684 351 εἰθισμένους.

274 360 433 408 τούτων
458 362 539 414 μὲν
563 355 636 402 οὖν
665 361 795 413 ἕνεκα,
826 358 952 414 οἶμαι,
977 360 1205 413 Ῥωμαϊκὸν
1227 365 1508 419 δικαστήριον,
1529 365 1683 416 μᾶλλον

273 427 350 478 μὲν
379 419 451 467 οὖν
487 422 799 477 Ἆττικιότατον,
821 422 898 464 ὑπὸ
921 426 976 480 τῷ
1001 424 1210 482 Καυκάσῳ
1238 427 1524 482 ξυνεκροτὴθη.

303 536 305 538 ,
382 488 435 543 β’.
494 489 595 531 Τότε
632 491 677 530 δὲ
707 487 952 536 εΡούστικός
984 504 1029 530 τε
1061 488 1132 529 καί
1148 486 1346 544 Ἰωάννης,
1367 492 1410 531 ἐκ
1433 492 1503 532 τοῦ
1529 487 1711 542 δεσμω-5

285 550 429 609 τηριὀυ
451 550 612 608 ἧγμένω
626 587 639 606 ,
678 549 754 594 ιῖνὰ
774 550 818 594 τὸ
850 551 967 594 λαιὸν
996 554 1121 608 μέρος
1147 550 1384 606 ἑστήκατον,
1412 550 1478 596 οἷα
1508 553 1557 607 δὴ
1584 552 1688 608 φεύ-

232 623 264 660 1)
276 633 405 672 yome-
442 618 512 659 ἐπί
535 615 692 673 θάτερα
714 619 760 658 δὲ
786 619 978 672 παρῆσαν
1006 618 1381 671 κατηγορησείοντες
1405 618 1486 660 τῶν
1509 617 1688 670 Κόλχων

277 681 318 723 οἱ
342 683 678 737 ἐμφρονέστατοι,
706 681 776 722 καί
799 677 878 736 ἤδη
901 680 1136 723 ἑκπλείστου
1158 679 1233 735 τὴν
1260 681 1432 723 Ἑλλάδα
1459 680 1599 736 φωνὴν
1621 682 1688 720 ἑκ-

275 745 577 801 μεμαθηκότες.
617 747 776 787 ἐδέοντο
793 748 838 787 δὲ
860 746 1056 801 πρότερον
1078 743 1153 799 τὴν
1173 743 1284 800 παρὰ
1307 747 1507 798 βασιλέως
1527 746 1690 787 ἐπιστο-

279 809 356 864 λὴν
389 811 435 852 ἐν
472 811 595 866 κοινῷ
618 807 1000 865 ἀνακηρύττεσθαι,
1042 807 1166 865 ἥνπερ
1203 809 1399 863 ἐτύγχανε
1438 810 1634 864 πρότερον
1665 805 1741 850 ὅιο

275 871 464 929 Ἰωάννης
493 874 650 915 τούτων
687 873 736 929 δὴ
769 876 864 930 πέρι
887 880 974 923 τοῖς
1009 879 1247 929 στρατηγοῖς
1279 872 1534 926 διακομίσας·
1581 868 1688 913 α’λλά

280 935 360 994 γὰρ
394 937 466 979 καί
484 940 540 995 τῷ
570 939 759 994 διαιτητῇ
793 941 1033 991 ξυνδοκοῧν,
1066 935 1328 993 γεγωνότερόν
1360 952 1423 986 τις
1450 933 1580 991 αὐτὴν
1608 937 1690 987 τῶν

281 1003 325 1050 ἐς
350 1005 470 1044 τοῦτο
493 1005 748 1056 τεταγμένων
773 1001 930 1059 διεξῄει,
953 997 1035 1044 ὧδέ
1058 1019 1144 1052 πως
1168 1001 1358 1055 ἔχουσαν·
1392 995 1594 1053 ,,ἇ’πιστον
1613 1001 1690 1052 μὲν

285 1067 357 1108 καί
374 1065 607 1121 παράλογον
629 1065 672 1108 τὸ
695 1066 795 1123 πρὸς
816 1067 934 1119 ὑμῶν
962 1068 1277 1122 άνηγγελμένον,
1316 1065 1371 1114 ὥς
1393 1061 1473 1120 ἄρα
1493 1064 1692 1118 βουλομέ-

285 1147 340 1188 νῳ
369 1130 459 1172 ἐστι’
484 1133 541 1187 τῷ
567 1131 608 1172 Γ
605 1131 772 1188 ουβάζῃ,
800 1130 849 1173 τά
876 1130 1030 1187 πάτρια
1048 1131 1124 1186 ἔθη
1157 1129 1468 1186 καταπροεμένῳ
1496 1129 1566 1168 καί
1597 1124 1744 1176 τοὺςιό

285 1196 330 1236 ἐν
353 1191 505 1237 ἅπασιν
531 1194 767 1251 ὁμόφρονας
787 1195 858 1236 καί
877 1192 1075 1237 ἀνέκαθεν
1097 1194 1304 1250 ἡγεμόνας,
1332 1191 1428 1241 τοὺς
1455 1190 1693 1244 “Ρωμαιόυς

161 1275 195 1311 Ρ,
211 1274 278 1314 109
290 1259 448 1316 φαμὲν,
488 1260 558 1300 ἐπὶ
593 1260 689 1308 τούς
716 1259 931 1312 ε’χθάῑτους
959 1276 1004 1301 τε
1034 1258 1105 1300 καὶ
1129 1257 1475 1314 ἀλλοτριωτάτους
1500 1254 1571 1296 καὶ
1594 1253 1696 1310 πρός

282 1339 327 1379 γε
347 1321 397 1364 τά
425 1324 468 1371 ἐς
491 1321 592 1365 θεὸν
618 1320 944 1378 ἑτερογνώμονας
972 1323 1290 1377 μεταχωρῆσαι,
1325 1320 1395 1362 καί
1416 1321 1550 1361 ταῦτα
1576 1315 1696 1359 οὖδὲν

283 1387 424 1429 ὁτιοῦν
447 1389 490 1438 ἐξ
509 1387 625 1442 ἡμῶν
650 1382 782 1442 ἄχαρι
806 1385 1118 1441 προπεπονθότι.
1147 1384 1250 1441 πλὴν
1273 1383 1361 1426 ἀλλ’
1394 1381 1534 1436 ἐπειδὴ
1555 1381 1699 1437 γιγνώ-

283 1467 434 1504 σκομεν
457 1449 507 1492 τά
539 1447 778 1506 ἀνθρώπεια
800 1452 1031 1505 παλιζιιβολά
1051 1466 1095 1492 τε
1114 1452 1186 1493 καί
1209 1446 1421 1505 ὀλισθηρὰ,
1447 1446 1519 1489 καί
1537 1449 1588 1502 τῇ
1609 1462 1750 1487 ποι-πο

284 1517 393 1574 κιλίᾳ
411 1516 492 1556 τῶν
508 1512 874 1571 παρεμπιπτόντων
891 1517 1246 1571 συμπεριάγεσθαι
1274 1510 1500 1568 πεφυκότα,
1521 1511 1571 1551 οὔ
1593 1526 1695 1551 παν-

285 1578 463 1622 τάπασιν
488 1574 675 1621 άπιστεῖν
695 1579 888 1637 ᾠήθημεν
902 1581 1080 1636 χρῆναι,
1108 1581 1205 1620 οὐδὲ
1236 1582 1425 1632 μεθεῖναι
1445 1577 1522 1629 μὲν
1546 1572 1592 1616 τὸ
1617 1590 1700 1630 φυ-

380 1683 411 1705 ².
428 1669 481 1717 μή
506 1673 543 1704 τί
566 1680 611 1716 γε
633 1673 688 1712 Β.,
711 1671 823 1717 μήτοι
844 1681 886 1717 γε
903 1671 994 1716 vulg.
1134 1671 1196 1703 καὶ
1218 1670 1283 1704 im.
1302 1681 1346 1704 ex
1369 1670 1406 1702 R.
1429 1674 1466 1702 et
1479 1669 1588 1713 Intpr.
1666 1667 1699 1702 8.

381 1717 561 1762 ἐκμεμαθ.
587 1718 624 1750 R.
638 1742 647 1757 ‚
665 1719 806 1762 μεμαθ.
823 1719 915 1762 vulg.
1011 1730 1045 1763 9.
1066 1718 1216 1762 πρῶτον
1238 1717 1276 1748 Β.
1373 1726 1423 1750 12·
1445 1710 1701 1760 γεγωνότερον

381 1763 419 1795 R.
442 1762 543 1807 (CL),
566 1762 821 1807 γεγονώτερον
843 1765 936 1807 vulg.

292 1855 391 1884 extra
414 1861 452 1883 se
485 1854 624 1894 ponunt
645 1874 654 1890 ‚
678 1849 811 1882 nedum
833 1849 1003 1883 barbaros
1026 1848 1071 1882 iis
1103 1860 1177 1882 non
1195 1853 1365 1884 assuetos.
1419 1847 1483 1881 His
1513 1847 1632 1892 igitur,
1660 1849 1703 1878 ut

292 1896 464 1935 arbitror,
492 1894 535 1927 de
559 1896 672 1928 causis
698 1896 912 1936 Romanum,
935 1897 1043 1928 immo
1075 1906 1156 1929 vero
1182 1895 1450 1934 Atticissimum,
1477 1892 1637 1926 tribunal
1656 1891 1703 1924 ad

293 1943 486 1976 Caucasum
510 1941 579 1973 suit
605 1940 787 1973 indictum.

387 2000 416 2021 2.
466 1987 556 2019 Tum
579 1997 662 2019 vero
696 1985 856 2018 Rusticus
883 1990 919 2019 et
941 1985 1091 2018 Ioannes
1117 1995 1136 2017 e
1163 1994 1300 2017 carcere
1331 1982 1517 2027 producti,
1541 1982 1587 2016 ad
1612 1981 1703 2015 sini-

294 2039 399 2067 stram
423 2037 557 2076 partem
582 2037 664 2064 sunt
689 2032 895 2072 constituti,
919 2030 1037 2074 utpoti
1062 2030 1114 2062 rei
1139 2042 1148 2070 3
1181 2041 1225 2062 ex
1254 2028 1399 2062 adverso
1434 2029 1576 2061 stabant
1608 2033 1706 2061 acto-

293 2091 362 2120 res,
387 2080 449 2123 qui
471 2089 551 2110 eum
575 2077 794 2110 criminaturi
818 2081 931 2116 erant,
955 2074 1163 2108 Colchorum
1191 2074 1452 2119 sapientissimi,
1476 2075 1611 2118 quique
1634 2074 1706 2106 iam

295 2136 316 2157 a
347 2124 459 2157 multo
490 2129 647 2166 tempore
678 2122 810 2155 Graece
836 2122 935 2167 loqui
960 2120 1182 2162 didicerant5
1214 2132 1253 2152 ac
1287 2121 1438 2164 primum
1468 2118 1612 2165 quidem
1635 2130 1704 2163 po-

295 2170 484 2207 stulanmt,
511 2174 552 2200 ut
579 2169 720 2201 litterae
748 2167 997 2211 Imperatoriae
1018 2165 1161 2210 publice
1194 2167 1424 2198 recitarentur
1441 2189 1450 2203 ,
1487 2175 1573 2210 quas
1602 2169 1706 2196 antea

294 2217 445 2248 Ioannes
476 2213 519 2246 de
545 2213 642 2246 hisce
668 2212 772 2246 rebus
805 2213 848 2246 ad
867 2213 1064 2257 praefectos
1095 2212 1267 2244 exercitus
1299 2211 1476 2246 attulerat.
1502 2209 1608 2255 Quod
1625 2210 1707 2255 qui-

297 2260 378 2293 dem
403 2260 622 2302 postulatum
647 2269 725 2291 cum
761 2263 797 2291 et
825 2258 936 2291 iudici
967 2257 1194 2302 probaretur,
1234 2256 1379 2301 quidam
1407 2267 1450 2288 ex
1479 2255 1537 2296 iis,
1568 2255 1630 2300 qui
1660 2252 1707 2286 ad

295 2305 365 2339 hoc
393 2310 491 2337 erant
515 2304 701 2348 designati,
729 2304 855 2337 altiore
873 2314 958 2335 voce
983 2313 1060 2335 eam
1091 2304 1271 2343 rccitavit3
1295 2302 1346 2334 sic
1367 2300 1559 2334 habentem
1581 2314 1588 2333 :
1625 2300 1708 2338 „In-

297 2350 469 2384 credibile
496 2349 638 2394 quidcm
660 2349 748 2381 mihi
767 2348 1026 2393 absurdumque
1048 2347 1198 2386 videtur,
1220 2347 1316 2392 quod
1338 2358 1359 2379 a
1382 2346 1482 2379 vobis
1512 2346 1710 2383 nuntiatur,

300 2396 438 2429 Gubazi
464 2395 699 2427 deliberatum
722 2405 809 2434 csse,
836 2395 960 2438 patriis
990 2394 1147 2426 moribus
1178 2394 1309 2425 relictis
1331 2417 1339 2432 ,
1370 2398 1406 2424 et
1439 2392 1484 2424 iis
1510 2393 1572 2436 qui
1603 2390 1708 2422 unius

301 2441 531 2484 eiusdemque
551 2445 634 2472 sunt
655 2451 732 2471 eum
758 2441 834 2483 ipso
854 2440 890 2472 in
913 2439 1075 2471 omnibus
1089 2439 1299 2479 seutentiam
1317 2437 1494 2471 veteribus
1512 2436 1583 2468 suis
1607 2434 1708 2466 duci-

299 2488 379 2528 bus,
402 2486 566 2519 Romanis
581 2485 736 2529 inquam,
760 2485 920 2524 desertis,
938 2484 982 2517 ad
1001 2484 1257 2516 inimicissimos
1279 2483 1512 2516 alienissimos
1539 2491 1583 2514 ue
1602 2485 1709 2525 atque

301 2533 390 2566 adeo
408 2532 566 2565 diversae
592 2542 612 2562 a
636 2530 739 2563 nobis
761 2529 942 2574 religionis
968 2529 1129 2562 homines
1157 2529 1362 2570 desciscere,
1399 2533 1436 2561 et
1457 2528 1517 2572 qui
1546 2536 1600 2559 em
1629 2536 1709 2558 cum

302 2579 402 2612 nulla
424 2581 545 2610 nostra
573 2577 612 2607 in
641 2587 677 2608 se
706 2576 837 2608 iniuria
859 2575 906 2608 sit
929 2580 1148 2619 provocatus.
1195 2574 1443 2608 Verumtamen
1463 2583 1543 2605 cum
1561 2571 1711 2604 sciamus

301 2626 454 2656 humana
484 2621 602 2655 omnia
625 2632 699 2655 esse
727 2620 908 2654 instabilia
936 2626 972 2653 ct
993 2621 1030 2653 in
1054 2620 1191 2653 lubrico
1217 2622 1353 2665 posita,
1380 2628 1516 2662 proque
1538 2617 1711 2649 varietate

305 2669 540 2706 incidentium
573 2678 688 2701 rerum
722 2666 908 2711 circumagi
933 2677 972 2700 ac
997 2667 1104 2700 rotari
1130 2666 1265 2708 solere,
1291 2677 1363 2700 non
1402 2663 1505 2710 plane
1537 2660 1712 2705 derogan-
