1794 3112
510 137 893 184 msTomARUM'
929 144 961 182 ι.
998 142 1065 187 15.
1274 187 1276 190 ,
1457 117 1529 186 45

91 263 162 290 ναι
184 239 285 305 ᾤετο
308 246 368 299 μὴ
394 242 555 297 ὅμοίως
579 242 905 300 ἀποδιδράσκειν
919 276 932 296 ,
972 238 1142 297 ἄμεινον
1176 243 1224 284 δὲ
1255 239 1426 298 δράσειν
1447 239 1531 280 θά-
1541 248 1580 283 Α.
1593 250 1630 282 C.
1641 251 1708 284 552

90 327 218 357 νἀτον
255 308 450 364 ἑλόμενος
480 309 654 362 εὗκλεᾶ,
692 304 722 364 ἢ
748 306 796 351 τὸ
826 309 1005 364 οἷγεννῶς
1032 309 1263 363 ἐπιβιῶναι.
1293 305 1366 348 καὶ
1393 306 1535 348 τοίνυν
1559 297 1684 332 1·I·2⁶

90 377 273 433 εἱστήκει
295 375 354 425 ὥς
391 371 480 418 οἷόν
502 390 547 416 τε
574 370 629 429 ἤν
657 373 985 430 ἀσφαλέστατα,
1011 373 1085 417 ἐπὶ
1106 372 1250 431 τύμβῳ
1271 370 1354 414 τινί
1375 370 1429 413 τὰ
1455 373 1535 413 ναῖ-

90 460 145 486 τα
162 442 464 499 ἐρηρεισμένος,
477 439 549 482 καί
563 438 741 490 πολλούς
761 442 844 483 τῶν
857 441 1063 494 πολεμιων
1083 440 1335 495 διέφθειρεν,
1359 439 1433 479 νῦν
1454 438 1570 490 μὲνΒ

63 506 251 566 ὄᾶθρόον
278 506 427 560 ἐπιών,
449 507 526 548 νῦν
552 507 598 548 δὲ
624 504 813 555 οἷντωπὸς
831 507 970 562 ἤρε’μα
1008 507 1051 555 ἐς
1078 503 1132 546 τὰ
1157 503 1290 546 ὀπίσω
1324 500 1538 557 ὗποχαζό-

86 589 220 628 μενος.
254 571 347 624 ε”ξὸν
362 574 408 615 δὲ
433 572 548 630 αὐτῷ
566 570 640 614 καί
660 570 716 621 ὥς
731 569 795 614 ἔτι
813 569 1074 614 εὖκολώτατα
1095 570 1348 626 ἀποδρᾶναι,
1369 568 1443 610 καί
1453 570 1537 609 τῶν

89 637 258 682 ὄπαὸὦν
281 635 399 692 ,οὕτω
430 643 566 680 ποιεῖν
591 633 942 692 ἀντιβολούντων,
983 669 1010 690 ,,
1022 637 1096 678 καί
1119 637 1207 684 πῶς
1233 631 1286 676 ἂν
1307 633 1538 688 ὖποσταίην

85 704 162 761 τήν
205 707 418 760 γλῶτταν”
457 703 539 760 ἔφη
588 737 614 757 ,,
630 704 806 759 Ναρσοῦ
855 703 1128 758 μεμφομένην
1158 715 1235 754 μοι
1283 702 1358 755 τῆς
1405 696 1536 752 ἄβου-

85 772 241 824 λίας,·”
272 768 419 819 δεδιώς
439 769 490 825 δὴ
512 764 599 824 οὖν,
622 767 810 823 ὥςέοικε,
826 767 902 825 τήν
924 767 1174 823 κακηγορίαν
1191 769 1349 820 μᾶλλον
1378 767 1454 807 τοῦ
1477 766 1538 815 ξί-

34 851 202 894 ιοφους,
219 835 360 890 ἔμενεν
378 837 452 878 καί
462 837 534 877 ἐπὶ
548 839 740 877 πλεῖστον
753 840 954 888 αντεῖχεν,
973 832 1047 875 καί
1061 833 1136 875 οὐκ
1155 829 1263 874 ἆνίει
1282 828 1535 885 μαχόμενος,

81 905 163 952 ἕως
183 904 243 960 τῷ
260 900 415 957 πλήθει
435 903 781 956 ξυνειλημμένος,
810 901 884 942 καί
908 903 1073 948 πολλοῖς
1109 895 1313 946 οἷκοντίοις
1338 895 1389 938 τά
1414 898 1537 952 στέρ-

79 985 132 1011 να
153 968 349 1023 βληθεὶς,
387 961 469 1025 ἤδη
503 968 550 1009 δὲ
584 968 659 1009 καὶ
686 967 847 1008 πελέκει
880 963 957 1021 την
987 962 1171 1021 κεφαλὴν
1200 965 1535 1020 κεχαραγμένος,

79 1031 200 1087 μόλις
221 1033 502 1075 δυσθανατῶν
529 1030 651 1074 ἔπεσε
678 1029 838 1088 πρηνής
859 1031 931 1073 ἐπὶ
951 1033 1026 1086 τῆς
1043 1030 1229 1079 ἀσπίδος.
1259 1026 1321 1071 ἐπ’
1349 1026 1462 1086 αὐτῷ
1486 1030 1534 1070 δὲ

80 1092 154 1141 καί
189 1096 229 1140 οἱ
264 1092 384 1141 ἄλλοι
421 1095 558 1154 χύδην
595 1098 822 1140 ἐκτείνοντο
851 1094 1059 1150 ἅπαντες,
1103 1091 1194 1139 ὅσοι
1227 1093 1278 1151 δὴ
1304 1093 1569 1149 ἕτύγχανονα

33 1160 191 1220 ιὸἇμφ’
212 1159 344 1206 αὗτὸν
364 1162 661 1219 μεμενηκότες,
700 1161 833 1218 τυχὸν
860 1164 938 1216 μὲν
961 1162 1202 1215 ἐθελονταὶ,
1230 1159 1362 1216 τυχὸν
1390 1163 1437 1203 δὲ
1459 1162 1533 1202 καί

76 1227 159 1271 ὕπὸ
181 1231 266 1271 τῶν
289 1230 499 1283 πολεμίων
521 1226 767 1286 εἰργόμενοι.
841 1227 1080 1284 Φούλκαρις
1102 1231 1182 1281 μὲν
1203 1223 1276 1270 οὖν
1299 1224 1529 1283 στρατηγὸς

80 1294 289 1352 αἱρεθεὶς,
325 1292 374 1337 οὔ
398 1296 494 1338 λίαν
520 1292 716 1338 ἀπώνατο
747 1297 823 1351 τῆς
844 1297 992 1350 τιμῆς,
1018 1291 1126 1336 ἀλλὰ
1147 1291 1290 1350 βραχύ
1318 1309 1361 1334 τι
1378 1288 1528 1347 εὐημε-

77 1361 220 1418 ρήσας,
245 1358 383 1418 ὥσπερ
406 1362 451 1404 ἕν
470 1361 682 1418 ὀνείρατος
704 1357 958 1419 εὐφροσύνῃ,
979 1366 1153 1415 ταχεῖαν
1173 1358 1270 1412 ἔσχε
1295 1374 1526 1414 καταστρο-

77 1424 164 1482 φὴν
182 1428 257 1483 τῆς
276 1442 322 1468 τε
349 1426 485 1482 ἀρχῆς
506 1430 580 1469 καί
598 1429 672 1468 τοῦ
697 1428 808 1480 βίου.
835 1425 987 1468 τούτου
1017 1428 1064 1468 δὲ
1083 1428 1160 1467 τοῦ
1176 1424 1341 1473 πάθους
1362 1439 1525 1479 γεγενη-

22 1492 230 1545 αομὲνου,
279 1490 332 1533 τοὶ
361 1494 440 1545 μὲν
465 1494 549 1535 τῶν
584 1491 791 1549 Φράγγων
828 1489 1080 1549 φρονήματα
1115 1492 1270 1547 ἐπῆρτο
1304 1492 1375 1532 ἐπὶ
1401 1491 1523 1544 μέγα,

75 1557 150 1599 καί
175 1554 476 1614 ε’πεῤῥοόννυτο.
555 1559 598 1600 Γ
596 1556 716 1600 ότθοι
736 1559 782 1600 δὲ
812 1558 851 1600 οἱ
870 1557 1097 1611 Αἰμίλειάν
1117 1572 1162 1598 τε
1188 1558 1261 1598 καί
1286 1554 1523 1612 Λιγουρίαν

75 1623 150 1665 καί
176 1619 251 1672 τὰς
283 1623 488 1677 ἐχομένας
509 1623 656 1680 χώρας
689 1625 912 1677 οἰκοῦντες,
962 1623 1007 1666 οἲ
1033 1621 1085 1678 δὴ
1108 1621 1310 1679 πρότερον
1341 1620 1522 1665 ὕπουλον

171 1731 199 1752 1.
225 1715 268 1751 δὲ
291 1718 429 1751 inserui
456 1728 538 1752 cum
563 1720 602 1752 R.
629 1723 667 1752 et
691 1718 803 1764 Intpr.
929 1720 960 1752 3.
983 1715 1118 1762 τύμβῳ.
1148 1718 1260 1761 Intpr.
1285 1718 1522 1753 munimento.

166 1764 200 1800 5.
228 1763 516 1811 ὑποχαζόμενος
540 1765 579 1798 Β.
606 1770 644 1798 et
661 1765 761 1798 Suid.
794 1777 820 1798 s.
855 1776 888 1798 v.
927 1763 1112 1803 α’ντωπεῑ,
1146 1765 1239 1808 vulg.
1259 1764 1522 1810 ύποσχαζόμε-

163 1821 242 1849 νος.
359 1805 488 1847 ductim
512 1816 549 1844 et
571 1809 751 1846 α’ντωπὸν
776 1811 875 1844 Suid.
901 1811 925 1844 l.
952 1811 976 1844 l.
1078 1812 1126 1844 13.
1162 1811 1221 1844 ἐπ’
1245 1809 1345 1855 αύτῷ
1371 1813 1431 1854 R„
1463 1811 1522 1844 ἐπ’

163 1856 284 1891 αὐτοῦ
309 1858 402 1904 vulg.
521 1857 572 1902 14.
596 1856 717 1903 χύδην
740 1869 808 1892 om.
834 1859 873 1892 R.
980 1871 1035 1905 ¹7·
1066 1854 1291 1905 εὐημερίσας
1305 1860 1344 1893 R.
1462 1870 1517 1894 21.

162 1903 400 1953 ἑπερῥιόνυτο
426 1905 466 1940 R.

70 1985 153 2026 bat,
183 1985 400 2031 praeclarius
434 1986 610 2019 facturum
642 1996 680 2019 se
715 1990 836 2027 ratus,
874 1986 905 2019 si
941 1986 1096 2032 gloriosa
1123 1990 1238 2020 morte
1273 1985 1516 2029 occumberet,

72 2041 180 2077 quam
201 2043 326 2077 parum
345 2043 516 2077 generose
538 2033 801 2076 superviverct3
830 2033 995 2067 substitit
1021 2035 1146 2079 itaque
1177 2045 1285 2079 quam
1309 2035 1432 2078 potuit
1451 2035 1515 2067 fir-

71 2078 227 2112 missime
258 2078 304 2112 ad
343 2081 521 2112 tumulum
554 2079 734 2125 quendam
764 2081 839 2113 sive
871 2081 1070 2124 sepulcrale
1105 2087 1378 2114 monumentum
1411 2086 1511 2125 tergo

71 2125 278 2167 imminens,
318 2127 526 2172 multosque
553 2138 598 2160 ex
623 2126 790 2160 hostibus
817 2127 971 2168 occidit,
1013 2127 1120 2160 modo
1154 2128 1356 2172 impetuose
1381 2129 1420 2160 in
1451 2138 1513 2160 eos

70 2171 227 2212 irruens,
270 2172 376 2206 modo
410 2173 557 2206 adversa
587 2173 706 2206 fronte
735 2175 868 2206 sensim
900 2180 1094 2207 retrorsum
1115 2185 1152 2207 se
1183 2175 1371 2219 recipiens.
1421 2174 1514 2208 Cum

67 2227 153 2251 vero
177 2218 212 2251 ei
235 2219 343 2252 etiam
362 2220 414 2252 sic
430 2219 547 2253 adhuc
576 2221 757 2264 integrum
789 2226 884 2254 esset
914 2233 1022 2266 quam
1045 2221 1220 2254 facillime
1247 2222 1369 2266 sugam
1386 2232 1514 2266 capes·

68 2274 166 2304 sere,
191 2265 320 2311 suique
341 2270 383 2299 ut
406 2267 459 2299 ita
477 2267 610 2300 faceret
629 2266 861 2300 hortarentur
878 2281 887 2300 :
922 2267 968 2301 Et
987 2279 1059 2313 quo
1079 2274 1185 2312 pacto
1200 2292 1210 2308 ,
1245 2268 1385 2313 inquit,
1417 2267 1512 2301 Nar-

70 2310 157 2344 setis
191 2309 350 2356 linguam
379 2314 631 2354 sustinuerim,
657 2314 872 2347 temeritatis
893 2324 950 2347 me
973 2313 1274 2347 insimulantem?
1301 2314 1511 2348 Convitium

69 2357 213 2403 itaque,
235 2358 291 2391 nti
309 2357 464 2401 videtur,
488 2361 600 2405 magis
619 2371 727 2405 quam
748 2360 906 2405 gladium
931 2362 1165 2394 extimescens
1183 2361 1326 2400 mansit,
1353 2366 1389 2394 et
1399 2373 1508 2407 quam

68 2403 273 2449 diutissime
298 2405 435 2438 restitit
447 2431 457 2446 ,
481 2418 600 2452 neque
619 2407 762 2440 destitit
778 2417 937 2452 pugnare
949 2432 958 2448 ,
983 2408 1100 2441 donec
1118 2409 1331 2441 circumfusa
1348 2407 1507 2441 hostium

65 2449 322 2491 multitudine,
349 2451 546 2499 multisque
575 2454 700 2486 iaculis
733 2459 878 2497 pectore
906 2455 1084 2498 exceptis,
1115 2455 1233 2487 securi
1264 2455 1374 2488 etiam
1397 2455 1506 2498 capiti

65 2496 246 2540 impacta,
271 2502 309 2530 et
337 2496 406 2530 iam
435 2509 516 2532 cum
545 2505 659 2533 morte
686 2500 916 2541 conflictans,
943 2512 1078 2545 pronus
1104 2501 1140 2534 in
1170 2506 1310 2534 scutum
1335 2500 1504 2533 concidit.

66 2542 181 2587 Super
211 2542 309 2576 hunc
337 2554 422 2577 vero
450 2545 583 2592 reliqui
614 2547 725 2580 etiam
758 2553 940 2593 quotquot
975 2547 1010 2580 ei
1048 2546 1306 2587 adhaeserant,
1331 2547 1377 2579 ad
1395 2558 1506 2579 unum

64 2599 201 2630 omnes,
217 2590 290 2622 sive
305 2600 368 2622 sua
382 2596 524 2634 sponte,
537 2593 611 2625 sive
622 2592 748 2626 hostili
761 2594 796 2625 vi
813 2599 896 2626 sunt
911 2594 1094 2629 trucidati.
1114 2594 1274 2627 Fulcaris
1295 2594 1419 2638 itaque
1432 2594 1505 2627 He—

62 2635 222 2668 rulorum
248 2635 321 2668 dux
343 2642 494 2678 creatus,
520 2649 595 2671 non
613 2640 686 2672 fuit
706 2642 744 2672 in
759 2639 1040 2673 diuturnaillius
1054 2640 1091 2673 di
1103 2641 1250 2685 gnitatis
1266 2640 1503 2683 possessione,

63 2680 128 2714 sed
149 2681 251 2716 brevi
284 2682 478 2717 admodum
494 2690 655 2728 tempore
682 2687 861 2731 prosperis
904 2687 1011 2720 rebus
1032 2687 1146 2720 veluti
1173 2686 1314 2719 laetitia
1337 2685 1503 2732 quadam,

64 2729 454 2773 quaesomniantibus
471 2730 623 2772 accidit,
643 2743 748 2773 usus,
782 2733 933 2768 celerem
966 2733 1098 2767 habuit
1125 2738 1161 2765 et
1195 2732 1439 2777 praefecturae
1466 2740 1504 2767 ct
