1832 3152
583 118 963 166 msTomAmJM
1002 121 1074 168 lv.
1103 126 1173 169 οι.
1485 102 1592 163 251.

152 229 242 272 νοῦ·
259 225 504 283 καθώτησιν
542 225 633 268 ἄντ’
674 226 806 267 αὕτοῦ
844 224 1073 282 στρατηγὸν
1108 223 1404 281 αὐτοκράτορα
1439 223 1523 267 τῶν
1550 239 1595 266 τε
1607 231 1698 268 A.c.
1726 236 1794 271 556

152 291 258 336 κατὰ
297 291 374 348 τὴν
417 291 614 346 Κολχίδα
653 289 803 348 χώραν
842 290 916 333 καί
940 293 1025 334 τῶν
1053 292 1099 333 ἒν
1131 290 1336 348 Ἀρμενίᾳ
1363 282 1633 344 ταγμάτων.Ῑ·
1651 282 1675 314 Ῑ·
1703 283 1749 317 3⁰

151 355 206 415 ἦν
228 361 307 413 μὲν
332 356 411 415 γάρ
441 357 552 414 αὐτῷ
579 356 654 399 καὶ
671 355 876 414 πρότερον
906 353 955 398 οὗ
979 354 1093 410 μάλα
1116 354 1218 412 πρὸς
1234 357 1382 409 θυμοῦ
1407 355 1599 411 πρωτεύ-

151 439 215 468 ειν
241 425 396 467 ἐκεῖνον
424 421 622 466 ἁπάντων
649 422 723 465 καί
747 423 1011 478 ἐξηγεῖσθαι,
1037 422 1099 472 ὥς
1126 421 1178 477 δὴ
1203 420 1406 477 τῆςκατά
1435 424 1476 464 Γ
1474 421 1638 476 ουβά-Β

118 489 230 542 >ζίζου
259 491 484 546 ’ἐπιβουλῆς
511 489 586 531 οὐκ
627 487 844 544 ἐλάχιστον
871 491 998 545 μέρος
1023 490 1304 544 γεγενημένον.
1362 494 1528 543 κατεῖχε
1553 489 1601 530 δὲ

149 557 256 606 τέως
283 553 361 612 τὴν
387 556 557 610 γνώμην
583 557 658 597 καί
683 552 971 607 ὗπελάνθανε,
1008 553 1066 609 μή
1095 555 1253 610 χρῆναι
1283 553 1469 606 οἰόμενος
1497 554 1600 596 ἄνα-

150 622 319 677 κινῆσαι
356 619 401 663 τὸ
440 615 494 676 ιῖρ
497 636 576 675 χον
613 619 686 662 καί
728 618 1129 674 μετασκευάσασθαι
1167 620 1490 675 ταραττομένων
1533 617 1599 661 ἔτι

145 688 230 730 τῶν
267 689 364 745 τῇδε
400 687 680 744 πραγμάτων,
721 685 795 729 καί
826 685 1014 740 μάλιστα
1041 687 1117 741 τῆς
1154 687 1353 741 στρατιᾶς
1380 685 1598 741 ἡδομένων

144 755 204 811 τῷ
231 752 462 811 Μαρτήιῳ,
502 754 574 795 διά
612 770 658 795 τε
697 752 770 810 τὴν
816 748 916 795 ‘cah'
942 753 1172 807 πολεμικῶν
1208 751 1339 808 ἔργων
1378 754 1598 809 ἐμπειρίαν

93 819 220 866 'sonat'
243 818 289 863 τὰ
319 821 472 862 ἕκαστα
501 821 546 863 ἐν
578 821 713 863 δέοντι
736 819 981 864 διατάττειν.
1039 813 1091 860 οὗ
1118 817 1170 874 δὴ
1200 821 1334 873 ἕνεκα,
1363 815 1494 873 οἶμαι,
1525 820 1599 862 καί

143 886 408 939 διεσέσωστο,
438 888 533 928 ἐπεὶ
559 882 610 928 ἂν
638 887 712 928 καί
735 883 864 934 αὐτὸς
886 881 1058 942 Ἰωάννῃ
1086 901 1130 927 τε
1151 883 1224 927 καὶ
1244 884 1470 942 Ῥουστίκῳ
1501 887 1596 935 ’ξυν-

141 949 378 1006 ετεθνήκει·
407 954 483 994 νῦν
512 953 559 994 δὲ
587 948 727 1007 ὥσπερ
757 953 877 993 αἰδοῖ
897 953 981 993 τῶν
1003 951 1216 1007 τροπαίων
1245 952 1318 992 καῖ
1342 952 1417 1006 τῆς
1445 950 1595 1004 εὐβου-

140 1014 265 1070 λίας,
293 1012 319 1075 ᾗ
349 1015 401 1072 δὴ
428 1016 543 1074 παραὶ
573 1016 673 1067 τοὺς
699 1015 921 1065 κινδύνους
948 1017 1126 1073 ἐχρῆτο,
1155 1015 1326 1072 ὑφελών
1355 1018 1493 1073 ἠρέμα
1525 1016 1598 1059 καί

139 1081 413 1136 ὗποχαλάσας
449 1084 526 1124 τοῦ
553 1082 684 1136 νόμου
713 1082 761 1124 τὸ
789 1084 884 1125 λίαν
911 1078 1081 1138 ἀκριβὲς
1117 1082 1191 1124 καί
1216 1082 1522 1135 ἆτιθάσευτον,
1551 1083 1595 1123 ἐ-

84 1147 247 1204 ῑιδφῆκε
272 1144 353 1201 μὲν
377 1146 424 1190 τὸ
452 1147 659 1205 ἐπίκλημα
669 1183 682 1202 ,
723 1143 872 1204 ἄρχειν
908 1149 955 1190 δὲ
994 1147 1046 1189 οὔ
1095 1147 1322 1203 ’ξυνεχώρει
1361 1145 1467 1189 ἀλλὰ
1505 1149 1628 1194 &lc-c

138 1213 310 1256 ωτεύειν
349 1215 557 1268 ἐκέλευεν,
597 1214 738 1271 ἀρκεῖν
773 1213 1003 1271 ἡγούμενος
1043 1213 1191 1271 ἀτιμία
1228 1230 1273 1268 γε
1302 1211 1433 1255 αὐτὸν
1461 1230 1592 1267 τιμω-

137 1277 366 1334 ρήσασθαι,
395 1281 435 1322 εἰ
458 1280 532 1322 καί
554 1280 755 1323 τοσούτου
782 1278 1020 1334 μιάσματος
1045 1278 1218 1335 μετειλή
1221 1295 1303 1333 χει.
1343 1278 1485 1336 ἐπειδὴ
1514 1276 1591 1322 οὖν

137 1346 181 1386 οἳ
204 1361 250 1388 τε
277 1349 450 1403 Πέρσαι
478 1347 690 1403 ἠρέμουν,
729 1349 803 1388 καὶ
828 1345 1038 1404 ἐκεχειρία
1060 1345 1178 1402 ἐῴκει
1205 1344 1252 1387 τὸ
1282 1348 1453 1403 χρῆμα,
1491 1345 1584 1389 τότε

139 1410 189 1467 δὴ
220 1409 292 1454 τὸν
317 1415 398 1466 μὲν
426 1411 667 1466 ἀπεώσατο,
691 1413 912 1455 Ἰουοτῖνον
941 1414 987 1454 δὲ
1012 1412 1275 1469 προσήκοντά
1300 1414 1345 1454 τέ
1374 1412 1413 1454 οἱ
1439 1412 1497 1462 οἷς
1522 1415 1590 1468 ἐγ-

85 1475 295 1531 2ογὺτατα
321 1477 426 1519 κατὰ
461 1480 589 1532 γένος,
625 1476 700 1519 καὶ
725 1472 868 1527 ἄλλως,
889 1477 1223 1530 ὀνομαστότατον
1248 1479 1294 1519 ἐν
1323 1480 1380 1534 τῷ
1408 1477 1502 1520 τότε
1530 1476 1590 1520 εἶ-

1429 1541 1449 1558 (Ι

138 1558 209 1585 ναι
238 1544 452 1597 δοκοῦντα,
479 1542 739 1599 μετάκλητον
767 1544 814 1586 ἐν
839 1543 1062 1601 Βυζαντίῳ
1091 1542 1390 1599 ποιησάμενος,
1419 1546 1588 1588 απασάν

228 1621 261 1658 5.
287 1620 329 1656 δὲ
349 1634 416 1656 om.
445 1623 482 1655 R.
562 1623 595 1658 8.
623 1623 687 1656 καὶ
712 1621 878 1668 μάλιστα
901 1624 952 1664 R.,
978 1621 1070 1670 μάλ.
1100 1624 1164 1656 καὶ
1191 1623 1283 1668 vulg.
1360 1626 1425 1666 τῆς
1467 1631 1587 1670 στρα-

166 1679 171 1682 ·
225 1668 311 1706 τιίἑς
331 1670 371 1704 R.
388 1675 426 1703 et
437 1668 561 1714 Lugd„
583 1670 659 1704 τῶν
681 1669 746 1712 τῆς
766 1677 844 1714 στρ.
857 1669 941 1705 edd.
963 1680 1007 1703 ex
1036 1670 1128 1703 coni.
1150 1670 1252 1704 Vulc.
1417 1682 1428 1704 ι
1442 1682 1468 1704 1.
1497 1680 1588 1705 συν-

227 1724 276 1748 ετ.
297 1716 390 1762 vulg.
491 1716 541 1760 ¹4·
566 1714 737 1764 τοῦνομα
759 1718 796 1750 R.
810 1727 875 1762 pro
900 1717 967 1751 τοῦ
992 1716 1125 1764 νόμου.
1196 1715 1477 1752 α’τιθάσσευτον
1490 1718 1582 1764 vulg.

231 1763 283 1796 18.
319 1771 358 1796 τε
389 1761 470 1797 add.
497 1773 541 1796 ex
566 1763 604 1799 R.

132 1834 238 1876 fecit,
263 1836 327 1881 qui
343 1835 512 1870 omnibus
533 1847 599 1880 per
615 1835 823 1870 Colchicam
857 1838 1040 1882 regionem
1074 1841 1111 1870 et
1142 1836 1348 1870 Armeniam
1375 1835 1585 1882 legionibus

132 1893 212 1915 cum
235 1882 344 1928 plena
375 1882 617 1929 absolutaque
639 1888 821 1928 potestate
849 1889 1042 1929 praeesset.
1088 1883 1216 1928 Neque
1242 1884 1339 1920 enim
1370 1884 1440 1928 ipsi
1473 1885 1586 1917 etiam

131 1933 237 1962 autea
285 1928 390 1963 valde
434 1935 571 1974 gratum
608 1936 706 1970 erat,
737 1931 936 1964 Mar-tinum
966 1931 1099 1974 primas
1135 1930 1303 1964 obtinere
1339 1930 1584 1977 omnibusque
1641 1951 1644 1956 ·

133 1975 329 2020 imperare,
354 1976 491 2022 quippe
518 1977 582 2022 qui
599 1977 737 2010 fraudis
765 1979 805 2011 in
832 1977 1006 2011 Gubazcn
1027 1981 1184 2011 structae
1210 1989 1285 2011 non
1317 1978 1467 2010 minima
1498 1988 1581 2022 pars

132 2021 271 2066 fuerat3
315 2028 474 2056 mentem
508 2028 630 2056 tamen
657 2035 756 2057 suam
789 2025 954 2068 tegebat,
990 2024 1255 2069 consiliumque
1291 2024 1499 2057 occultabat
1535 2023 1583 2056 ad

131 2072 284 2113 tempus,
308 2080 429 2115 nequa
480 2081 537 2104 am
563 2070 820 2104 concitandum
846 2077 908 2104 aut
933 2070 1199 2104 immutandum
1226 2071 1471 2115 principatum
1503 2081 1583 2104 esse

131 2119 252 2155 ratus,
275 2114 383 2149 rebus
398 2116 444 2150 ad
473 2129 518 2150 nc
539 2129 582 2151 eo
600 2118 671 2150 loci
694 2117 914 2164 perturbatis
929 2142 938 2158 ‚
967 2118 1160 2161 praecipue
1184 2128 1264 2150 cum
1288 2117 1462 2162 gratiosus
1482 2117 1582 2161 apud

130 2162 327 2195 exercitum
353 2169 448 2197 esset
471 2163 662 2205 Martinus,
698 2176 776 2197 cum
805 2164 852 2197 ob
886 2165 939 2197 rei
968 2164 1121 2197 bellicae
1153 2164 1343 2209 peritiam,
1374 2168 1451 2196 tum
1482 2163 1582 2209 quod

130 2213 332 2252 opportune
345 2210 485 2255 singula
502 2210 699 2248 ordinaret,
720 2211 824 2256 Quae
837 2211 984 2258 quidem
999 2222 1055 2243 res
1074 2211 1182 2244 saluti
1192 2211 1238 2251 ei,
1256 2215 1297 2243 ut
1313 2209 1479 2252 arbitror,
1495 2211 1577 2244 fuit:

129 2265 213 2287 nam
242 2255 407 2301 alioquin
433 2257 540 2290 etiam
564 2258 636 2302 ipsi
668 2269 750 2291 oum
775 2259 909 2291 loanne
942 2263 979 2291 et
1001 2259 1147 2291 Rustico
1177 2257 1404 2294 moriendum
1434 2257 1572 2290 fuisset.

128 2300 233 2334 Nunc
255 2312 345 2335 vero
365 2303 565 2337 reverentia
589 2305 743 2349 quadam
759 2306 991 2338 victoriarum
1009 2310 1046 2338 et
1063 2304 1290 2349 prudentiae,
1313 2305 1437 2350 quain
1452 2304 1578 2349 quovis

129 2345 342 2381 discrimine
371 2349 538 2384 adeundo
556 2351 738 2392 utebatur,
768 2350 813 2385 de
837 2363 975 2385 summo
1001 2352 1079 2385 iure
1100 2351 1270 2385 nonnihil
1288 2350 1493 2391 detrahens,
1524 2351 1579 2383 le-

128 2394 257 2440 gisque
275 2394 495 2440 rigiditatem
515 2399 834 2444 austeritatemque
853 2405 1058 2444 temperans
1077 2403 1186 2444 atque
1209 2398 1400 2438 edulcans,
1441 2398 1577 2430 crimen

130 2439 279 2485 quidem
297 2443 331 2475 ei
349 2443 708 2490 remisit‚‘imperare
730 2451 850 2478 autem
869 2457 941 2479 non
964 2446 1147 2490 permisit,
1173 2445 1236 2478 sed
1258 2446 1434 2489 privatam
1466 2444 1578 2477 vitam

128 2498 233 2532 agere
251 2488 366 2529 iussit,
391 2489 550 2523 sufficere
573 2497 684 2534 ratus,
702 2493 732 2525 si
756 2493 874 2537 ipsum
895 2493 1093 2538 ignominia
1110 2491 1264 2525 afficeret
1281 2517 1290 2533 ‚
1302 2493 1410 2525 etiam
1434 2491 1465 2523 si
1484 2490 1577 2522 tanti

127 2534 274 2567 sceleris
292 2535 473 2580 particeps
500 2537 641 2575 fuisset.
688 2538 780 2572 Cum
809 2540 934 2585 itaque
965 2540 1090 2573 Persae
1116 2539 1346 2586 quiscerent,
1384 2542 1570 2580 statusque

127 2591 246 2614 rerum
271 2581 429 2615 induciis
453 2588 547 2617 esset
573 2585 721 2626 similis,
768 2584 866 2620 hunc
890 2586 1038 2634 quidem
1072 2585 1269 2624 submovit,
1313 2584 1452 2616 Iustino
1475 2593 1573 2621 vero,

126 2627 323 2663 arctissima
359 2629 631 2675 propinquitate
658 2633 796 2676 generis
823 2633 894 2667 sibi
922 2634 1128 2673 coniuncto,
1164 2637 1199 2665 et
1230 2631 1396 2675 alioquin
1428 2629 1575 2662 maximi

126 2683 192 2717 per
211 2674 250 2707 id
268 2680 409 2720 tempus
429 2677 609 2718 nominis,
640 2678 851 2721 Byzantium
874 2679 920 2714 ad
944 2691 982 2714 se
1021 2684 1168 2715 evocato
1182 2704 1191 2719 ,
1223 2677 1430 2711 universum
1457 2675 1573 2720 impe-

129 2719 220 2755 rium
244 2720 400 2765 detulit,
445 2734 638 2772 rursusque
661 2724 707 2759 ad
732 2725 882 2763 Colchos
910 2727 1032 2770 misit,
1057 2725 1179 2764 omnia
1210 2724 1380 2770 deinceps
1409 2722 1573 2759 modera-
