1832 3152
598 150 972 195 msTomARUM
1011 153 1062 192 v.
1095 155 1159 199 19.
1305 157 1307 159 ·
1485 130 1596 202 319

153 257 345 298 τοιούτου
376 269 435 308 τε,
460 249 590 308 οἶμαι,
624 253 887 311 φρονήματος
922 255 1010 306 μετ’
1041 247 1267 304 εὖκοσμίας
1282 252 1702 305 ἕνεπᾴιπλαντο,ᾼ.(ἒ.
1723 258 1790 293 558

154 321 213 371 ὥς
245 322 446 375 ἐλάχιστα
479 319 675 374 μεγάλοις
709 319 902 372 εἰκάσαι,
954 316 1081 376 ὁποίῳ
1116 318 1167 372 δὴ
1200 318 1329 359 πάλαι
1363 317 1475 374 φασί
1500 315 1598 367 τούς
1609 306 1736 340 ¹·¹·3²

155 385 270 442 ἀμφὶ
295 387 517 429 Λεωνίδαν
540 386 903 438 Λακεδαιμονιους
941 386 986 427 ἐν
1012 382 1332 439 Θερμοπύλαις,
1379 381 1593 439 προσβάλ-
1603 388 1636 422 Ρ.
1652 385 1722 424 10oe

156 455 297 500 λοντος
329 446 407 507 ἤδη
435 454 513 493 τοῦ
541 450 724 507 Ξέρξου,
761 452 1179 506 ἐγκαλλωπίσασθαι.
1230 449 1322 491 ἀλλ’
1344 451 1491 491 ἐκεῖνοι
1524 450 1603 502 μὲν

130 518 422 575 ὅπανωλεθριᾲ
464 517 782 574 διεφθάρησαν,
824 514 940 575 μόνῳ
979 516 1110 571 τούτῳ
1155 511 1504 570 εὗὸοκιμήσαντες
1545 517 1604 573 τῷ

156 581 216 638 μή
244 584 421 638 ἀγεννῶς
450 583 707 636 ἀπολέσθαι,
747 581 853 624 ἀλλὰ
874 579 1051 630 πολλοὺς
1082 578 1284 636 πρότερον
1311 582 1394 622 τῶν
1422 581 1606 636 Περσῶν

135 646 497 700 .ἆποκτείναντες·
543 647 584 692 οἱ
617 651 664 692 δὲ
700 649 818 705 ἀμφὶ
847 646 1098 703 Βελισάριον
1145 646 1350 699 Ῥωμαῖοι
1393 643 1606 704 παρ’ῥησίᾳ

157 717 237 769 μὲν
259 717 445 772 ἐχρῶντο
467 717 707 772 Λακωνικῇ·
746 714 907 764 πάντας
937 713 984 756 δὲ
1006 712 1106 762 τούς
1137 709 1359 765 πολεμίους
1377 711 1605 767 ἐτρέψαντο

161 779 242 822 α’νά
265 780 429 836 κράτος,
469 780 543 823 καί
565 780 782 830 πλείστους
809 775 934 828 ὅσους
968 776 1291 832 διεχειρίσαντο,
1335 772 1459 818 οὐδὲν
1484 776 1608 817 αὐτοὶ

110 841 297 903 ιοᾶχαρι
319 845 423 903 πρὸς
455 843 596 888 αὗτῶν
617 842 666 899 ὅ,
695 862 738 887 τι
763 845 836 886 καί
863 842 988 899 λόγου
1021 839 1139 894 ἄξιον
1170 841 1431 891 πεπονθότες.
1461 839 1605 895 ἐπειδὴ

159 912 239 968 γὰρ
266 912 426 969 ἀθρόον
453 913 499 954 ἐκ
519 913 601 954 τοῦ
615 914 823 968 σφετέρου
853 910 1134 966 στρατοπέδου
1158 908 1195 950 οἱ
1215 908 1422 964 βάρβαροι
1449 907 1493 956 ές
1514 908 1608 948 δισ-

157 980 325 1032 χιλίους
368 977 544 1027 ἱππότας
593 973 909 1032 ἀποκεκριμένοι
946 973 1067 1016 ἔθεον
1109 972 1187 1016 σύν
1222 975 1322 1030 βοῇ,
1376 973 1436 1023 ὥς
1467 972 1608 1030 ῥᾷστα

159 1041 258 1092 mog
298 1043 510 1092 ἐναντίους
548 1041 909 1099 ἀναρπασόμενοι,
949 1039 1100 1082 αὐτίκα
1133 1037 1156 1079 ὅ
1184 1039 1446 1095 Βελισάριος,
1478 1036 1535 1087 ὡς
1569 1037 1610 1079 οἶ

161 1107 415 1151 κατάσκοποι
446 1103 545 1164 ἧκον
589 1105 894 1156 ἐπιδεικνύντες·
933 1103 1090 1155 αὐτούς
1133 1104 1372 1158 μονονουχί,
1403 1105 1476 1145 καί
1513 1100 1610 1145 ὅσον
1640 1141 1642 1143 .

114 1168 280 1220 ιὸοἶίπω
299 1175 561 1230 παρέσεσθαι
581 1172 812 1226 διεξιόντες,
840 1172 1028 1226 ἀντεξῆγε
1048 1168 1148 1219 τούς
1172 1167 1282 1226 ἀμφ’
1305 1169 1450 1223 αὐτὸν,
1478 1179 1635 1226 ampl-B

163 1238 336 1294 ζόμενος
361 1239 418 1289 ὥς
445 1236 534 1283 οἷόν
557 1255 602 1281 τε
628 1238 706 1295 τήν
744 1237 963 1293 ὀλιγότητα
995 1239 1067 1279 καί
1093 1234 1368 1292 ἐπικρύπτων.
1407 1231 1612 1286 ἀπολεξά-

161 1321 283 1360 μενος
309 1304 387 1361 γάρ
414 1305 655 1355 διακοσίους
670 1303 844 1354 ἱππότας
868 1303 1153 1359 πελτοφόρους
1175 1317 1222 1343 τε
1250 1299 1323 1342 καί
1349 1297 1608 1354 ἀκοντιστὰς,

162 1373 224 1422 εἷς
255 1372 429 1427 ἐνέδρας
461 1373 653 1427 ἐμέριζεν
692 1369 955 1427 ἑκατέρωθεν
995 1367 1078 1410 ὑπὸ
1113 1370 1165 1424 τῇ
1192 1365 1324 1424 νάπῃ,
1371 1363 1474 1408 ὅθεν
1509 1359 1613 1423 ᾤετο

164 1434 240 1492 τὴν
268 1435 502 1492 προσβολήν
537 1436 710 1479 ἔσεσθαι
738 1438 822 1478 τῶν
855 1432 1110 1491 βαρβάρων·
1137 1433 1458 1489 προειρημένον,
1494 1428 1613 1482 ὥστε,

113 1500 339 1544 augustodu
369 1502 512 1552 αὐτοῖς
531 1503 819 1557 ἐγκελεύσηται
843 1499 917 1542 καί
940 1501 1102 1557 σημήνῃ
1118 1532 1130 1551 ,
1167 1497 1264 1548 τούς
1293 1498 1339 1538 δὲ
1369 1495 1501 1546 εὐθὺς
1521 1498 1614 1537 ἐπι-

165 1568 259 1609 έναι
286 1564 573 1620 ιῖκοντίζοντας
595 1566 670 1624 τὴν
709 1568 905 1624 φάλαγγα
931 1568 1016 1608 τῶν
1035 1564 1269 1618 πολεμίων,
1298 1559 1408 1613 ὅπως
1445 1559 1498 1617 δὴ
1522 1577 1614 1602 πιε-

170 1636 319 1689 ζομένη
347 1633 650 1688 ὖποστέλλοιτο,
679 1628 709 1675 ἷί
708 1632 890 1690 χρηστόν
917 1647 962 1674 τε
992 1628 1136 1679 αὐτοῖς
1163 1629 1226 1672 ἔοι
1252 1628 1298 1671 τὸ
1332 1629 1503 1684 πλῆθος,
1530 1644 1613 1668 πα-

264 1743 291 1765 ι.
318 1729 494 1763 τοιούτου
522 1728 563 1764 δὲ
589 1730 628 1763 R.
761 1741 792 1763 2.
825 1727 945 1771 ὁποίῳ
970 1727 1032 1768 R„
1070 1725 1186 1759 ὄποῖα
1209 1724 1305 1770 vulg,
1418 1724 1462 1758 3.
1487 1730 1613 1766 προσ-

257 1776 461 1822 βάλλοντος
484 1778 545 1818 Β.,
568 1775 852 1822 προσβαλόντος
874 1775 968 1819 vulg.
1075 1772 1108 1816 4.
1130 1772 1278 1818 Χέρξου
1303 1775 1341 1804 et
1387 1771 1419 1805 5.
1443 1770 1611 1803 πανωλε-

262 1826 348 1868 τρίᾳ
366 1823 444 1869 sph.
471 1825 545 1857 Par.
621 1824 672 1857 15.
698 1821 907 1862 διεξιόντος
932 1818 1009 1866 sph.
1038 1821 1111 1853 Par.
1212 1819 1262 1854 18.
1287 1818 1341 1855 εἰς
1360 1816 1554 1863 ἐνέργειαν
1571 1817 1612 1850 R.

260 1865 335 1904 ὑπὸ
362 1873 404 1916 τῇ
430 1871 484 1912 R„
508 1870 572 1904 ἐπὶ
596 1870 637 1915 τῇ
660 1870 753 1915 vulg.
866 1880 921 1903 20.
947 1865 1076 1904 αὐτοῖς
1101 1867 1138 1899 R.
1153 1891 1164 1907 ‚
1190 1861 1306 1902 αὐτὸς
1329 1863 1424 1910 vulg.

172 1971 311 1994 morum
338 1959 549 1993 strenuitate
571 1958 705 2004 pariter
738 1962 775 1992 et
811 1956 990 1990 modestia
1021 1960 1126 1990 erant
1161 1953 1334 2000 praediti,
1369 1957 1430 1994 (ut
1463 1953 1612 1987 minima
1651 1957 1653 1961 '

173 2017 417 2052 comparemus
434 2006 602 2051 magnis‚)
629 2005 753 2051 quales
773 2005 862 2038 olim
876 2005 939 2050 qui
963 2004 1055 2037 circa
1080 2001 1279 2035 Leonidam
1303 2006 1406 2034 erant
1432 2000 1613 2034 Lacedae-

171 2053 287 2086 monii
314 2053 424 2086 fuisse
441 2057 744 2091 commemorant,
777 2062 857 2084 cum
884 2050 930 2083 ad,
958 2049 1217 2094 Thermopylas
1244 2048 1378 2081 Xerxes
1404 2047 1457 2080 eis
1492 2048 1612 2080 immi-

172 2105 288 2136 neret.
335 2099 405 2133 Sed
432 2099 488 2132 illi
513 2099 660 2145 quidem
686 2099 730 2132 ad
750 2098 1035 2131 internecionem
1061 2107 1183 2129 omnes
1213 2094 1308 2127 caesi
1339 2099 1443 2133 sunt,
1469 2105 1512 2127 eo
1532 2095 1610 2127 solo

173 2146 356 2186 celebres,
382 2145 479 2192 quod
498 2157 571 2182 non
595 2145 748 2190 turpiter
769 2145 974 2189 periissent,
999 2142 1063 2176 sed
1086 2142 1209 2175 multis
1231 2147 1336 2174 antea
1355 2141 1469 2174 Persis
1498 2141 1613 2174 inter-

174 2193 292 2229 sectis.
338 2191 413 2238 Qui
434 2202 516 2224 vero
539 2193 712 2226 Belisario
736 2191 886 2224 aderant
904 2190 1072 2230 Romani,
1098 2189 1248 2221 audacia
1273 2187 1421 2233 quidem
1445 2188 1500 2220 usi
1527 2192 1613 2220 sunt

174 2239 372 2280 Laconica,
394 2240 578 2272 universos
598 2245 719 2272 autem
739 2238 862 2271 hostes
883 2237 1026 2271 sortiter
1051 2237 1238 2281 fugarunt,
1265 2240 1306 2279 et*
1324 2234 1609 2280 quamplurimos

175 2297 299 2319 eorum
331 2285 579 2325 trucidarunt,
607 2286 675 2330 ipsi
708 2285 809 2318 nullo
838 2285 1009 2330 singulari
1035 2281 1262 2316 incommodo
1298 2280 1344 2313 ab
1376 2282 1451 2314 illis
1479 2280 1610 2315 affecti.

176 2333 266 2366 Cum
301 2332 396 2366 enim
423 2343 467 2364 ex
491 2331 651 2365 barbaris
675 2330 746 2364 duo
776 2332 938 2378 equitum
963 2330 1076 2364 millia
1105 2341 1124 2361 a
1147 2329 1288 2373 reliquo
1319 2329 1478 2361 exercitu
1503 2337 1612 2372 sepa-

176 2385 254 2412 rata
278 2378 468 2412 confestim
491 2389 574 2411 cum
607 2378 761 2411 clamore
783 2382 1045 2423 procurrerent,
1069 2376 1183 2409 veluti
1201 2374 1373 2408 facillime
1400 2374 1521 2408 hostes
1541 2373 1608 2406 de-

175 2426 306 2466 leturi,
340 2430 377 2458 et
405 2425 644 2469 speculatores
679 2425 724 2458 ad
756 2425 968 2458 Belisarium
998 2423 1182 2456 venissent
1212 2433 1272 2454 eos
1309 2420 1535 2460 indicantes,
1571 2425 1610 2453 et

175 2473 321 2505 iamiam
349 2470 535 2505 adfuturos
562 2471 745 2512 dicentes,
770 2482 848 2504 suas
866 2476 990 2504 contra
1015 2470 1136 2514 copias
1155 2468 1272 2508 duxit,
1297 2468 1466 2500 simulans
1490 2477 1606 2510 quan·-

175 2523 253 2552 tum
273 2518 351 2551 fieri
370 2523 514 2562 poterat
539 2519 756 2563 paucitatem
776 2523 883 2564 atque
915 2518 1108 2550 occultans.
1158 2516 1317 2548 Selectos
1344 2515 1440 2546 enim
1466 2512 1607 2557 equites

175 2565 349 2600 ducentos
365 2569 522 2598 scutatos
542 2569 579 2597 et
602 2565 814 2598 iaculatores
835 2566 871 2598 in
890 2565 979 2597 silva
999 2564 1182 2608 utrimque
1216 2563 1254 2595 in
1277 2559 1420 2593 insidiis
1450 2560 1609 2592 colloca-

174 2611 248 2653 vit,
298 2622 343 2644 ua
369 2610 648 2656 partebarbaros
679 2612 852 2655 impetum
879 2611 1034 2644 facturos
1058 2608 1233 2654 putabat,
1269 2606 1534 2651 praemonito-3,
1566 2610 1608 2639 ut

176 2659 268 2692 simu
305 2664 414 2704 atque
438 2659 516 2702 ipse
542 2658 642 2702 signo
669 2657 753 2704 dato
778 2657 1002 2697 mandasset,
1029 2655 1217 2689 confestim
1250 2653 1288 2685 in
1312 2652 1444 2686 hostile
1482 2663 1606 2697 agmen

178 2705 373 2738 iaculantes
402 2710 638 2749 proruerent,
662 2709 703 2737 ut
724 2703 893 2737 nimirum
931 2703 1128 2736 iaculorum
1154 2701 1189 2733 vi
1219 2701 1331 2743 pressi
1348 2700 1387 2732 in
1416 2704 1551 2732 arctum
1569 2710 1606 2732 se

178 2751 450 2794 contraherent,
476 2758 511 2786 et
535 2750 730 2785 multitudo
752 2750 839 2796 ipsis
861 2751 1003 2784 inutilis
1027 2748 1236 2783 redderetur
1250 2771 1260 2788 ,
1284 2757 1402 2792 neque
1422 2745 1542 2781 laxare
1565 2757 1605 2780 ac
