1794 3112
308 130 408 196 1'40
866 150 1139 196 AGATmAE

107 258 145 291 A
164 257 201 290 c
223 259 287 302 554
302 246 463 287 §zelam
499 241 551 286 οἷν
552 246 661 300 ἄγων
692 247 956 306 ἄβελτηριαν,
993 254 1065 295 καί
1096 257 1217 296 πλέον
1251 257 1434 299 ἐπεκάλει
1462 261 1525 316 τῷ
1549 261 1703 317 Baiana,

150 303 189 348 .·¹
203 304 227 336 ¹·
241 307 282 337 2⁸
296 311 367 350 καί
390 313 481 362 μετ’
505 311 658 352 ἐκεῖνον
681 314 886 371 ΙΙΙαρτίνω
910 316 982 357 καί
1008 316 1246 360 “Ρουστίκω.
1273 317 1406 394 ωοὗτος
1432 324 1477 365 δὲ
1512 322 1706 366 εΡούστι-

295 389 362 420 κος
382 389 434 428 ην
459 375 536 425 μὲν
562 371 903 431 Ελληνογαλάτης
935 378 982 420 τὸ
1005 383 1140 434 γένος,
1181 385 1317 454 παρῆν
1345 387 1391 427 δὲ
1431 385 1579 429 αυτόσε
1625 385 1707 441 οὔχ

294 434 400 478 ω’στε
427 438 652 517 στρατηγὸς
686 435 712 494 ἢ
735 441 954 497 ταξίαρχος
975 440 1001 499 ἢ
1023 441 1120 486 αλλο
1151 463 1190 487 τι
1214 445 1318 488 εἰναι
1336 465 1416 491 των
1439 449 1704 507 παρατάξεων

291 503 440 557 μέρος,
482 504 634 554 ταμίας
663 505 708 545 δὲ
737 504 863 556 μόιον
899 510 978 549 τῶν
1010 510 1210 561 βασιλέως
1238 514 1489 566 χρημάτων,
1537 531 1584 556 ου
1617 515 1728 570 μῆνᾶ

292 569 375 608 τῶν
405 568 452 608 ἑκ
475 569 546 620 τῆς
577 569 862 624 ὃασμοφορίας
879 573 1198 651 ‹Epamgopcs'vwm
1229 570 1355 632 (ἄλλο)
1387 577 1466 633 γάρ
1494 595 1551 635 τω
1574 581 1706 620 ταῦτα

291 631 564 686 ἐπετέτραπτο
579 634 611 687 ,)
638 629 689 672 α)
692 631 741 673 λα
775 636 856 675 τῶν
875 632 953 677 ὅσα
985 639 1031 678 ἐκ
1065 639 1147 678 τῶν
1173 641 1392 690 βασιλείων
1418 644 1643 697 θησαυρῶν
1665 644 1709 684 ἐ-

293 695 516 750 πεπόμφει,
555 697 624 750 ἐῳ’
643 714 673 737 ω
702 695 798 746 τούς
820 695 1106 754 ἀριστεύοντας
1131 718 1177 750 ει]
1195 708 1284 751 ταῖς
1309 702 1463 756 μάχαις
1483 703 1534 746 τὰ
1557 705 1710 760 προσή-

179 762 273 803 Ρ.7ίι
291 774 412 800 κοντα
441 758 682 810 κοαιζεσθαι
709 763 824 816 γέρα.
871 765 1061 806 ἐντεῦθέν
1090 781 1134 806 τε
1165 781 1238 806 ουκ
1269 781 1426 820 ασημος
1453 763 1506 822 ἦν
1534 767 1559 808 ὅ
1589 766 1708 844 ἀνήρ,

291 821 394 863 ἀλλὰ
423 824 497 863 καί
517 822 609 865 λίαν
633 826 714 866 τῶν
745 827 1064 882 δυνατωτάτων,
1094 846 1150 878 ως
1175 847 1242 871 και
1270 829 1463 880 κοινωνὸς
1489 828 1595 874 εἶναι
1625 849 1759 874 τωνιω

291 883 559 941 ἀπορρήτων,
602 890 752 941 βέβαια
778 906 821 931 τε
858 890 949 933 τότε
986 895 1118 936 δοκεῖν
1157 893 1229 935 καί
1264 892 1479 951 πιστότερα
1509 913 1560 937 τα
1593 895 1706 950 παρὰ

291 952 373 992 τῶν
396 950 610 1026 ἀρχόντων
631 953 804 1007 ἅναγγε)
807 954 981 1009 λόμενα,
1007 957 1127 1011 ἡνίκα
1149 954 1200 1000 ἂν
1218 960 1370 1000 ἐκεῖνον
1396 959 1563 1016 ἀρέσκῃ.
1602 961 1708 1003 Ἰου-

291 1014 500 1064 στινιανὸς
521 1018 566 1058 δὲ
591 1013 671 1071 ηὸη
700 1020 770 1060 καί
801 1018 995 1076 πρότερον
1015 1021 1276 1074 χαλεπαίνων
1299 1023 1355 1078 τῶ
1380 1025 1544 1080 Βέσσᾳ,
1573 1039 1635 1065 οτι
1659 1023 1708 1078 δὴ

290 1083 462 1134 Πέτρας
491 1077 597 1121 ελών
629 1080 676 1123 τὸ
718 1083 931 1139 φρούριον,
958 1101 1054 1140 πριν
1081 1082 1310 1142 ἀφικέσθαι
1343 1085 1412 1129 τὸν
1441 1089 1709 1143 Μερμερόην,
1776 1136 1778 1139 .

291 1145 386 1186 δέον
411 1140 539 1185 αὐτὸν
566 1144 641 1194 τὰς
672 1147 715 1197 ἐξ
741 1147 920 1203 Ἰβηρίας
941 1147 1127 1199 εἰσόδους
1154 1149 1443 1205 καρτερώτατα
1464 1150 1759 1206 διαφράξαι,ι5

290 1209 659 1264 συλλαμβανούσης
676 1211 787 1252 αύτῶ
803 1214 874 1266 τῆς
892 1214 1056 1268 φύσεως
1078 1215 1160 1256 τῶν
1175 1216 1356 1270 χωρίων,
1375 1215 1504 1272 ταύτῃ
1517 1231 1560 1256 τε
1574 1213 1709 1268 αβατα

289 1278 373 1320 τοῖς
393 1272 623 1328 βαρβάροις
645 1292 697 1316 τα
726 1275 953 1331 Λαζικῆς’
937 1274 1031 1331 όρια
1063 1280 1332 1332 καταστῆσαι,
1373 1295 1394 1320 ο
1415 1280 1461 1320 δὲ
1486 1281 1607 1321 τοῦτο
1634 1295 1709 1332 με-

290 1338 415 1391 θῆκεν
438 1335 516 1377 υπὸ
545 1337 777 1394 ῥαστώνης,
808 1336 1096 1395 ἀργυρολογῶν
1127 1342 1172 1382 δὲ
1199 1343 1447 1396 περιενόστει
1477 1341 1551 1392 τοὶς
1573 1343 1709 1392 πόλεις

290 1399 367 1450 τὰς
391 1401 462 1441 υπ’
488 1398 598 1458 αύτῷ
620 1406 880 1456 τεταγμένας.
927 1406 1061 1446 ἐκεῖνα
1095 1404 1145 1460 δὴ
1180 1400 1252 1447 οὖν
1277 1421 1297 1446 ο
1331 1406 1526 1460 βασιλεύς
1552 1423 1709 1461 μεμνη-

253 1479 280 1510 Β
289 1481 432 1518 μειος,
461 1465 602 1520 επειὸἡ
631 1467 704 1508 καί
727 1470 860 1510 ταῦτα
882 1470 1104 1521 επέπυστο,
1133 1469 1282 1511 αὐτίκα
1309 1470 1509 1512 ἐπείθετο·
1537 1470 1608 1512 καί
1621 1469 1760 1513 τοί-2ο

290 1546 365 1572 νυν
395 1529 640 1585 παραλύσας
668 1530 738 1572 τὸν
763 1534 930 1575 Βέσσαν
959 1535 1030 1588 τῆς
1059 1530 1215 1589 ἀρχῆς,
1264 1535 1335 1576 καί
1361 1534 1463 1590 πρός
1486 1551 1531 1589 γε
1555 1534 1707 1591 ἀφελό-

288 1609 410 1647 μενος
426 1593 552 1636 αὐτὸν
569 1613 617 1636 τα
631 1596 772 1649 οἰκεῖα,
798 1598 840 1646 ἐς
854 1595 1084 1651 Ἀβασγούς
1100 1600 1339 1652 εξέπεμψεν,
1359 1601 1486 1640 ἐκεῖσε
1503 1602 1707 1653 μενοῦντα

381 1661 412 1694 6.
437 1659 553 1696 ἄλλως
574 1660 646 1704 γάρ
672 1671 711 1695 τε
734 1664 772 1696 Β.
890 1663 1004 1696 ταῦτα
1027 1663 1271 1716 ἐπετέτραπτο
1297 1665 1348 1706 R„
1373 1664 1532 1711 ἐπετετρ.
1559 1677 1590 1699 τ.
1613 1667 1704 1711 vulg.

387 1717 438 1740 ιο.
461 1699 592 1742 κοινὸς
614 1709 652 1742 R
643 1732 673 1748 ,
701 1709 763 1741 sed
789 1709 827 1741 in
851 1720 916 1753 mg.
941 1702 1131 1746 κοινωνὸς.

291 1774 438 1818 quidem
458 1775 647 1819 praecipue
672 1777 811 1808 Bessam
834 1777 1036 1817 incusabat,
1076 1783 1156 1821 post
1187 1776 1282 1810 hunc
1300 1777 1492 1811 Martinum
1522 1782 1558 1810 et
1585 1777 1704 1810 Rusti—

292 1831 381 1852 cum.
429 1820 512 1853 Erat
530 1831 611 1853 vcro
632 1823 794 1854 Rusticus
814 1833 941 1866 genere
959 1822 1225 1866 Graecogallus,
1249 1823 1373 1867 ibique
1395 1835 1467 1856 non
1487 1822 1704 1866 praefectum

290 1871 354 1898 aut
378 1865 562 1899 tribunum
590 1867 732 1911 agebat,
762 1878 880 1912 neque
915 1868 989 1900 ullo
1019 1869 1165 1901 militari
1191 1879 1338 1902 munere
1374 1868 1606 1913 fungebatur,
1643 1868 1706 1901 sed

291 1917 429 1945 tantum
447 1913 619 1956 pecuniae
636 1914 751 1957 regiae
775 1919 940 1957 quaestor
963 1919 1058 1953 erat,
1082 1925 1153 1946 non
1174 1914 1318 1958 quidem
1339 1915 1428 1954 eius,
1449 1925 1538 1958 quae
1556 1925 1576 1946 e
1589 1914 1706 1946 tribn-

291 1956 338 1990 tis
357 1957 585 2001 vectigalibus
605 1959 805 2002 cogebatur,
823 1959 944 1994 (alteri
970 1960 1066 1992 enim
1082 1960 1235 2013 cuipiam
1251 1961 1313 1992 illa
1330 1960 1511 1992 commissa
1527 1958 1630 2004 erat,)
1643 1959 1707 1992 sed

295 2004 384 2042 cius,
398 2014 488 2047 quae
514 2015 534 2036 e
553 2003 728 2037 thesauris
747 2005 852 2048 regiis
869 2005 1100 2045 mittebatur,
1124 2010 1163 2037 ut
1179 2006 1217 2045 ii,
1236 2017 1385 2049 quorum
1410 2007 1449 2038 in
1469 2005 1618 2049 proeliis
1632 2007 1705 2038 vir-

294 2054 351 2081 tus
375 2055 411 2081 et
434 2048 607 2082 fortitudo
637 2050 849 2090 emicuisset,
877 2051 1013 2083 meritis
1041 2051 1222 2094 praemiis
1239 2051 1464 2084 donarentur.
1531 2050 1705 2095 Quocirca

295 2095 442 2127 minime
459 2095 628 2128 obscurus
660 2101 736 2128 erat
755 2094 816 2128 hic
837 2096 908 2136 vir,
932 2096 994 2128 sed
1021 2097 1115 2129 inter
1137 2107 1197 2129 eos
1227 2108 1377 2140 quorum
1406 2097 1596 2130 auctoritas
1619 2097 1703 2140 plu-

297 2141 425 2173 rimum
446 2141 592 2181 valeret,
615 2140 775 2184 habitus3
799 2141 887 2174 adeo
910 2147 950 2174 ut
971 2142 1078 2174 etiam
1099 2153 1225 2174 arcana
1245 2143 1396 2175 maxime
1421 2143 1455 2175 ei
1469 2143 1704 2174 communica-

298 2191 440 2226 rentm,
463 2187 735 2232 principumque
764 2187 926 2220 mandata
954 2192 1028 2219 tum
1051 2187 1191 2220 demum
1216 2189 1311 2220 firma
1345 2187 1577 2232 fidelioraque
1601 2187 1703 2220 vide-

294 2237 434 2272 rentur,
469 2243 547 2264 cum
573 2232 657 2265 huic
677 2233 904 2276 placuissent.
962 2233 1179 2266 lastinianus
1210 2243 1292 2266 vero
1325 2235 1431 2266 etiam
1458 2239 1560 2266 antea
1580 2233 1703 2265 Bessae

293 2283 370 2310 erat
391 2277 568 2320 infensus3
594 2279 690 2323 quod
714 2280 835 2311 Petrae
855 2279 1120 2323 propugnaculo
1138 2284 1241 2322 capto
1258 2304 1266 2318 ,
1300 2285 1383 2312 ante
1410 2279 1617 2311 Mermerois
1637 2277 1701 2310 ad-

292 2328 460 2363 ventum,
505 2334 583 2356 cum
618 2324 833 2368 oportuisset
872 2335 952 2357 eum
989 2335 1109 2357 omnes
1138 2335 1180 2356 ex
1215 2325 1333 2357 Iberia
1365 2325 1481 2358 aditus
1510 2325 1700 2357 fortissime

293 2368 502 2408 obstruere,
529 2370 672 2402 iuvante
690 2371 804 2414 ipsum
829 2374 954 2402 natura
983 2369 1159 2409 locorum,
1188 2370 1392 2424 efficereque
1414 2375 1454 2403 ut
1477 2381 1517 2403 ea
1539 2381 1582 2403 ex
1602 2374 1701 2412 parte

293 2413 436 2447 Lazicos
464 2393 603 2447 rn’ontes
634 2415 794 2448 barbaris
834 2415 1096 2448 inaccessibiles
1126 2415 1312 2448 redderet·
1353 2417 1430 2460 ipse
1454 2426 1535 2449 vem
1561 2413 1598 2446 id
1618 2425 1702 2456 prae

291 2459 456 2493 vecordia
478 2461 699 2504 neglexerat,
724 2460 885 2501 urbibus,
918 2472 1008 2505 quae
1039 2462 1107 2506 ipsi
1141 2461 1294 2494 creditae
1315 2467 1426 2502 erant,
1451 2458 1640 2499 obeundis,
1666 2465 1702 2492 et

293 2506 466 2549 pecuniae
491 2517 534 2539 ex
559 2506 602 2539 iis
626 2506 860 2551 corrogandae
884 2507 1054 2541 intentus.
1102 2507 1167 2539 Illa
1197 2508 1319 2551 itaque
1339 2507 1378 2540 in
1407 2507 1562 2539 animum
1599 2515 1700 2538 revo-

294 2562 376 2584 cans
397 2552 610 2595 Imperator,
635 2564 713 2585 cum
746 2558 782 2585 et
813 2552 901 2585 haec
928 2552 972 2585 de
1013 2564 1054 2586 eo
1077 2551 1317 2592 adferrentur,
1349 2553 1454 2586 facile
1479 2555 1531 2584 est
1556 2562 1700 2594 persua-

295 2608 361 2629 sus.
421 2596 598 2641 Quocirca
629 2598 814 2631 confestim
844 2599 983 2630 Bessam
1016 2604 1283 2638 exautoratunr‚
1322 2609 1362 2631 ac
1382 2602 1562 2642 praeterea
1595 2596 1700 2629 bonis

295 2644 366 2675 suis
393 2647 538 2675 exutum
566 2645 604 2676 in
628 2643 780 2677 Abascos
805 2644 990 2686 relegavit,
1023 2645 1099 2676 illic
1127 2655 1327 2677 mansurum
1358 2644 1470 2677 donec
1493 2641 1591 2674 aliud
1614 2641 1702 2685 quid

296 2687 339 2719 «lc
369 2699 409 2721 co
431 2693 651 2724 statueretur.
701 2689 853 2724 Martino
875 2699 967 2730 vero,
994 2689 1215 2734 quantumvis
1237 2691 1383 2734 graviter
1402 2688 1574 2728 infensus,
1598 2697 1700 2734 prac-
