1832 3152
546 127 922 173 HISTORIARUM
961 132 1030 174 lv.
1062 130 1129 175 18.
1485 106 1593 176 245

156 235 360 287 ξυνείχετο
393 230 471 288 γάρ
500 231 573 274 καί
598 229 641 283 ὃς
661 234 719 290 τῷ
745 233 861 292 ὕπνῳ
887 232 961 276 καὶ
977 231 1242 288 ἔκαρηβάρει·
1280 229 1353 273 καὶ
1377 223 1494 272 οὔπω
1519 225 1640 284 δῆ-Α-
1659 225 1699 260 C·
1725 224 1796 261 556

154 304 223 350 λος
254 293 306 355 ἦν
342 294 435 340 ὅποι
462 296 659 354 χωρήσει,
695 297 982 351 ἑπινυστάζων
1013 296 1134 352 θαμὰ
1162 295 1235 339 καί
1255 274 1637 350 οἷναπαλλὸμενος.Ῑ·
1649 274 1674 307 1·
1691 275 1736 310 3⁰

151 381 198 407 ⁸⁹
234 379 368 422 τουτ’ἶ)
403 365 449 406 δὲ
487 363 689 413 Λδθνῒῑθς
724 364 744 406 ὅ
784 368 904 420 Δαβρ
910 367 1057 420 αγέζου
1097 362 1201 420 ὑπὲρ
1244 360 1448 416 τέλματός
1483 375 1597 410 τινος

1506 424 1576 441 't'

152 405 382 486 ὄλισθὴσάς
410 433 663 472 καταπίπτει
700 430 861 486 ἀθρόον
898 447 966 472 και
998 430 1270 485 ὗποφέρεται,
1298 444 1367 469 και
1393 443 1599 503 ’περιρρη-

123 503 272 551 5γνυσι
292 494 369 550 τήν
395 491 566 537 ἆσπίδα.
597 495 786 550 πατάγου
810 497 857 537 δὲ
880 493 1018 551 ὥσπερ
1043 492 1152 543 εικὸς
1169 493 1352 549 μεγάλου
1382 488 1596 548 ἀρθέντος,

149 560 354 618 ἀνέθορον
379 557 558 610 ἅπαντες
591 560 630 603 οἱ
651 561 830 617 φρουροί
857 562 1141 616 διεπτοημένοι
1187 561 1260 602 καί
1289 559 1396 615 ὑπὲρ
1422 559 1498 614 τῆς
1524 557 1629 599 eii-B

147 628 224 682 νῆς
244 623 390 683 ἥμενοι
404 660 418 681 ,
446 626 500 669 τά
528 643 574 669 τε
600 626 698 684 ξίφη
724 627 983 681 ἐσπάσαντο,
1021 624 1094 667 καί
1113 625 1393 667 κατεσκόπουν
1412 622 1598 665 ἁπαντα-

145 693 230 771 χοῦ
264 690 363 743 τούς
401 693 586 747 αὐχένας
626 694 944 749 περιδινοῦντες·
986 690 1241 747 συμβάλλειν
1275 691 1323 731 δὲ
1356 688 1434 730 οὐκ
1469 685 1596 741 εἶχον,

149 754 217 799 ότι
235 759 332 800 ποτέ
355 759 444 800 ἐστι
467 757 512 800 τὸ
525 760 805 814 γεγενημένον·
847 759 906 816 τῶ
928 774 974 800 τε
996 757 1072 815 γάρ
1096 774 1199 814 πυρι
1226 751 1595 810 καταυγαζόμενοι,

100 822 250 872 ιοτοὺς
273 826 319 866 ἐν
342 825 401 881 τῷ
422 823 556 882 σκότει»
580 821 762 873 ἑστῶτας
786 825 934 881 διορᾶν
964 839 1040 865 ουκ
1070 822 1308 879 ἠδύναντο,
1346 836 1416 862 και
1445 818 1466 862 ὃ
1495 818 1593 860 κτύ-

146 905 223 938 πος
252 886 394 938 αὐτοῖς
422 890 678 932 καθεύδουσι
694 888 956 946 προσπεσών,
984 888 1034 931 οὖ
1057 889 1174 943 μάλα
1198 885 1375 943 ἐναργὴς
1399 881 1464 942 ἦν,
1494 885 1592 926 οὐδὲ

146 954 470 1010 αποκεκριμένος
483 989 496 1008 ,
525 955 623 997 ουδὲ
648 954 792 1004 ὄποῖος
815 951 922 996 ὅπλα
945 955 1250 1010 παραδηλῶσαι
1275 953 1590 1005 κατενεχθέντα·

146 1016 188 1060 οἱ
219 1020 267 1062 δὲ
297 1016 508 1073 εΡωμαῖοι
537 1020 582 1068 ἐς
616 1018 662 1062 τὸ
689 1016 857 1076 ἀκριβὲς
883 1021 1035 1062 ἕκαστα
1070 1020 1340 1061 κατεθεῶντο.
1380 1015 1591 1073 τοιγάρτοι

143 1083 192 1127 τὸ
221 1084 410 1139 βάδισμα
437 1084 690 1140 ἐπισχόντες,
720 1086 880 1141 ἀτρέμα
917 1083 1074 1138 ἔμενον,
1103 1079 1243 1140 ὥσπερ
1272 1085 1324 1139 τῇ
1349 1083 1402 1139 γῇ
1428 1081 1592 1139 ἐνερῥι-

97 1153 348 1205 ι5ζωμένοι,
374 1153 449 1194 καί
477 1145 574 1194 οὔτε
598 1152 741 1208 φωνῆς
761 1145 867 1206 ἦχος
889 1150 1186 1206 ἒψιθυρίζετο,
1213 1143 1311 1190 οὔτε
1338 1146 1438 1199 τούς
1456 1145 1588 1197 πόδας

142 1214 324 1273 μετρίως
351 1219 451 1272 γοῦν
482 1219 744 1271 μετεκίνουν,
784 1213 877 1258 ἀλλ’
903 1212 1038 1265 οὕτως
1067 1210 1204 1271 ὥσπερ
1238 1210 1354 1268 εἶχον
1387 1221 1628 1269 προσεπεν-(Σ

142 1279 346 1336 πῆγεσαν,
386 1282 470 1324 εἴτε
503 1283 632 1340 πέτρᾳ
657 1278 767 1340 ὀξείᾳ
791 1279 943 1335 τυχὸν,
983 1279 1065 1322 εἴτε
1086 1280 1236 1337 θάμνῳ
1259 1278 1346 1321 τινὶ
1364 1276 1590 1333 ἐτύγχανον

142 1346 441 1402 ἐπιβεβηκότες.
469 1347 510 1390 εἰ
535 1345 614 1403 γὰρ
647 1345 706 1402 μὴ
741 1342 869 1396 οὕτως
895 1347 1089 1399 ἐποίουν,
1118 1343 1195 1386 καί
1223 1360 1286 1393 τις
1319 1345 1590 1400 ξυναίσθησις

140 1414 222 1454 τοῦ
246 1414 464 1467 δρωμένου
494 1419 582 1462 τοῖς
609 1410 747 1468 φύλαξ
749 1428 788 1453 ιν
815 1409 1017 1466 ἐγεγόνει,
1044 1411 1208 1460 πάντως
1232 1405 1286 1453 ἂν
1316 1410 1473 1466 πέτραν
1494 1408 1588 1451 τινὰ

92 1475 329 1533 ,ομεγάλην
369 1477 620 1533 ἐπαφιέντες
648 1476 755 1520 κατὰ
781 1479 859 1519 τοῦ
891 1479 1078 1533 πρανοῦς
1112 1474 1339 1528 ἐξεκύλιον,
1368 1475 1425 1525 ὥς
1454 1472 1588 1517 ἅπαν,-

143 1559 218 1593 τας
236 1543 459 1599 ἐπιτρίψαι
487 1557 587 1591 τους
610 1542 927 1598 επερχομὲνους.
969 1544 1028 1600 τῷ
1048 1557 1114 1583 τοι
1151 1537 1237 1598 ἄρα
1267 1541 1417 1583 ἐκεῖνοι
1456 1535 1586 1582 άναυ-

241 1658 270 1680 ι.
296 1646 360 1678 καὶ
388 1655 467 1690 γαρ
494 1644 682 1722 ξυνείχετο
705 1641 796 1685 &R
911 1655 944 1676 2.
970 1639 1095 1689 δπηΒ
1217 1645 1249 1679 6.
1277 1639 1520 1687 διεπτόμενοι
1545 1641 1582 1673 R.

235 1694 269 1726 8·
295 1685 386 1729 τοὺς
409 1693 472 1732 R„
495 1685 564 1727 τὰς
586 1691 680 1748 vulg.
791 1669 826 1737 9.
853 1691 1128 1740 γεγεννημένον
1150 1689 1189 1725 R
1288 1691 1339 1724 ιθ.
1366 1688 1493 1736 ὥσπερ
1519 1689 1554 1720 R.
1573 1712 1582 1728 ,

237 1737 341 1777 ὅπως
361 1735 704 1784 vulg-18.01‘Jw›
727 1736 766 1772 R.

142 1835 398 1878 praegravato,
437 1841 557 1877 neque
580 1830 699 1864 adhuc
725 1832 812 1865 satis
852 1831 1060 1877 apparebat,
1090 1841 1247 1886 quonam
1275 1840 1439 1864 evasurus
1463 1831 1580 1867 esset,

143 1883 277 1912 nutans
303 1878 515 1924 frequenter
537 1880 666 1923 capite,
691 1889 884 1923 rursusque
907 1879 947 1912 id
972 1879 1191 1913 succutiens,
1240 1879 1382 1911 Interea
1406 1876 1579 1909 Leontius

141 1924 339 1970 Dabragesi
364 1925 474 1962 filius.
498 1923 544 1957 ad
568 1936 719 1958 coenum
746 1924 927 1970 quoddam
951 1925 1130 1958 lubricum
1154 1925 1286 1969 lapsus,
1319 1929 1396 1957 toto
1432 1931 1579 1966 corpore
1639 1957 1643 1961 ,

144 1971 304 2015 procidit
327 1976 364 2004 et
390 1971 557 2005 deorsum
582 1976 639 2004 est
667 1970 834 2012 delatus,
870 1973 1050 2017 simulque
1077 1977 1218 2004 scutum
1252 1970 1420 2015 diffregit.
1470 1967 1578 2002 Soni-

145 2022 187 2050 tu
208 2028 306 2060 vero,
329 2018 385 2051 uti
402 2027 469 2063 par
488 2023 555 2058 est,
588 2018 729 2062 ingenti
763 2019 938 2060 excitato,
974 2018 1200 2054 excubitores
1237 2029 1359 2051 omnes
1396 2014 1580 2061 perterriti

142 2064 398 2113 prosilierunt,
428 2064 622 2111 stratisque
646 2064 860 2104 insidentes,
888 2070 924 2098 et
948 2076 1050 2099 enses
1083 2064 1317 2109 stringebant,
1349 2070 1386 2097 et
1417 2063 1509 2095 colla
1538 2063 1578 2094 in

143 2121 286 2144 omnem
308 2116 447 2156 partem
471 2117 653 2144 versantes
681 2112 951 2156 despiciebant;
980 2123 1100 2157 neque
1123 2117 1240 2144 tamen
1267 2111 1446 2143 coniicere
1469 2114 1576 2154 pote—

142 2162 233 2199 rant,
261 2157 356 2203 quid
378 2158 433 2192 rei
466 2163 573 2195 esset.
620 2157 712 2191 Nam
746 2163 788 2190 ut
817 2158 988 2202 splendor
1013 2158 1106 2202 iguis
1141 2158 1302 2200 ipsorum
1336 2157 1457 2190 oculos
1493 2166 1576 2199 per-

141 2203 360 2245 strinxerat,
387 2205 427 2238 in
450 2204 610 2238 tenebris
634 2206 848 2239 constitutos
874 2215 1019 2237 cernere
1044 2215 1118 2237 non
1141 2209 1310 2248 poterant
1326 2229 1336 2244 ‚
1373 2208 1409 2236 et
1431 2202 1571 2235 sonitus

140 2250 230 2294 ipsis
266 2249 528 2284 dormientibus
554 2251 709 2295 allapsus
742 2262 816 2284 non
850 2250 1043 2284 admodum
1077 2251 1290 2283 manifestus
1333 2255 1426 2290 erat,
1453 2260 1573 2294 neque

141 2297 353 2338 distinctus,
375 2309 494 2343 neque
519 2297 583 2344 qui
607 2309 785 2334 armorum
810 2298 886 2331 solo
918 2298 1102 2331 allisorum
1127 2298 1302 2342 fragorem
1333 2302 1456 2341 aperte
1487 2307 1574 2340 pro-

141 2342 254 2377 deret.
308 2341 456 2378 Romani
489 2354 573 2378 vero
621 2346 885 2378 accuratissime
927 2345 1047 2378 omnia
1092 2343 1341 2381 observabant
1395 2343 1572 2388 Quocirca

139 2401 261 2434 gressu
285 2389 458 2432 inhibito,
481 2392 598 2436 quieti
633 2392 808 2437 tacitique
840 2397 1061 2431 manserunt,
1091 2391 1206 2424 veluti
1238 2396 1355 2424 terrae
1389 2388 1572 2423 radicibus

139 2435 262 2478 affixi,
288 2442 325 2470 et
348 2447 467 2483 neque
489 2438 587 2471 vocis
620 2438 736 2471 ullum
759 2449 920 2475 murmur
944 2437 1160 2471 audiebatur
1176 2463 1185 2478 ,
1223 2443 1260 2471 et
1284 2437 1395 2492 pedes
1421 2447 1465 2468 ne
1491 2441 1572 2468 tan-

138 2483 262 2516 tilium
286 2482 433 2528 quidem
456 2483 664 2526 movebant,
688 2485 754 2518 sed
778 2485 830 2522 ita
852 2485 909 2518 uti
934 2491 1036 2518 erant
1063 2485 1125 2517 fixi
1158 2485 1371 2530 immotique
1397 2482 1568 2521 stabant,

138 2530 214 2563 sive
245 2535 385 2562 acutam
417 2530 576 2576 aliquam
611 2537 763 2576 petram,
787 2531 864 2564 sive
893 2531 1060 2565 fruticem
1093 2536 1310 2576 premerent.
1358 2529 1437 2562 Nisi
1471 2528 1569 2560 enim

139 2576 191 2609 ita
217 2587 289 2609 rem
309 2576 563 2618 instituissent,
587 2588 783 2623 sensusque
804 2578 936 2624 aliquis
955 2589 1092 2619 eorum,
1115 2588 1207 2623 quae
1225 2577 1371 2617 fiebant,
1395 2575 1440 2608 ad
1460 2585 1568 2607 excu—

137 2621 276 2656 bitores
304 2625 549 2667 pervenisset,
572 2625 628 2657 illi
654 2625 801 2657 omuino
827 2625 1008 2669 ingentem
1031 2625 1191 2677 aliquam
1213 2629 1352 2668 petram
1377 2621 1567 2654 deturbas‘

140 2674 240 2711 sent,
263 2680 355 2714 quae
379 2669 418 2702 in
448 2670 585 2703 declive
609 2670 796 2714 provoluta
825 2671 931 2704 facile
962 2682 1098 2711 omnes,
1127 2670 1190 2715 qui
1222 2681 1360 2702 sursum
1393 2668 1564 2702 niteban-

141 2719 211 2758 tur,
234 2716 433 2754 collisisset.
481 2715 618 2754 Idcirco
642 2717 791 2752 Romani
807 2718 910 2752 taciti
923 2718 1135 2766 immotique
1159 2715 1312 2761 stabant5
1340 2714 1429 2749 adeo
1458 2720 1497 2749 ut
1519 2726 1565 2749 no
