1832 3152
294 133 323 166 2
339 114 400 168 18
837 130 1115 173 AGA‘nnAE

104 236 142 271 A.
158 237 195 270 c.
216 237 279 270 555
290 227 512 279 βασκανίας
541 229 600 275 εἷς
620 229 740 268 τοῦτο
773 231 899 269 κακοῦ
917 233 1165 285 προηγμένη,
1203 232 1362 279 εἰκότως
1393 229 1584 288 εὐβουλίᾳ
1610 234 1684 283 μὲν

152 283 176 314 Ῑ·
198 282 279 327 Ι’29
292 290 361 331 καί
375 293 552 347 λογισμῷ
573 291 754 346 σώφρονι
786 293 856 332 καί
876 294 924 348 τῇ
950 295 1020 334 τοῦ
1042 294 1290 343 συνοίσοντος
1307 294 1516 347 ἐπιγνώσει
1537 295 1684 336 οὐδένα

289 355 474 408 παρῆκαν
500 353 664 409 καιρὸν,
700 353 810 410 μόνῳ
844 356 888 396 δὲ
915 357 969 412 τῷ
994 357 1331 415 αὕθαδιαζομένῳ
1360 359 1431 413 τῆς
1452 359 1593 413 ψυχῆς
1618 357 1690 400 καὶ

290 417 576 470 χαλεπαίνοντι
599 418 747 472 πολλὴν
780 422 985 473 παρέσχον
1010 421 1270 473 αὐτονομίαν
1307 420 1376 462 καί
1402 421 1446 462 τὸ
1466 424 1688 475 μελετηθὲν

249 480 519 522 Βέκπλειίττου
543 481 612 521 καί
628 479 869 535 ιόὸίνόμενον
894 480 996 524 οὕτω
1022 501 1107 532 πως
1128 487 1172 525 ἐκ
1193 486 1265 526 τοῦ
1284 485 1538 540 παρείκοντος
1564 484 1711 540 ἔδρα-5

287 561 386 597 σαν,
428 544 483 593 ὠς
509 545 608 600 μήτε
643 546 714 601 την
740 545 870 601 οἷκμὴν
899 550 972 588 τοῦ
999 546 1195 603 παρόντος
1227 546 1379 602 χρόνου
1411 548 1688 604 φυλάξασθαι,

287 607 389 663 μήτε
405 607 489 662 μὴν
512 612 787 664 διανοηθῆναι.
833 614 1009 663 πολέμου
1043 610 1120 666 γάρ
1148 609 1344 653 τοσούτου
1375 611 1688 667 περιεστηκότος,

289 673 504 728 ἐμφρόνων
536 676 613 726 μὲν
650 675 807 730 ἀνδρῶν
841 674 956 730 ἔργον
988 671 1039 716 ἂν
1074 671 1125 730 ἧν
1165 675 1236 716 καί
1273 673 1325 716 τά
1355 677 1448 724 ξένα
1479 674 1550 716 καὶ
1573 671 1688 726 οὔπω

286 736 470 792 γνώριμα
496 740 576 779 τῶν
607 740 737 780 ἐθνῶν
770 735 907 796 εὐνοίᾳ
938 740 1227 794 προσάγεσθαι.
1271 734 1385 780 οὗτοι
1419 740 1465 780 δὲ
1494 741 1564 780 καί
1591 737 1690 787 τούς

289 800 429 856 πρώην
455 800 723 851 οἰκειοτάτους
741 803 1017 855 ἐκπολεμῶσαι
1044 803 1267 855 ι,Ρωμαίοις
1292 801 1388 857 περὶ
1407 802 1595 844 πλείστου
1618 818 1740 843 πε-ιο

287 864 494 918 ποίηνται·
513 864 593 918 καί,
615 866 659 907 τό
686 882 730 919 γε
751 862 847 920 ἧκον
877 868 935 916 εἰς
963 866 1131 919 αὐτούς,
1182 866 1570 924 προσκεχωρήκαμεν
1608 872 1690 913 τοῖς

291 927 512 981 ἐναντίοις,
541 930 857 983 ἐπιβουλεύομεν
879 936 962 979 τοῖς
986 931 1113 972 πάλαι
1137 928 1357 986 φιλτάτοις,
1384 931 1410 986 ἡ
1432 928 1551 984 χώρα
1573 933 1690 983 Περ-

289 993 395 1044 σῶν,
422 991 474 1033 τὰ
492 995 658 1049 πατρῷα
681 991 833 1046 νόμιμα
859 996 1046 1050 φροῦδα,
1073 993 1204 1035 πάντα
1225 996 1477 1048 συμβέβηκεν
1499 993 1688 1048 ἀτεχνῶς,

289 1054 419 1097 ὁπόσα
443 1055 621 1104 στάσεώς
637 1073 681 1098 τε
704 1057 774 1098 καί
788 1060 969 1113 ταραχῆς
987 1057 1191 1113 ἐμφυλίοις
1207 1058 1464 1113 γνωρίσματα
1482 1054 1690 1110 μανιώδη.

170 1126 282 1167 Ρ.11ίι
293 1121 435 1162 οὐκοῦν
469 1120 525 1169 ὥς
556 1119 712 1162 τούτων
740 1122 925 1163 ἁπάντων
956 1120 1058 1178 ἔργῳ
1091 1120 1394 1177 προελθόντων,
1442 1123 1514 1163 καί
1535 1125 1741 1164 παντα-ι5

286 1183 411 1238 χὸθεν
441 1184 540 1239 ἡμῖν
567 1187 648 1226 τῶν
673 1186 915 1240 πραγμάτων
940 1185 1241 1240 διαρρυέντων,
1278 1182 1385 1226 οὕτω
1409 1183 1552 1232 ποινὰς
1579 1180 1692 1234 ἀξίας

288 1249 451 1300 αὐτοῖς,
489 1248 599 1304 εἴπερ
637 1244 719 1303 ἄρα
744 1249 813 1290 καί
839 1248 969 1303 εὑρεῖν
995 1247 1168 1300 ἔνεστιν,
1206 1250 1412 1290 ἐπακτέον.
1447 1249 1487 1290 εἰ
1513 1247 1590 1302 γάρ
1624 1246 1695 1288 καί

287 1313 406 1366 ἡμεῖς
433 1311 570 1353 πιστοί
595 1311 698 1368 πρὸς
733 1313 973 1364 “Ρωμαιὀυς
1003 1314 1073 1353 καί
1101 1314 1261 1365 βέβαιοι
1294 1312 1544 1366 τυγχάνομεν
1570 1306 1692 1362 ὅντες,

288 1377 378 1416 ἀλλ’
399 1372 445 1416 οὗ
471 1377 647 1428 δίκαιον,
687 1372 723 1416 ὦ
746 1375 915 1417 δικαστὰ
931 1410 942 1428 ,
969 1377 1038 1430 τῆς
1065 1376 1264 1430 ἡμετέρας
1295 1378 1508 1424 ἐπιεικείας
1527 1374 1693 1423 τούτους

290 1438 536 1493 ἀπόνασθαι,
565 1439 636 1480 καί
662 1435 782 1493 ἧττόν
810 1457 849 1480 τι
871 1443 1031 1492 παθεῖν,
1060 1436 1085 1494 ἢ
1109 1438 1329 1495 καθ’όσονῆ
1352 1442 1427 1482 τοῦ
1448 1439 1744 1494 ἐγχειρήμα-πο

288 1519 358 1552 τος
381 1503 571 1556 βούλεται
598 1502 767 1559 φύσις.”

398 1566 444 1619 ζ’.
502 1565 619 1609 Οὕτω
657 1569 701 1609 δὲ
734 1570 816 1610 τῶν
838 1565 1078 1623 κατηγόρων
1107 1573 1190 1618 τοῖς
1213 1567 1457 1622 ἐπικλήμασι
1481 1567 1692 1621 χρησαμέ-

379 1636 411 1669 5.
440 1637 684 1678 παρείκοντος
706 1635 742 1666 R.
757 1660 766 1675 ‚
789 1634 1022 1679 παρήκοντος
1046 1635 1136 1679 vulg.
1210 1647 1242 1678 9.
1262 1627 1306 1667 τά
1333 1635 1370 1666 Β.
1394 1644 1457 1677 pro
1479 1629 1576 1668 τοὺς.
1640 1641 1689 1674 17.

381 1680 548 1758 ἕστινΒΡι.
618 1692 665 1725 ¹9·
691 1673 850 1713 δικαστά
879 1681 939 1721 R„
975 1679 1146 1713 δικασταὶ
1168 1681 1258 1724 vulg.
1297 1685 1332 1713 et
1365 1680 1474 1724 Intpr.
1559 1677 1692 1710 τοσού-

379 1736 468 1762 τους
524 1750 532 1759 .

289 1781 487 1815 invidentia
511 1786 624 1814 ortum
651 1791 691 1813 eo
716 1781 799 1814 mali
826 1792 884 1814 eos
908 1781 1127 1825 provexerit,
1149 1780 1390 1814 verisimiliter
1413 1784 1507 1812 recto
1545 1777 1692 1812 consilio

290 1834 327 1861 et
349 1827 548 1860 moderatae
577 1827 804 1870 cogitationi,
847 1828 993 1870 eiusque
1027 1825 1123 1870 quod
1156 1827 1306 1859 maxime
1344 1825 1567 1859 conducibile
1601 1828 1696 1856 esset

291 1873 485 1917 cognitioni
505 1872 641 1904 nullum
669 1876 807 1915 tempus
832 1873 1054 1916 reliquerunt
1069 1895 1078 1910 ,
1101 1871 1163 1903 sed
1182 1872 1248 1904 soli
1269 1872 1386 1903 animo
1411 1870 1576 1914 superbia
1598 1869 1692 1902 elato

291 1917 446 1963 odioque
477 1917 632 1961 flagranti
657 1916 813 1949 habenas
848 1917 1004 1949 laxantes
1031 1927 1242 1960 omnemque
1267 1916 1510 1960 permittentes
1544 1915 1693 1947 liberta-

290 1970 384 2004 tem,
415 1963 581 2008 quodque
606 1962 717 1995 multo
741 1967 822 1994 ante
853 1966 1012 2005 tempore
1045 1960 1291 2004 praemeditati
1327 1965 1427 1994 erant
1457 1965 1492 1992 et
1517 1960 1697 2003 parturie-

291 2015 382 2051 rant,
405 2009 472 2042 hoc
495 2013 608 2052 pacto,
631 2009 848 2040 occasionem
864 2009 968 2047 nacti,
992 2012 1073 2039 sunt
1096 2009 1261 2046 exsecuti,
1285 2005 1372 2038 adeo
1391 2010 1430 2037 ut
1451 2015 1568 2050 neque
1593 2014 1696 2048 prae-

292 2057 401 2088 sentis
425 2054 592 2098 temporis
617 2058 745 2086 statum
770 2053 1005 2092 observarint,
1033 2050 1094 2084 sed
1117 2061 1161 2083 ne
1187 2052 1374 2095 cogitarint
1397 2049 1550 2094 quidem.
1596 2048 1694 2081 Adeo

291 2101 386 2133 enim
411 2100 544 2132 difficili
565 2099 659 2132 bello
689 2104 889 2143 premente,
913 2098 1139 2142 prudentium
1176 2097 1329 2128 virorum
1365 2101 1440 2128 erat
1463 2095 1569 2128 etiam
1591 2104 1695 2137 pere-

292 2146 406 2189 grinas
429 2156 544 2189 neque
569 2144 682 2177 adhuc
708 2150 808 2176 notas
839 2144 1000 2176 nationes
1038 2143 1107 2175 sibi
1139 2141 1358 2173 humanitate
1398 2141 1595 2173 conciliare.
1649 2139 1694 2172 Hi

291 2201 373 2224 vero
397 2191 504 2223 etiam
530 2201 600 2230 eos,
625 2190 685 2235 qui
711 2188 916 2232 iampridem
940 2194 1040 2221 erant
1061 2187 1340 2220 coniunctissimi
1364 2186 1546 2226 Romanis,
1570 2184 1697 2219 debel-

290 2236 366 2269 lare
390 2234 530 2268 maximi
554 2236 731 2278 fecerunt3
772 2239 808 2267 et
831 2234 971 2278 quidem
987 2258 996 2273 ‚
1033 2238 1199 2278 quantum
1223 2231 1261 2264 in
1287 2232 1372 2274 ipsis
1394 2232 1501 2264 situm
1525 2235 1596 2271 est,
1629 2229 1696 2262 ho-

292 2281 406 2315 stibus
432 2279 543 2313 dediti
564 2292 697 2319 sumus,
731 2279 939 2312 insidiamur
961 2279 1030 2311 iam
1053 2279 1139 2310 olim
1174 2277 1391 2310 amicissimis
1407 2301 1417 2316 ,
1448 2277 1542 2321 regio
1578 2280 1696 2308 nostra

291 2327 472 2360 Persarum
496 2331 567 2365 est,
603 2331 638 2358 et
661 2326 774 2369 patria
799 2326 961 2358 instituta
983 2335 1120 2367 prorsus
1148 2322 1304 2364 abolita;
1348 2327 1478 2367 quanta
1508 2319 1694 2353 seditionis

293 2377 402 2418 atque
437 2371 607 2402 tumultus
645 2370 807 2403 intestini
830 2370 962 2403 furiosa
986 2366 1144 2401 indicia?
1200 2367 1373 2411 Quocirca
1405 2378 1484 2400 cum
1522 2366 1610 2399 haec
1647 2375 1689 2397 ο-

293 2419 389 2450 mnia
405 2417 453 2448 ita
469 2427 505 2448 se
520 2415 692 2455 habeant,
714 2421 750 2447 et
769 2426 822 2447 res
846 2420 986 2448 nostrae
1019 2414 1106 2447 adeo
1124 2414 1218 2445 omni
1240 2423 1282 2445 ex
1300 2417 1397 2456 parte
1419 2412 1489 2447 sint
1511 2411 1694 2454 collapsae,

294 2464 344 2496 ita
368 2462 471 2506 digna
504 2462 532 2494 si
567 2471 657 2506 quae
692 2461 883 2503 excogitari
909 2460 1045 2504 possint
1071 2458 1244 2502 supplicia
1270 2458 1347 2491 istis
1384 2462 1467 2490 sunt
1497 2454 1690 2489 inferenda.

296 2509 333 2542 Si
357 2508 453 2541 enim
472 2507 580 2540 ctiam
602 2517 665 2538 nos
698 2504 761 2537 fidi
786 2516 863 2549 erga
886 2507 1056 2538 Romanos
1081 2510 1117 2537 et
1140 2508 1338 2536 constantes
1363 2514 1499 2542 sumus,
1533 2511 1605 2534 non
1639 2504 1693 2532 est

294 2558 411 2586 tamen
435 2563 604 2597 aequum,
629 2562 648 2584 o
670 2550 789 2589 iudex,
827 2557 867 2583 ut
890 2550 928 2582 hi
951 2550 1097 2583 lenitate
1129 2554 1247 2581 nostra
1271 2549 1482 2589 abutantur,
1507 2547 1694 2590 minusque

295 2597 431 2645 aliquid
453 2598 644 2642 patiantur,
673 2607 774 2641 quam
798 2596 963 2628 facinoris
990 2596 1156 2628 atrocitas
1179 2594 1366 2638 postulat.“

385 2657 415 2688 7.
464 2643 550 2676 Cum
580 2652 662 2678 vero
685 2647 902 2675 accusatores
938 2642 988 2674 ita
1017 2640 1297 2675 criminationem
1332 2650 1427 2674 mam
1460 2635 1694 2682 peregissent,
