1794 3112
521 141 789 183 ED1T1ole
829 142 1224 186 VULCANIANAE.
1331 198 1333 200 Ι
1419 144 1584 183 xxxlu

772 245 972 281 IDEM.

147 307 332 341 Anu-mni
357 313 397 340 ut
420 304 521 340 vidit
544 309 646 342 caelo
678 309 884 342 Bemsums
913 309 1006 348 alto,

198 355 279 396 Qua
304 364 413 386 sacra
438 354 582 387 Iunoms
605 356 702 388 lacte
735 366 900 400 respersa
930 357 997 388 via
1029 364 1105 398 est;

146 399 224 432 Iam
255 407 390 432 tersum
410 397 588 444 prodire,
613 409 649 434 et
667 400 773 434 docto
801 401 942 446 pumice
966 412 1113 441 rasum,

193 448 310 491 Aeque
329 444 422 478 adeo
444 447 600 480 amissae
629 448 703 480 iam
732 445 900 482 reducem
918 448 1065 492 patriae
1078 460 1092 489 ,-

149 493 268 534 Quas,
293 492 442 537 inquit,
466 492 623 538 reseram
651 502 776 538 grates
798 493 879 534 tibi,
898 503 1028 537 magne
1051 491 1246 534 virorum,

192 537 353 570 Vuncmu
368 564 384 576 ,
409 538 516 571 cuius
538 551 686 574 munere
722 548 757 575 et
779 540 930 584 ingenio

147 583 255 617 Nunc
274 585 376 617 vivit
404 583 518 617 bonus·
547 586 744 619 Annuus:
771 597 836 630 ego
859 583 1017 630 denique
1033 584 1164 630 fictus

193 629 366 670 Clarior,
391 638 534 675 ereptos
564 643 639 666 non
664 643 804 677 querar
824 630 911 665 hinc
935 631 1092 666 oculos?

546 814 630 853 ΙΝ
685 813 1175 855 AGATHIAM

311 882 341 916 A
388 882 963 919 BONAVENTURA
1009 882 1429 926 VULCAN10‚

382 957 502 984 INTER
531 959 692 986 DocTos
722 960 904 987 NOSTRAE
934 958 1110 986 AETATIS
1138 959 1347 988 PRINCIPRS

458 1013 546 1047 Viro
572 1014 799 1056 Clarissimo,
824 1015 961 1053 editum
981 1021 1019 1051 et
1041 1016 1257 1050 restitutum.

145 1097 304 1132 CAnnuun
325 1098 451 1133 Pierio
474 1096 637 1130 Vuncm
652 1095 819 1142 findere
846 1097 977 1134 laudes

143 1145 212 1177 Est
239 1157 371 1190 operae
389 1143 577 1190 precium,·
604 1155 683 1176 mea
704 1152 804 1176 stant
827 1144 1052 1189 praecordia
1077 1145 1223 1181 Phoebo

142 1189 271 1224 Ardua
291 1192 481 1224 molimur:
505 1197 628 1222 rerum
655 1191 843 1235 sapientia
867 1192 1015 1232 Pallas,

146 1239 246 1278 Quae
269 1249 380 1271 sacra
407 1235 599 1269 doctarum
616 1236 817 1281 prudentia
831 1236 1120 1282 fontigenartcm
1133 1262 1144 1278 ,

144 1284 195 1316 Ec
217 1284 378 1317 rationis
404 1294 500 1327 apex
514 1306 524 1322 ,
551 1282 630 1315 sine
653 1294 728 1327 qua
751 1291 895 1316 tentata
915 1285 1131 1324 labascunt,

143 1330 331 1374 Deprecor
357 1328 408 1362 ad
424 1337 562 1360 suetum
583 1327 740 1372 dignata
770 1329 926 1363 illabere
950 1342 1089 1363 munus,

193 1375 403 1408 F'eralemne
436 1385 567 1407 canam
588 1373 754 1414 cladem,
780 1387 856 1421 qua
883 1385 1018 1410 cuncta
1043 1377 1235 1422 Pelasgum

145 1422 369 1454 Oce-amburat
385 1428 619 1454 monumenta
639 1421 778 1460 virum,
802 1423 1002 1466 praeclara
1029 1431 1175 1468 reperta

142 1466 370 1500 Ausonidum
383 1480 397 1510 ,-
422 1466 618 1511 Agathiam
641 1465 831 1514 traditque
855 1465 908 1500 ad
924 1467 1071 1513 pallida
1095 1470 1226 1516 templa

142 1512 256 1546 Leehi
279 1513 496 1551 barbaries,
521 1524 628 1558 quem
652 1523 752 1545 Femx
778 1514 848 1546 illa
872 1513 1022 1547 deorum

141 1558 372 1603 Progenies,
401 1559 482 1592 acie
513 1569 628 1603 genus
652 1559 902 1603 insuperabile
929 1562 1078 1602 mentis,

141 1603 228 1638 Flos
250 1606 446 1650 virtusque
471 1605 622 1643 virum,
647 1604 835 1650 profundo
858 1607 1002 1650 gurgite
1030 1618 1182 1642 mersum

143 1649 336 1684 Protrahit
364 1651 509 1689 oblivl,
536 1649 690 1694 ditisque
718 1651 761 1684 in
780 1651 931 1684 luminis
949 1663 1036 1684 oras

143 1696 223 1730 Iam
242 1703 439 1742 properat,
468 1697 659 1732 Ciceronis
680 1695 807 1731 dulcia
829 1698 938 1730 mella
968 1707 1172 1733 sonantem.

142 1742 180 1776 E
207 1743 367 1778 tenebris
387 1743 505 1775 tantis
534 1750 610 1774 tam
639 1742 781 1776 clarum
806 1744 999 1788 exculpere
1023 1744 1164 1783 lumen,

142 1789 309 1823 Divinae
345 1789 507 1822 rationis
535 1799 646 1832 opus,
675 1787 778 1833 quod
796 1797 836 1822 tu
857 1790 1016 1833 potuisti
1218 1828 1220 1831 .

144 1834 309 1875 Primus,
335 1846 402 1868 nec
424 1847 478 1868 me
499 1835 618 1868 animi
634 1834 770 1880 fallit,
795 1846 894 1868 nunc
918 1836 1021 1868 vivis
1044 1836 1085 1868 in
1109 1836 1185 1869 oris

149 1881 342 1915 Caelorum
351 1881 488 1927 sama,
513 1888 666 1926 propter
688 1879 824 1914 divina
848 1890 1004 1926 reperta.

142 1927 375 1972 Aeternaque
402 1935 466 1960 tuo
491 1927 608 1973 capiti
631 1925 722 1961 dare
735 1925 880 1972 fi'unde
904 1938 1078 1961 coronam

145 1972 274 2007 Turba
294 1974 560 2008 Camoenarum
584 1974 708 2017 gestit,
733 1974 788 2007 sic
816 1974 924 2007 iussit
944 1974 1084 2019 Apollo.

146 2020 247 2062 Quin
273 2031 341 2054 nos
358 2019 505 2066 ingenii
525 2020 703 2053 miramur
727 2021 900 2054 acumina
924 2028 1032 2055 tanta

143 2064 330 2106 Vuncun,
364 2066 490 2111 potuit
516 2066 583 2112 qui
601 2065 763 2099 vulnera
783 2075 900 2100 mente
926 2065 1056 2110 sagaci

145 2111 295 2147 Tollere
319 2111 450 2146 doctus
473 2112 604 2157 Iapix,·
629 2110 690 2145 dic
714 2113 797 2158 quis
824 2111 947 2146 dicere
969 2111 1083 2156 digno

145 2157 228 2191 ,Hoc
249 2159 347 2204 potis
366 2159 514 2205 eloquio
528 2158 547 2191 ?
569 2158 722 2192 mortali
744 2170 896 2204 corpore
921 2166 1041 2192 cretus

146 2203 281 2244 Nemo,
309 2213 350 2238 ut
374 2205 530 2249 opinor,
557 2206 654 2243 erit,
677 2204 837 2250 pollenti
856 2213 1001 2250 pectore
1031 2214 1177 2237 carmen

152 2248 315 2284 Condere
334 2251 401 2294 qui
409 2250 550 2296 possit,
577 2262 699 2285 rerum
720 2251 821 2285 iubet
841 2259 882 2284 ut
900 2250 1074 2285 maiestas

146 2295 223 2329 Nec
244 2295 349 2330 modo
373 2299 408 2331 si
426 2296 577 2338 redeat,
604 2298 671 2342 qui
689 2309 782 2331 saxa
799 2299 976 2341 sequacia
994 2295 1151 2331 ductans

151 2341 328 2376 Gantt‘bus
350 2343 492 2381 auritos
515 2344 698 2377 exstruxit
728 2344 891 2377 carmine
912 2355 1044 2377 muros.

193 2387 371 2423 lamnunc
392 2389 515 2423 Aonia
533 2390 671 2423 crinem
694 2388 919 2424 circumdate
943 2398 1044 2424 serta

147 2435 256 2470 Salve
269 2457 282 2477 ‚
307 2435 356 2471 Te
386 2447 574 2476 veneror,
601 2436 762 2481 vestigia
779 2447 920 2481 semper
936 2434 1121 2476 adorans,

410 2501 525 2547 quue
551 2507 758 2544 aeternum,
782 2504 834 2536 ita
866 2503 972 2537 iubet
993 2504 1105 2537 virtus
1130 2506 1167 2536 et
1186 2502 1341 2536 eruditio
1363 2508 1423 2537 tua
1441 2505 1585 2547 eximia,

453 2548 505 2584 sic
528 2553 640 2586 testor
662 2555 699 2585 et
714 2560 827 2589 voveo
842 2549 932 2584 licet
949 2550 1118 2594 impolito
1131 2549 1203 2583 hoe
1220 2552 1388 2586 carmine.

892 2635 912 2649 ἢ
938 2608 1049 2642 Inus
1075 2618 1095 2640 Δ
1119 2608 1341 2643 W'othfnu-:rz¹

193 2779 380 2825 Agathias.
1306 2794 1322 2815 c
