1794 3112
617 150 930 195 PRAEFATlo.
983 152 991 171 ²
1457 134 1521 188 13

89 252 259 311 Ὀρόντῃ
279 254 471 310 ποταμῷ,
501 249 612 302 ὅπως
637 253 882 310 οἰκτρότατα
904 253 986 294 ὑπὸ
1012 253 1200 309 Χοσρόου
1224 254 1537 311 πεπόρθηνται,’

93 319 169 375 τήν
189 334 235 360 τε
251 315 444 373 Ἐδέσσης
474 321 740 373 πολιορκίαν,
780 320 853 360 καί
884 314 991 366 ὅπως
1019 320 1186 361 ἐνθένδε
1222 317 1524 376 οἷποκρουσθείς

93 383 235 426 ἔπειτα
262 382 397 425 ἀπιών
419 378 565 440 ᾤχετο,
593 383 769 439 πάρεστι
795 382 867 424 καί
890 385 1024 424 ταῦτα
1052 385 1098 425 ἑν
1118 386 1254 426 τοῖσδε
1269 385 1560 426 θεάσασθαι·Β

95 449 170 498 τάς
195 463 240 489 τε
265 450 347 490 τῶν
367 450 593 491 Αἰθιόπων
617 449 690 489 καί
710 448 952 503 “Ομηριτῶν
973 448 1237 502 παρατάξεις,
1263 449 1335 490 καί
1355 446 1454 490 ὅτου
1473 447 1524 503 δὴ

69 513 224 570 ὄχάριν
248 508 380 569 ἄμφω
405 514 546 556 ἐκείνω
571 511 628 554 τώ
659 512 779 569 φύλω
802 515 845 562 ἐς
865 511 956 555 τόδε
984 514 1231 565 δυσμενείας
1251 515 1442 569 ἠλθέτην.
1466 512 1527 555 εἴ-

95 593 220 636 ρηται
250 580 296 621 δὲ
325 575 439 636 αὐτῷ
463 578 594 620 πολλοὶ
625 580 698 620 καί
719 580 793 620 τοῦ
814 578 1011 633 μεγίστου
1037 580 1187 630 λοιμοῦ
1207 581 1315 634 πέρι,
1343 575 1455 629 ὅπως
1481 594 1528 620 τε

94 643 171 699 τὴν
194 640 331 700 ἆρχῆν
352 648 439 686 κατ’
454 646 585 686 ἐκεῖνο
608 646 684 686 τοῦ
710 646 860 699 καιροῦ
885 646 928 692 ἐς
953 642 999 684 τὸ
1026 641 1287 699 ἀνθρώπειον
1309 646 1421 697 γένος
1442 644 1530 685 εἰσ-

95 708 274 765 ήῤῥησε,
305 710 378 750 καί
397 706 519 750 ὅποΐα
555 705 662 750 ἄττα
694 711 912 764 παράλογα
940 709 985 749 ἐν
1011 708 1125 765 αὐτῷ
1153 709 1396 763 ξυνηνέχθη.
1425 705 1531 748 ἀλλὰ

95 771 173 829 γὰρ
201 773 274 815 καί
294 771 431 820 ὗπόσα,
459 770 636 830 ὕστερον
657 776 713 831 τῷ
734 773 962 826 ζΡωμαίων
991 774 1154 830 στρατῷ
1187 771 1267 814 οἷνοὶ
1298 771 1349 814 τά
1372 774 1568 823 Λαζῶνα

51 837 337 891 ιοπολίσματα
365 837 438 882 καί
458 841 631 894 Πέτρας
655 837 702 880 τὸ
734 836 961 894 φρούριον,
999 837 1103 893 πρός
1142 853 1185 878 τε
1213 837 1427 892 Χοριάνην
1461 840 1533 878 καὶ

97 902 353 958 ΙΡΙερμερόην
382 903 455 945 καί
487 902 540 944 τὰ
578 902 774 960 Περσικά
812 903 1070 958 ἐξείργασται
1102 902 1263 957 πλήθη,
1301 905 1374 944 καί
1397 903 1532 943 ταῦτα

96 970 257 1011 ἐκεῖθεν
284 968 549 1013 avalensem
563 968 792 1021 μεταβάντι
815 969 862 1010 δέ
896 968 934 1009 οἱ
959 967 1031 1009 ἐπὶ
1068 969 1143 1022 τῆς
1153 968 1378 1023 Ἑσπέρας,
1405 963 1534 1014 ’ὅπως

95 1049 142 1075 τε
160 1028 414 1086 Θευδέριχος
436 1032 459 1073 ὅ
473 1034 554 1074 τῶν
563 1035 604 1075 Γ
602 1032 736 1075 ὀτθων
753 1032 951 1086 βασιλεὺς
971 1031 1142 1086 (ἐπεβίω,
1154 1031 1226 1073 καὶ
1239 1028 1533 1084 Ἀμαλασοῦν-

97 1101 159 1139 θα
179 1097 206 1152 ἦ
235 1099 359 1139 τοῦδε
391 1105 489 1146 παῖς
520 1096 604 1138 ὑπὸ
633 1097 851 1140 Θευὸάτου
876 1094 1092 1154 ἆνῄρηται,
1118 1097 1190 1138 καί
1218 1094 1379 1138 ἅπαντα
1400 1091 1460 1138 ὧν
1482 1095 1533 1151 δὴ

49 1165 215 1208 ιόἓνεκα
237 1162 260 1203 ὅ
281 1164 323 1204 Γ
319 1161 482 1211 οτθικὸς
515 1161 692 1217 πόλεμος
721 1163 956 1219 ἆνερῥάγη,
986 1163 1086 1204 οὐδὲ
1122 1164 1256 1203 ταῦτα
1284 1163 1424 1219 ἐκείνῳ
1451 1179 1532 1202 πα-

99 1232 246 1284 ρεῖται·
284 1224 487 1281 οὖμενοῦν
520 1225 611 1269 ἄλλ’
648 1225 746 1269 οὐδὲ
787 1225 898 1277 ὅπως
935 1224 1142 1281 Οὖΐττιγις
1178 1226 1201 1268 ὅ
1221 1226 1329 1280 μετὰ
1360 1226 1565 1271 Θεύδα-ῑ)

98 1309 171 1335 τον
217 1294 294 1334 τοῦ
334 1295 375 1334 Γ
374 1295 539 1335 οτθικοῦ
585 1296 727 1348 γένους
781 1291 990 1350 κρατήσας
1035 1291 1119 1334 ὖπὸ
1170 1295 1423 1348 Βελισαρίου
1460 1295 1535 1333 τοῦ

99 1359 330 1413 στρατηγοῦ
358 1360 462 1411 μετά
498 1375 544 1413 γε
578 1360 797 1408 πλείστους
835 1355 960 1407 ὅσους
993 1358 1158 1412 ἀγῶνας
1182 1357 1445 1413 δορυάλωτος
1477 1358 1538 1405 εἰς

99 1421 146 1464 τὸ
183 1420 417 1474 Βυζάντιον
452 1418 594 1478 ἦκται·
636 1421 735 1465 οὐδὲ
768 1439 814 1478 γε
850 1420 961 1472 ὅπως
998 1424 1164 1464 Σικελία
1206 1438 1250 1464 τε
1288 1424 1361 1464 καί
1386 1420 1536 1476 εΡαὸμι]

48 1487 176 1530 zonat)
214 1485 372 1530 Ἰταλία
411 1487 511 1537 τούς
548 1488 760 1544 ἐπήλυδας
808 1485 1081 1541 ἀποβαλοῦσα
1133 1487 1373 1543 βαρβάρους
1413 1486 1538 1528 πάλιν

100 1549 224 1608 ἤθεσι
265 1554 454 1608 πατρίοις
488 1560 786 1606 μετεκοσμεῖτο.
823 1553 942 1607 λάβοι
979 1555 1025 1594 δὲ
1058 1547 1109 1595 c’iv
1144 1570 1208 1602 τις
1242 1553 1430 1604 ἐνθένδε,
1465 1550 1539 1592 καί

101 1615 165 1660 ὅτι
193 1620 370 1673 Ναρσῆς
391 1618 416 1658 ὅ
443 1619 592 1672 τομίας
612 1621 656 1667 ἐς
672 1615 855 1662 Ἰταλίαν
885 1616 1047 1672 ἐστάλη,
1075 1618 1301 1674 ’στρατηγὸς
1329 1615 1530 1672 αὖτοκρά-
1543 1624 1579 1659 P.
1591 1625 1637 1660 10

188 1688 220 1734 4.
237 1685 327 1723 ὅτου
349 1691 402 1731 R,
427 1688 498 1734 ὅτῳ
516 1691 609 1735 vulg.
704 1691 737 1724 5.
760 1689 866 1735 φύλω
882 1691 920 1726 Β.
935 1690 1045 1734 Lngd.
1064 1690 1162 1736 (CL),
1187 1692 1297 1735 Intpr.
1321 1689 1387 1723 hae
1400 1697 1537 1734 gentes,

190 1737 290 1782 φίλω
314 1735 394 1769 edd·
488 1739 522 1771 6.
546 1735 659 1782 λιμοῦ
681 1737 719 1769 Β.
815 1748 845 1780 7.
866 1735 1066 1782 εἰσήῤῥησε
1081 1737 1119 1769 R.
1134 1736 1232 1782 (CL),
1256 1735 1428 1780 εἰσὴρησε
1443 1736 1535 1779 vulg.

191 1784 224 1816 8.
254 1780 344 1815 ἅττα
367 1783 424 1823 Β,,
458 1781 560 1815 ἄωτοι
580 1783 672 1826 vulg.
747 1794 779 1826 9.
801 1783 865 1814 καὶ
891 1793 962 1816 om.
980 1784 1019 1814 R.
1070 1782 1120 1826 ¹4·
1143 1781 1328 1815 Θευδοίτου
1353 1783 1389 1814 R.
1409 1781 1536 1824 Lugd„

191 1827 378 1863 Θεοδοὲτου
395 1828 480 1866 edd.
532 1832 583 1863 16.
613 1827 836 1861 d).k'inse1·it
860 1829 898 1861 R.
948 1827 1037 1861 οὐδὲ
1069 1829 1108 1861 Β.
1135 1827 1217 1862 οὐδ’
1238 1829 1330 1873 vulg.
1412 1826 1538 1861 Ου’ΐτι-

188 1886 254 1920 γις
272 1875 364 1920 vulg.
417 1873 604 1908 Θεύδατον
633 1876 671 1907 R.
697 1874 822 1919 Lugd„
847 1871 1034 1910 Θεόδατον
1068 1873 1148 1907 edd.
1225 1876 1276 1908 18.
1302 1873 1397 1919 μετά
1423 1883 1466 1918 γε
1499 1875 1536 1905 Β.

187 1921 316 1966 Lugd„
339 1921 434 1967 μετά
453 1931 492 1955 τε
520 1921 599 1954 edd.
676 1917 789 1958 ὅσους
811 1932 878 1954 om.
901 1922 942 1958 R.
1040 1932 1089 1966 ¹9·
1117 1916 1223 1962 ἦκται
1248 1922 1288 1958 Β.
1307 1920 1404 1967 (CL),
1435 1915 1541 1953 ἷκται

189 1968 285 2013 vulg.
386 1979 441 2002 22.
461 1970 598 2014 ταμίας
617 1968 656 2000 R.
680 1994 683 1996 .

102 2031 192 2064 Suro
218 2030 328 2063 etiam
350 2029 525 2075 oppidum
550 2030 588 2062 in
615 2029 728 2072 Syria,
757 2033 794 2062 et
815 2028 1007 2068 Berrhoea,
1034 2033 1071 2061 et
1085 2027 1276 2062 Antiochia
1301 2028 1346 2062 ad
1366 2027 1539 2061 orontem
1586 2032 1590 2037 ’

102 2077 251 2110 fluvium
312 2088 358 2110 uo
397 2081 502 2120 pacto
533 2075 748 2108 misserrime
774 2087 794 2108 a
822 2075 978 2109 Chosro'c²
1005 2074 1142 2107 suerint
1169 2079 1346 2116 vastatae3
1381 2073 1537 2107 Edessae

103 2133 248 2170 quoque
271 2133 292 2155 o
321 2122 516 2162 sidionem,
550 2128 587 2156 et
606 2133 677 2168 quo
702 2126 805 2165 pacto
827 2121 913 2154 inde
935 2121 1106 2165 depulsus
1126 2120 1328 2154 decesserit.
1378 2120 1441 2153 Est
1461 2120 1535 2152 eti-

104 2179 161 2202 am
185 2169 224 2202 in
253 2169 300 2202 iis
330 2168 451 2202 videre
479 2168 699 2213 Aethiopum
727 2173 764 2200 et
780 2167 1045 2200 Homeritarum
1076 2168 1229 2210 praelia3
1271 2177 1437 2211 quaeque
1462 2166 1537 2198 ini-

103 2214 320 2248 micitiarum
352 2226 475 2248 causae
508 2216 603 2248 inter
635 2215 718 2247 istas
743 2215 909 2247 nationes
943 2214 1089 2246 fuerint.
1138 2213 1254 2245 Multa
1279 2214 1386 2250 etiam
1410 2211 1538 2245 scribit

106 2260 151 2293 de
177 2261 395 2294 atrocissima
417 2261 481 2293 illa
506 2262 732 2304 pestilentia,
770 2265 806 2292 et
830 2260 962 2306 quibus
989 2259 1104 2291 initiis
1134 2259 1171 2292 in
1202 2258 1396 2292 humanum
1424 2269 1535 2302 genus

105 2307 301 2350 irrepserit,
329 2318 507 2352 quamque
533 2307 697 2340 inaudita
719 2308 759 2339 in
785 2317 826 2339 ea
847 2306 1044 2339 evenerint.
1092 2306 1278 2338 Praeterea
1298 2315 1536 2349 quaecunque

105 2351 276 2396 deinceps
301 2353 535 2386 Romanorum
560 2354 735 2386 exercitus
763 2353 854 2385 circa
877 2352 1048 2385 Lazorum
1079 2351 1211 2395 oppida
1235 2356 1270 2383 et
1302 2352 1426 2384 Petrae
1449 2361 1537 2394 pro-

105 2399 344 2443 pugnaculum
371 2405 407 2432 et
441 2400 606 2432 adversus
632 2399 847 2432 Chorianem
873 2404 910 2431 et
933 2398 1169 2431 Mermeroiim
1193 2398 1446 2441 Persarumque
1471 2407 1534 2428 co-

104 2445 182 2489 pias
199 2445 356 2490 gesserit,
376 2444 460 2478 inde
479 2447 588 2478 etiam
607 2447 684 2490 peti
703 2449 863 2490 possunt.
907 2444 995 2477 Cum
1013 2455 1095 2476 vero
1116 2444 1154 2475 in
1173 2443 1394 2476 occidentem
1417 2448 1533 2475 trans-

106 2491 170 2531 iit,
220 2502 292 2536 quo
322 2497 428 2535 pacto
462 2491 706 2525 Theodericus
743 2490 943 2524 Gothorum
978 2501 1041 2523 rex
1075 2491 1267 2523 excesserit
1298 2500 1317 2522 e
1344 2489 1452 2526 vivis,
1494 2492 1533 2519 et

105 2535 363 2570 Amalasuntha
395 2538 472 2569 eius
505 2538 582 2570 filia
612 2549 632 2570 a
663 2536 851 2570 Theodato
878 2537 988 2570 fuerit
1018 2536 1226 2577 interfecta3
1265 2535 1383 2567 omnia
1408 2535 1531 2572 etiam,

107 2591 261 2628 quorum
294 2594 398 2615 causa
435 2582 627 2617 Gothicum
662 2583 802 2616 bellum
839 2583 993 2621 exarsit,
1033 2587 1087 2614 est
1116 2586 1342 2625 persecutu83
1385 2578 1531 2618 deinde,

107 2641 181 2674 quo
209 2633 311 2673 pacto
345 2628 496 2673 vitigis,
534 2630 598 2674 qui
633 2628 965 2672 postTheodatum
991 2627 1164 2661 Gothicae
1198 2626 1340 2660 nationi
1362 2625 1531 2670 praefuit,

107 2685 130 2707 a
164 2675 336 2708 Belisario
364 2679 447 2719 post
471 2675 586 2707 multa
615 2674 752 2719 praelia
784 2675 944 2719 captivus
969 2675 1176 2717 Byzantium
1207 2672 1253 2706 sit
1283 2671 1429 2713 ductus;
1465 2670 1532 2703 de-

107 2721 221 2766 nique
251 2720 434 2767 quomodo
465 2720 590 2754 Sicilia
623 2725 659 2753 et
682 2722 792 2756 Roma
816 2726 853 2754 et
875 2721 996 2761 Italia,
1033 2719 1191 2754 barbaris
1224 2718 1367 2759 eiectis,
1400 2717 1530 2764 patriis
