1722 3146
628 107 920 147 AGATHIAE.
1436 110 1506 149 XV

76 218 173 258 dum
203 213 313 255 edita
341 211 428 261 ¹⁶):
460 210 575 265 quod
607 210 640 249 si
667 212 723 249 ita
748 215 834 259 est,
859 224 1141 265 quaecunque
1175 212 1218 250 in
1253 211 1331 252 hoe
1354 224 1508 266 genere

76 281 310 323 lustiniano
356 277 624 331 antiquiora,
668 281 762 330 post
800 275 1045 330 Philippum
1087 277 1509 317 Thessalonicensem

74 347 241 401 scripta,
277 344 482 398 legimus,
515 342 599 382 alia
622 354 792 392 corona,
822 340 945 380 cuius
973 343 1131 381 mentio
1162 343 1298 382 omnis
1322 343 1510 397 perierit,

73 411 374 467 comprehensa
406 409 536 449 fuisse
581 421 752 447 necesse
781 412 856 446 est.
916 407 1010 458 Qua
1038 421 1182 461 opera,
1217 423 1341 462 quam
1371 408 1512 448 Theo·

73 478 178 521 doro
202 475 434 518 Decurioni
466 475 528 524 ¹⁷)
553 472 789 527 inscripsit,
824 472 960 525 palam
991 478 1055 511 est
1082 487 1177 511 eum
1211 475 1510 527 potentiorum,

73 543 223 598 quales
252 541 412 584 Paulus
442 537 713 580 Silentiarius
748 536 1106 590 Macedoniusque
1132 540 1334 578 exconsul
1364 545 1511 590 erant,

72 622 255 664 qnorum
285 606 467 662 plurima
499 604 728 666 colligebat
765 602 998 657 poematia,
1038 603 1223 643 favorem
1255 611 1513 658 aucupatum

73 687 176 716 esse.
217 673 285 713 Ex
314 672 380 713 bis
402 671 581 712 Paulum
598 669 796 710 laudibus
821 683 906 708 non
935 668 1154 709 immeritis
1175 669 1359 721 extollit,
1384 676 1513 723 atque

74 739 244 780 clientis
270 737 423 778 officiis
446 737 624 778 comiter
645 736 785 776 colere
817 734 983 775 videtur
998 735 1069 785 ¹8).
1139 736 1228 776 Hoc
1253 736 1343 790 ipso
1366 736 1511 786 Paulo,

74 805 160 846 disi
186 819 254 845 me
276 803 522 844 coniectura
546 801 717 855 decipit,
747 799 1102 855 Eutychianoque
1128 802 1312 854 quodam
1335 801 1511 841 hortan-

74 870 183 911 tibus
196 870 268 922 ¹9),
295 874 463 909 mortuo
478 866 716 908 Iustiniano
739 866 989 921 imperatore
1007 866 1084 917 ²⁰),
1114 867 1167 906 ad
1189 866 1406 908 historiam
1421 867 1512 907 aevi

73 935 138 978 sui
163 933 428 976 scribendam
454 933 642 973 animum
668 931 844 972 adiecit:
875 946 1006 986 quum
1033 931 1086 971 ad
1115 932 1374 987 trigesimum
1399 939 1513 973 certe

72 1001 218 1042 aetatis
240 1013 400 1040 annum
421 997 700 1054 pervenisset.
762 998 901 1037 Credo
926 1003 1066 1036 tamen
1096 1011 1192 1037 eum
1213 998 1288 1038 diu
1307 999 1513 1053 colligen-

73 1066 138 1108 dis
179 1065 469 1106 tantummodo
516 1062 830 1104 narrationibus
877 1077 1048 1117 operam
1091 1063 1278 1104 dedisse:
1330 1078 1514 1119 namque

72 1125 186 1187 opus
213 1132 329 1186 quod
365 1132 418 1172 ad
461 1145 538 1172 nos
569 1131 767 1186 pervenit
805 1131 910 1171 adeo
942 1131 1118 1185 exiguae
1154 1130 1277 1169 molis
1316 1137 1402 1181 est,
1447 1138 1514 1180 ut,

73 1212 205 1251 quum
229 1212 278 1238 ea
307 1211 414 1252 quae
444 1197 496 1238 de
517 1196 717 1238 Chosrois
742 1197 858 1237 exitu
887 1203 1109 1236 narrantur
1138 1196 1375 1237 acciderint
1402 1210 1516 1237 anno

72 1265 190 1318 577„
228 1270 357 1304 'nemo
393 1263 473 1304 sibi
512 1264 764 1318 persuadeat
799 1263 864 1302 illi
906 1263 1218 1304 conscribendo
1256 1262 1515 1303 decennium

72 1329 257 1384 potuisse
301 1329 511 1384 impendi:
564 1329 649 1368 imo
699 1343 750 1368 eo
801 1328 996 1384 amplius.
1062 1330 1168 1369 Nam
1208 1343 1261 1368 ne
1302 1329 1381 1369 ista
1420 1328 1516 1383 qui-

72 1394 168 1434 dem
210 1395 263 1435 de
287 1395 512 1435 Persarum
539 1395 650 1449 regis
694 1395 793 1449 fuga
823 1402 865 1435 et
890 1401 1024 1435 morte
1056 1409 1156 1435 mox
1188 1400 1283 1449 post
1318 1401 1517 1436 eventum

73 1459 227 1515 scripta
265 1474 381 1511 esse,
420 1461 644 1515 perspicue
683 1461 902 1515 apparebit
931 1460 1219 1501 consideranti
1244 1461 1281 1489 21
1298 1463 1326 1511 ).
1394 1459 1518 1500 Haud

72 1531 212 1564 tamen
242 1525 395 1566 debilis
426 1526 670 1566 coniectura
699 1531 785 1577 est,
823 1526 993 1580 quando
1012 1526 1209 1580 Agathias
1242 1526 1294 1566 de
1322 1524 1518 1566 Mauricii

70 1590 197 1645 gestis
222 1590 429 1640 narrabat,
462 1590 578 1631 hunc
603 1591 742 1631 adhuc
769 1591 979 1645 privatum
1001 1592 1150 1632 fuisse:
1180 1591 1339 1646 quippe
1374 1605 1515 1646 quem,

70 1655 228 1710 absque
257 1655 344 1695 nlla
369 1656 522 1695 summi
549 1656 705 1709 fastigii
740 1660 1166 1709 commemoratione,
1208 1657 1331 1698 Pauli
1354 1657 1514 1707 filium,

71 1722 312 1775 magistrum
330 1721 525 1772 militum,
559 1728 692 1762 vocat.
750 1722 799 1761 Id
823 1737 925 1762 vero
949 1722 1001 1762 ad
1027 1722 1308 1762 refellendam
1328 1722 1515 1763 Fabricii

71 1787 320 1842 opinionem
353 1788 591 1840 sufficeretg.
633 1787 705 1841 qui
732 1787 811 1828 sibi
847 1794 1110 1842 persuaserat
1135 1788 1381 1842 Agathiam,
1429 1803 1514 1842 quo

72 1859 259 1908 tempore
292 1852 499 1907 Evagrius
536 1852 754 1892 historiam
784 1853 992 1904 absolvit,
1041 1853 1206 1894 scilicet
1240 1868 1353 1893 anno
1391 1856 1511 1908 593„

73 1918 263 1958 nondum
292 1917 496 1959 edidisse:
543 1925 584 1959 at
609 1918 707 1970 illa,
743 1919 982 1959 accuratius
1010 1919 1214 1974 inspectis
1243 1919 1382 1960 verbis
1405 1935 1513 1974 quae

70 1983 135 2024 vir
158 1997 378 2038 nunquam
404 1983 494 2024 sine
513 1984 637 2023 laude
666 1984 1062 2025 commemorandus
1086 1985 1358 2025 festinantius
1394 1986 1511 2040 legit,

72 2050 155 2103 ipsa
177 2063 255 2103 per
277 2063 321 2090 se
347 2049 538 2091 concidit
553 2050 590 2079 ²²
600 2053 626 2101 ).
669 2051 817 2106 Itaque
840 2051 1062 2106 Agathiam
1078 2051 1254 2092 Tiberio
1277 2052 1417 2092 adhuc
1444 2066 1512 2093 re-

70 2121 241 2168 gnante,
256 2121 354 2156 ante
370 2129 531 2155 annum
546 2117 656 2168 582„
674 2131 760 2171 quo
789 2131 904 2158 anno
918 2117 1149 2159 Mauricius
1165 2118 1392 2174 imperium
1411 2119 1511 2159 ade-

71 2185 166 2234 ptus
189 2187 273 2234 est,
310 2195 335 2222 e
357 2182 444 2223 vita
466 2182 692 2224 decessisse
714 2183 907 2227 arbitror.
964 2183 1071 2224 Nam
1090 2184 1212 2225 obitu
1242 2185 1335 2226 eius
1353 2185 1512 2226 factum

124 2311 180 2358 16)
197 2312 355 2350 prooem.
370 2323 405 2357 p,
423 2314 456 2348 6.
565 2313 620 2361 ¹7)
636 2314 669 2348 S.
683 2314 834 2360 Palatii3
861 2314 907 2349 de
930 2328 1001 2362 quo
1022 2315 1143 2351 officio
1166 2316 1312 2351 consule
1327 2317 1351 2349 1.
1369 2316 1510 2350 Gotho-

164 2358 304 2393 fredum
325 2358 370 2394 ad
396 2359 434 2394 C.
459 2358 532 2395 Th.
549 2359 606 2395 Vl.
630 2364 686 2397 23.
717 2374 743 2396 1.
769 2363 815 2396 11.
840 2374 875 2407 p.
904 2363 980 2397 126.
1080 2363 1135 2410 18)
1149 2363 1239 2397 Hist.
1256 2364 1298 2398 V.
1321 2375 1354 2408 9.
1380 2375 1413 2408 p.
1429 2375 1511 2409 297.

170 2405 225 2451 19)
261 2406 416 2441 prooem.
454 2417 489 2452 p.
525 2417 556 2451 7·
592 2409 623 2443 8.
719 2409 779 2456 20)
813 2408 908 2443 Ibid.
939 2419 972 2452 p.
1006 2421 1054 2443 11.
1163 2412 1224 2455 21)
1253 2411 1344 2444 Hist.
1369 2411 1427 2444 IV.
1454 2423 1507 2455 29.

163 2463 198 2533 p.
215 2463 294 2496 272.
398 2451 458 2499 αα)
476 2452 610 2487 Locum
624 2456 731 2499 posui
750 2457 845 2490 inter
859 2457 1076 2490 testimonia.
1124 2456 1242 2490 Verba
1266 2459 1300 2490 εἰ
1317 2458 1379 2490 καὶ
1396 2457 1509 2502 μήπω

183 2509 300 2542 τυχον
331 2497 575 2537 ἐκδεδωκότες
599 2501 646 2534 ad
671 2502 861 2548 scriptores
899 2514 987 2548 quos
1014 2503 1258 2537 nominaverat
1282 2505 1406 2538 referri
1435 2515 1508 2536 non

166 2550 340 2590 possunt:
366 2555 458 2590 quae
477 2546 507 2579 si
520 2547 659 2592 Evagrii
680 2559 781 2583 mens
807 2555 917 2590 esset,
942 2550 1080 2583 ratione
1104 2550 1275 2591 iubente,
1310 2551 1509 2594 scripsisset

166 2590 432 2635 τυγχάνουσιν.
481 2592 572 2627 Sunt
595 2595 658 2628 illa
682 2597 828 2630 omnino
854 2595 1047 2637 mendosa,
1082 2602 1118 2630 et
1143 2599 1265 2631 nescio
1300 2609 1371 2643 qua
1398 2596 1442 2629 ‹le
1469 2607 1507 2629 re

167 2638 440 2694 interpretanda
457 2649 550 2718 guae
567 2640 734 2676 Mauricii
758 2644 918 2678 animum
942 2653 1085 2679 movere
1103 2644 1263 2689 potuerit
1282 2650 1324 2677 ut
1351 2643 1505 2689 supplici

167 2695 242 2730 regi
260 2685 434 2719 auxilium
484 2692 660 2732 enegaret.
