1832 3152
290 118 399 184 314
898 137 1170 182 AGATfflAE

97 241 135 276 A.
152 242 270 279 (3.553
395 234 456 284 ιζ.
510 232 642 287 ,,Οὕχ
668 233 723 283 ὥς
761 235 806 275 ἐκ
834 236 951 285 δέους
977 237 1094 291 ὑμᾶς,
1124 234 1159 279 ὦ
1186 234 1349 296 ἄνδρες,
1385 240 1486 296 πρὸς
1512 241 1558 284 τὸ
1582 243 1689 299 3025-

151 290 277 325 L1·3²
287 297 372 352 ῥεῖν
401 296 664 351 ἀναστήσων,
688 300 809 340 τοῦτο
838 298 886 353 δὴ
925 298 971 341 τὸ
998 301 1076 356 πρὸ
1094 305 1176 345 τῶν
1203 303 1398 347 κινδύνων
1435 305 1688 360 γιγνόμενον,

283 359 367 415 ἥκω
394 367 476 409 τοῖς
499 361 665 403 εἰωθόσι
691 362 946 417 χρησόμενος
970 364 1114 417 λόγοις·
1163 363 1190 420 ἦ
1213 366 1290 422 γάρ
1321 365 1372 409 ἄν
1409 369 1479 410 καὶ
1503 370 1688 424 ἐπιλελῆ-

283 427 385 464 σθαι
421 426 503 465 τῶν
540 424 734 479 πρότερόν
773 441 847 478 μοι
887 428 937 482 τῇ
979 426 1099 484 πείρᾳ
1125 431 1386 482 γνωσθέντων
1423 431 1586 485 δόξαιμι
1623 430 1687 485 ἂν,

282 486 363 540 εἴγε
390 486 657 542 στρατιώταις
679 489 912 542 Ῥωμαίοις,
940 491 984 531 ἐν
1011 495 1263 542 συμπλοκαῖς
1290 494 1356 535 ἀεὶ
1378 494 1714 550 τεθραμμένοις,5

284 550 358 591 καὶ
390 553 599 600 πολιτείας
637 551 693 600 ὥς
732 554 859 594 εἰπεῖν
895 555 1099 607 μεγίστων
1136 557 1268 597 ἐθνῶν
1303 561 1563 611 καθελοῦσιν,
1601 557 1690 602 εἶτα

282 617 357 656 νῦν
395 618 762 670 παραταττομένοις
800 616 900 672 πρὸς
927 617 1164 673 βαρβάρους
1204 614 1376 674 ἆλήτας,
1413 624 1483 663 καί
1519 624 1689 671 τούτους

285 674 466 728 Οέννους
491 681 561 721 καί
586 678 914 735 Κοτριγούρους,
954 681 1195 736 παραίνεσίν
1221 699 1313 724 τινα
1339 683 1441 739 πρὸς
1467 683 1512 726 τὸ
1537 684 1595 739 μή
1623 687 1689 727 δε-

239 741 414 784 Βδιέναι
441 741 679 801 προθήσειν.
759 740 850 785 ἄλλ’
877 743 983 799 ὁρῶν
1011 746 1054 786 ἐν
1080 745 1177 797 ὑμῖν
1204 747 1304 788 πολὺ
1334 745 1380 789 τὸ
1409 747 1690 804 ὖπερφρονοῦν

280 806 352 848 καί
374 805 709 862 θρασυνόμενον,
754 808 827 850 καί
859 810 965 864 πέρα
1005 811 1081 850 τοῦ
1117 813 1376 860 καθεστῶτος
1402 813 1589 867 ἠρμένον,
1616 810 1741 857 mixto

279 867 424 925 ἄλογον
451 869 556 913 εἶναι
582 871 627 912 τὸ
659 874 744 914 δεῖν
771 870 1004 927 ἀναμνῆσαι
1029 875 1102 927 τῆς
1128 874 1306 929 ἀρχαίας
1329 875 1447 928 ὑμῶν
1469 873 1688 928 εὐκοσμίας

279 931 426 992 ᾠήθην.
470 934 514 976 τὸ
544 933 620 990 γὰρ
651 934 841 991 ἔκμετρον
870 938 1082 989 πανταχοῦ
1112 939 1343 992 φυλακτέον
1367 945 1448 989 τοῖς
1475 938 1689 995 ἔμφροσιν,

277 1001 319 1040 εἰ
342 999 413 1041 καὶ
436 999 537 1055 πρός
574 1016 614 1041 τι
640 1002 721 1041 τῶν
759 1003 1065 1052 ἐπαινουμένων
1102 1003 1326 1056 φερόμενον
1358 1002 1492 1057 τύχοι·
1543 1006 1615 1046 καί
1639 1005 1687 1046 τό

276 1068 550 1117 μεγαλαυχεῖν
587 1067 630 1112 ἐς
664 1066 854 1106 τοσοῦτον
886 1069 971 1113 τοῖς
998 1066 1350 1119 προυπηργμένοις
1387 1070 1434 1116 ἐς
1472 1063 1568 1110 ὅσον
1609 1069 1690 1109 τῶν

277 1126 427 1180 ὁμοίων
470 1127 539 1169 διά
581 1127 732 1178 παντὸς
770 1126 988 1181 τυγχάνειν
1013 1133 1259 1183 πεπεῖσθαι,
1297 1130 1372 1185 τήν
1409 1133 1454 1172 ἐκ
1478 1133 1552 1174 τοῦ
1579 1135 1741 1185 λογι-ιὸ

278 1195 389 1245 σμοῧ
423 1191 679 1248 προμήθειαν
719 1190 966 1245 ἀποβάλλειν
1008 1198 1144 1248 φιλεῖ,
1197 1196 1269 1236 καί
1303 1194 1406 1250 πρὸς
1450 1191 1690 1247 ἀλαζονείαν

278 1258 448 1310 ἐξάγειν.
487 1263 575 1305 τοῖς
611 1258 656 1297 δὲ
684 1256 788 1311 πρὸς
825 1258 946 1297 τοῦτο
974 1257 1205 1311 παρανοίας
1230 1258 1492 1312 έληλακόσιν,
1530 1259 1586 1308 ὥς
1611 1276 1691 1313 μη-

279 1322 352 1363 δὲν
381 1321 518 1362 ὁτιοῦν
545 1323 590 1362 ἐν
617 1323 674 1379 νῷ
701 1320 897 1362 τίθεσθαι
923 1322 1007 1361 τῶν
1035 1324 1226 1376 μετρίων,
1255 1318 1331 1363 κᾶν
1358 1319 1460 1364 αὐτὸ
1488 1321 1534 1364 τὸ
1558 1329 1691 1378 κρεῖτ-

276 1401 350 1426 τον
395 1383 709 1426 ἀντιτάττεσθαι
746 1387 1002 1440 προαχθείη·
1075 1387 1208 1426 καίτοι
1245 1386 1406 1428 κάκεῖνο
1449 1389 1691 1430 σκοπεῖσθαι

272 1447 434 1502 χρεών,
486 1447 544 1497 ὥς
579 1450 619 1490 εἰ
643 1451 714 1489 καί
751 1450 886 1504 πολλῷ
915 1451 987 1502 τῆς
1012 1446 1216 1504 ὖμετέρας
1253 1446 1444 1505 ἀνδρείοις
1469 1448 1744 1505 ἧττώμενοιαο

273 1512 463 1567 τύχοιεν,
513 1510 616 1555 ἄλλα
648 1515 706 1569 τῷ
739 1511 888 1568 πλήθει
915 1515 1124 1569 κρατοῦσι.
1179 1513 1250 1555 καί
1275 1513 1385 1570 εἴπερ
1411 1513 1458 1557 τὸ
1486 1512 1690 1570 ἑκατέρω-

368 1634 396 1656 ι.
420 1616 448 1654 ὦ
475 1632 543 1656 om.
569 1623 608 1657 R.
700 1621 733 1656 5.
761 1622 832 1654 εἴτε
856 1622 894 1655 R.
999 1624 1030 1658 8.
1058 1621 1318 1668 Κοτριγόρους
1341 1624 1378 1656 R.
1416 1628 1454 1656 et
1474 1624 1564 1669 vulg.
1656 1636 1690 1669 9.

362 1666 599 1711 προσθήσειν
613 1669 663 1708 R„
688 1669 872 1710 προθείην
896 1669 987 1701 coni.
1002 1668 1052 1701 Cl.
1152 1680 1163 1702 ι
1176 1681 1201 1702 ι.
1214 1668 1320 1714 ὐμῶν
1335 1670 1372 1702 Β.
1399 1675 1435 1703 et
1463 1670 1574 1714 Intpr.
1589 1678 1688 1703 vete—

364 1715 415 1747 ris
444 1722 587 1747 vestrae
609 1712 818 1753 modestiae,
850 1713 948 1758 ὑμοῖς
969 1714 1061 1757 vulg,
1172 1715 1223 1751 13.
1239 1713 1331 1758 τύχη
1357 1715 1394 1746 Β.
1492 1714 1542 1758 ¹4·
1570 1717 1690 1760 προϋ-

362 1759 616 1802 πηργαμένοις
627 1760 678 1799 R„
702 1760 812 1803 Intpr.
838 1759 977 1802 legebat
1009 1760 1435 1805 προϋπειργασμένοιςε
1477 1761 1581 1794 rebus
1603 1761 1688 1794 olim

367 1806 510 1849 egregie
535 1805 653 1850 gestis.
776 1807 828 1839 18.
854 1803 925 1839 κᾶν
944 1807 995 1845 R„
1020 1807 1082 1837 καὶ
1105 1805 1214 1850 Lugd.
1241 1811 1277 1839 et
1303 1805 1357 1839 ed.
1381 1815 1447 1850 pr„
1471 1805 1548 1838 κατ’
1559 1806 1632 1838 Par.

372 1919 420 1951 17.
469 1906 572 1947 „Non
593 1912 759 1951 tanquam
781 1916 799 1938 e
827 1911 923 1939 metu
949 1917 1022 1945 voe,
1047 1917 1068 1939 o
1094 1907 1174 1946 viri,
1198 1906 1243 1939 ad
1264 1906 1466 1940 audendum
1497 1913 1687 1949 erecturus,

275 1952 391 1997 (quod
406 1952 550 1997 quidem
569 1958 650 1985 ante
668 1953 804 1996 proelia
823 1953 898 1985 {ieri
919 1952 1040 1992 solet,)
1062 1954 1166 1984 venio
1180 1977 1189 1992 ,
1214 1953 1390 1985 consuetis
1413 1964 1538 1986 usurus
1558 1954 1686 1988 verbis.

275 1997 425 2031 Viderer
447 1999 542 2031 enim
556 1999 715 2042 profecto
736 2009 867 2037 eorum,
882 2008 972 2043 quae
1000 1997 1087 2030 olim
1106 1999 1325 2042 experientia
1345 1999 1422 2042 ipsa
1438 1998 1526 2032 mihi
1548 2001 1688 2044 cognita

279 2049 375 2083 sunt,
394 2044 539 2084 oblitus,
567 2045 596 2082 si
623 2044 716 2086 apud
741 2044 872 2076 milites
897 2044 1068 2075 Romanos
1101 2044 1138 2076 in
1169 2044 1316 2088 proeliis
1341 2055 1478 2088 semper
1509 2044 1688 2086 educatos,

277 2091 412 2134 quique
436 2091 663 2128 maximarum
694 2099 804 2133 prope
833 2089 982 2121 dixerim
1014 2090 1171 2132 gentium
1198 2100 1251 2122 res
1285 2089 1443 2133 publicas
1476 2096 1692 2131 everterunt,

277 2146 372 2169 nunc
388 2146 470 2168 vero
487 2135 650 2168 adversus
665 2145 769 2178 vagos
789 2134 955 2167 barbaros
969 2159 978 2174 ‚
1002 2139 1108 2179 atque
1135 2134 1199 2167 hos
1219 2134 1365 2179 quidem
1385 2135 1532 2168 Hunnos
1551 2142 1596 2169 ,et
1615 2137 1686 2170 Co-

277 2180 429 2224 triguros
444 2204 453 2219 ‚
479 2180 723 2218 exhortatione
746 2179 898 2225 quadam
915 2178 959 2212 ad
983 2179 1234 2212 excutiendum
1262 2186 1394 2213 metum
1423 2181 1683 2215 accommodata

277 2231 406 2260 uterer.
432 2225 501 2258 Sed
516 2237 593 2258 cum
614 2237 651 2259 m
674 2226 774 2259 vobis
800 2236 956 2270 magnam
977 2225 1172 2258 animorum
1205 2226 1395 2259 elationem
1415 2227 1685 2260 confidentiam-

278 2282 348 2316 que
369 2271 641 2305 animadvertam
663 2271 806 2303 modum
827 2281 967 2304 omnem
995 2270 1244 2311 excedentem,
1271 2283 1343 2304 non
1370 2271 1431 2305 abs
1458 2283 1495 2305 re
1530 2273 1685 2305 facturus

278 2315 368 2349 mihi
397 2327 474 2350 sum
499 2318 614 2358 visus,
636 2318 666 2349 si
699 2328 760 2350 vos
790 2317 916 2350 veteris
939 2320 1073 2349 vestrae
1109 2318 1303 2351 modestiae
1337 2319 1684 2351 commonefacerem.

281 2362 397 2395 Omne
418 2363 513 2397 enim
531 2362 799 2396 immoderatum
825 2372 1034 2408 quacunque
1052 2363 1090 2394 in
1111 2374 1148 2395 re
1169 2363 1349 2396 vitandum
1363 2369 1416 2396 est
1426 2364 1510 2397 viris
1521 2363 1684 2403 cordati«,

280 2409 421 2440 etiamsi
446 2409 490 2440 ad
508 2408 726 2442 laudabilem
745 2409 900 2452 aliquem
924 2409 1031 2440 finem
1059 2408 1202 2448 tendat,
1236 2413 1272 2441 et
1300 2410 1409 2442 nimia
1436 2410 1544 2444 animi
1575 2409 1684 2442 elatio

280 2454 520 2499 gloriatioque
540 2454 584 2487 de
603 2453 707 2487 rebus
734 2459 838 2486 antea
863 2453 955 2486 bene
984 2454 1109 2497 gestis,
1136 2465 1204 2499 qua
1234 2455 1386 2487 similem
1410 2459 1581 2499 perpetuo
1605 2465 1684 2486 suc-

279 2509 414 2533 cessum
432 2505 525 2533 certo
547 2499 650 2533 nobis
668 2499 898 2543 pollicemur,
929 2498 1155 2542 prudentiam
1185 2511 1227 2532 ex
1253 2501 1379 2533 animis
1395 2499 1576 2544 profligare
1597 2510 1683 2534 con-

281 2545 415 2584 suevit,
451 2551 487 2578 et
521 2545 566 2578 ad
607 2545 807 2589 superbiam
842 2545 1142 2590 arrogantiamque
1172 2547 1359 2579 concitare.
1422 2544 1494 2589 Qui
1528 2555 1609 2579 vero
1641 2556 1684 2577 eo

279 2591 443 2624 vesaniae
462 2596 656 2630 venerunt,
686 2597 726 2624 ut
755 2590 847 2623 nihil
866 2590 1084 2623 moderatum
1111 2593 1226 2624 animo
1256 2592 1474 2635 concipiant,
1508 2590 1536 2622 ii
1563 2590 1620 2623 vel
1639 2589 1684 2622 ad

280 2635 395 2669 Deum
421 2637 534 2681 ipsum
562 2636 835 2682 oppugnandum
861 2642 942 2670 sunt
970 2637 1114 2669 evasuri.
1162 2636 1302 2670 Adha'ec
1329 2635 1548 2670 considerare
1578 2636 1684 2670 etiam

283 2687 442 2733 oportet,
477 2682 572 2728 quod
597 2684 735 2722 tametsi
769 2681 910 2720 barbari
951 2683 1080 2719 virtute
1119 2681 1248 2719 bellica
1275 2687 1312 2717 et
1340 2681 1550 2720 fortitudine
1581 2681 1686 2731 louge
