1832 3152
365 117 470 171 362
923 133 1192 175 AGATfflAE

361 235 512 276 ὁππότε
538 232 608 274 καὶ
629 234 770 281 ξείνοιο
792 229 863 272 καί
887 233 1094 274 ἐνδαπίοιο
1123 235 1319 286 κυδοιμοῦ

361 299 520 344 ἐλπίδες
544 295 838 350 ἑθραύσθησαν
860 293 934 350 ὕφ’
959 296 1138 352 ἡμετέρῳ
1161 298 1338 350 βασιλῆϊ,

362 362 505 416 δεῦρο,
531 360 666 414 μάκαρ
699 357 906 413 Θεόδωρε,
938 361 1068 415 σοφὸν
1097 361 1308 414 στήσαντες
1330 361 1462 414 ἀγῶνα

361 424 527 477 παίγνια
548 423 772 477 κινήσωμεν
809 423 1064 464 ἀοιδοπόλοιο
1077 427 1260 479 ’χορειἠς.

360 487 429 529 σοί
451 486 530 543 γάρ
558 487 636 541 ἐγώ
660 486 728 528 τὸν
749 482 896 529 ἄεθλον
914 486 1134 540 ἐμόχθεον·
1164 489 1222 535 εἰς
1253 490 1298 529 σὲ
1323 489 1368 528 δὲ
1386 488 1534 540 μύθων

360 553 553 606 ἐργασίην
575 546 754 605 ἦσκησα,
782 554 856 606 μιῇ
883 553 922 591 δ’
943 550 1025 591 ὑπὸ
1055 551 1201 604 σύζυγι
1218 553 1344 607 βίβλῳ

360 617 557 671 ἐμπορίην
578 611 753 670 ἤθροισα
774 617 1021 666 πολυξείνοιο
1041 617 1245 670 μελίσσης,
1286 642 1293 643 ff

361 678 433 720 καί
461 679 579 721 τόσον
603 681 646 728 ἐξ
664 679 814 732 ε’λέγοιο
838 681 1087 734 πολυσπερὲς
1109 674 1233 726 ἄνθος
1257 679 1444 732 ἀγείρας,

360 744 523 796 στέμμα
545 759 610 784 σοι
639 743 839 795 εὕμύθοιο
860 743 1105 798 καθήρμοσα
1131 742 1429 797 Καλλιοπείης,

360 808 415 855 ὥς
439 806 568 863 φηγὸν
595 806 824 862 Κρονίωνι,
853 809 924 847 καί
946 806 1124 854 ὁλκάδας
1151 805 1415 864 Ἐννοσιγαίῳ,

364 871 419 919 ὥς
452 867 575 926 ’Ἀρεῖ
591 872 789 926 ζωστῆρα,
818 871 889 912 καί
905 869 1130 912 Ἀπόλλωνι
1157 872 1377 926 φαρέτρην,

363 934 420 982 (ὅς
442 935 568 988 χέλυν
584 935 800 989 Ἑρμάωνι,
825 934 896 975 καί
923 935 1120 990 ἧμερίδας
1149 934 1349 990 Διονύσῳ.

363 997 455 1040 οἶδα
488 997 566 1054 γὰρ
595 999 650 1046 (ὃς
676 994 868 1052 ἄλληκτον
888 1000 989 1053 ἒμῆς
1009 997 1148 1054 ἱδρῶτι
1171 1002 1369 1053 μεριμνης

359 1059 482 1116 εὖχος
503 1063 748 1113 ἐπιστάξειεν
775 1063 983 1116 ἐπωνυμίη
1017 1061 1247 1117 Θεοδώρου.

439 1131 484 1168 Π
497 1144 520 1183 ρ
535 1130 638 1168 ὦτα
665 1126 711 1168 δέ
735 1142 800 1168 σοι
820 1126 999 1179 λέξαιμι,
1028 1126 1356 1180 παλαιγενέεσσιν
1376 1127 1539 1183 ἐρίζων,

357 1188 537 1246 ὅσσαπερ
559 1191 791 1246 ἐγράψαντο
818 1191 908 1244 νέης
929 1193 1138 1245 γενετῆρες
1160 1191 1312 1245 ἀοιδῆς,

359 1256 415 1304 ὥς
435 1257 647 1311 προτέροις
673 1254 926 1309 μακάρεσσιν
952 1255 1167 1306 ἀνειμένα·
1194 1257 1265 1295 καί
1288 1254 1364 1309 γὰρ
1390 1254 1504 1312 ἐῴκει

356 1318 597 1375 γράμματος
620 1318 811 1373 ἀρχαιόιο
838 1316 968 1372 σοφὸν
991 1319 1159 1372 μιμημα
1186 1317 1378 1372 φυλάξαι.

434 1380 564 1428 Ἀλλά
590 1380 711 1422 πάλιν
730 1398 760 1433 μ
773 1385 836 1422 ετ’
863 1382 944 1422 ἐκε
957 1386 979 1420 ἴ
983 1398 1004 1422 ν
1017 1398 1043 1422 α
1069 1383 1308 1436 παλαίτερον
1330 1377 1453 1434 εὖχος
1473 1382 1616 1438 ἀρήγει

358 1443 538 1501 ὅσσαπερ
565 1441 592 1499 ἢ
617 1445 863 1500 γραφίδεσσι
884 1445 1144 1500 χαράξαμεν,
1172 1439 1200 1499 ἦ
1223 1461 1302 1486 τινι
1325 1445 1447 1503 χώρῳ
1463 1480 1476 1500 ,

357 1509 438 1552 εἴτε
457 1511 527 1550 καί
545 1508 758 1563 εὐποίητον
779 1509 850 1550 ἐπὶ
869 1508 1036 1565 βρέτας,
1066 1508 1146 1550 εἴτε
1169 1511 1240 1550 καί
1257 1506 1381 1564 ἄλλης

356 1576 500 1628 τέχνης
523 1572 755 1629 ἐργοπόνοιο
774 1574 1116 1628 πολυσπερέεσσιν
1143 1573 1321 1621 ἀέθλοις.

437 1640 528 1679 Καί
551 1637 806 1693 τριτάτην
829 1639 1007 1691 βαλβϊδα
1034 1636 1213 1691 νεήνιδος
1235 1636 1380 1690 ἔλλαχε
1400 1636 1544 1691 βίβλου

354 1700 460 1745 ὅσσα
481 1704 602 1754 θέμις
629 1701 844 1755 τύμβοισι·
871 1700 998 1757 τάπερ
1022 1700 1120 1749 θεός
1139 1703 1182 1743 ἐν
1197 1703 1274 1754 μὲν
1299 1701 1420 1758 ἀοιδῇ

353 1769 545 1809 ἐκτελέειν
566 1766 765 1818 νεύσειεν,
792 1767 835 1807 ἐν
853 1762 1016 1822 ἀτρεκίῃ
1039 1767 1084 1807 δὲ
1106 1764 1258 1806 διώκοι.

427 1829 557 1873 Ὄσσα
581 1833 627 1872 δὲ
648 1832 719 1870 καί
734 1828 884 1883 βιότοιο
913 1831 1231 1884 πολυσπερέεσσι
1254 1828 1461 1876 κελεύθοις

351 1895 590 1951 γράψαμεν,
619 1890 821 1941 ἀσταθέος
846 1894 891 1934 δὲ
915 1892 1044 1947 τύχης
1071 1896 1314 1947 σφαλεροῖσι
1338 1892 1562 1945 ταλάντοις,

353 1960 491 2015 δέρκεό
516 1975 589 2012 μοι
606 1961 763 2012 βίβλοιο
784 1958 896 2013 παρὰ
924 1958 1101 2013 κρηπῖδα
1121 1974 1145 1998 τ
1156 1973 1175 1996 ε
1188 1973 1211 1997 τ
1225 1955 1252 1997 ά
1264 1973 1286 2011 ρ
1300 1973 1357 2010 τη
1370 1973 1405 1997 ν.

434 2026 523 2065 Nat*
540 2023 650 2077 τάχα
672 2026 743 2064 καί
769 2025 974 2076 πέμπτο
988 2037 1034 2063 ιο
1055 2021 1178 2077 χάρις
1199 2020 1376 2070 θέλξειεν
1397 2021 1562 2074 ἀέθλου,

350 2088 505 2129 ὁππόθι
540 2089 819 2143 κερτομέοντες
842 2086 1060 2139 ἐπεσβόλον
1089 2082 1190 2139 ἦχον
1220 2086 1363 2139 ἀοιδῆς

351 2152 595 2207 γράψαμεν·
621 2147 774 2192 &uvat
780 2166 836 2193 ον
867 2151 912 2191 δὲ
935 2151 1057 2202 μέλος
1085 2149 1314 2190 κλέπτουσα
1342 2147 1523 2203 Κυθήρη

352 2218 410 2264 εἰς
434 2216 586 2270 ὀάρους
611 2217 762 2269 ἑλέγοιο
788 2213 1065 2270 παρατρέψειε
1103 2213 1293 2267 πορειήν,

350 2282 421 2321 καί
442 2278 661 2335 γλυκερούς
690 2281 732 2328 ἐς
757 2277 932 2334 ἔρωτας’
968 2280 1012 2320 ἒν
1045 2277 1103 2331 ἐβ
1116 2279 1141 2318 δ
1152 2293 1215 2329 ομ
1229 2276 1322 2333 άτῃ
1368 2278 1413 2318 δὲ
1432 2278 1618 2333 μελίσσῃ,

351 2343 610 2400 εὐφροσύνας
633 2344 837 2396 Βάκχοιο,
867 2342 1142 2398 φιλακρήτους
1166 2357 1208 2383 τε
1228 2345 1406 2396 χορείας,

357 2411 428 2451 καί
452 2410 586 2462 μέθυ,
624 2409 694 2450 καί
719 2410 921 2463 κρητῆρα,
949 2409 1020 2448 καί
1054 2402 1174 2458 ὄλβια
1198 2408 1340 2446 δεῖπνα
1361 2405 1528 2458 νοήσεις.

940 2485 1002 2521 2:³⁴
1048 2483 1170 2529 (Ibid.)

751 2540 848 2574 Τοῦ
875 2541 1026 2573 αὐτοῦ
1046 2539 1298 2584 ’Λγαθίου.

352 2599 507 2651 Στῆλαι
536 2596 606 2637 καί
632 2597 827 2651 γραφίδες
859 2594 930 2635 καί
954 2594 1138 2647 κύρβιες,
1167 2591 1420 2648 εὐφροσύνης
1449 2592 1525 2644 μὲν

434 2658 543 2702 αἴτια
565 2666 650 2707 τοῖς
672 2661 805 2701 ταῦτα
832 2658 1095 2713 κτησαμένοις
1116 2655 1292 2710 μεγάλης
1305 2670 1317 2684 ·

1745 616 1813 653 105

1741 1263 1811 1302 115

1742 1590 1814 1616 120
