1794 3112
281 99 344 151 16
797 117 1067 158 AGATHIAE

86 222 125 258 A.
147 223 185 256 C.
205 224 268 257 552
279 212 430 271 ἑκάστῳ
455 215 642 269 θυμῆρές
663 229 704 255 τε
730 208 778 269 ἦν
797 219 868 256 καί
889 218 1140 269 εἰθισμένον,
1169 217 1374 272 ἐχώρουν·
1402 216 1438 258 οἱ
1471 219 1514 259 δὲ
1543 217 1670 270 ἐκτός,

142 270 167 300 Ῑ·
192 270 216 301 I·
229 272 497 331 26ὃιαβοίντες,
514 278 626 334 ἀμφὶ
641 278 835 320 Βενετίαν
855 283 924 321 καί
941 280 989 321 τοὶ
1017 282 1111 336 τῇδε
1131 280 1311 336 φρούρια
1333 283 1403 322 καί
1426 284 1670 333 πολίσματα,

235 358 261 391 C
271 337 372 398 ᾗπερ
402 342 472 382 καί
499 343 544 382 ἐν
572 344 628 398 τῷ
645 341 722 397 πρὸ
749 346 834 395 τοῦ,
862 344 1158 385 ἐσκεδάννυντο·
1187 344 1325 398 ἐπειδὴ
1355 340 1429 386 οὖν
1465 346 1509 385 ἐν
1534 347 1676 386 τοῖσδε·

268 403 490 458 ἐτύγχανον
507 399 628 456 ὄντες,
648 409 850 460 προσῆκον
865 407 1014 456 αὐτοὺς
1033 407 1083 448 τὰ
1106 410 1182 460 μὲν
1204 408 1420 459 ὥμοσμὲνα
1436 413 1519 456 τοῖς
1536 407 1668 463 ἔργοις

269 465 410 516 αύτοῖς
434 469 691 520 ἐμπεὸὤσαι,
718 468 764 510 τά
800 472 844 511 δὲ
871 474 1050 525 σφέτερα
1072 473 1117 511 ἐν
1143 473 1198 526 τῷ
1223 467 1408 525 ἀσφαλεῖ
1425 473 1692 523 κατέχοντας5

266 530 464 573 κινδύνων
484 529 747 585 ἀπηλλάχθαι
766 536 954 588 χρονίων,
971 537 1041 574 καί
1059 533 1176 586 μόλις
1194 536 1294 587 γοῦν
1311 536 1391 575 usu
1409 536 1552 576 δεινῶν
1569 531 1669 575 civa-

265 597 449 636 πνεῦσαι·
475 594 513 636 οἱ
540 597 596 647 ὸὲ,
624 595 839 650 ἐλάχιστον
857 597 1113 650 ἐπισχόντες,
1142 599 1343 653 νεωτέρων
1365 593 1488 646 αὖθις
1508 597 1667 652 ἐφίεντο

265 657 531 713 πραγμάτων,
573 662 644 699 καί
669 660 711 707 ἐς
736 659 869 714 ἀρχὴν
898 657 1038 715 ἐτέρου
1078 662 1254 712 πολέμου
1290 660 1551 706 καθίσταντο.
1580 659 1677 713 ἐπείι

264 738 308 762 τε
334 722 455 763 αύτοί
475 720 576 762 κατὰ
603 725 712 776 σφᾶς
741 724 872 764 οὐκέτι
906 723 1009 778 πρὸς
1031 723 1267 775 (Ρωμαίους
1298 724 1514 776 ἀξιόμαχοι
1543 717 1668 780 ᾤοντο

264 783 381 836 εἶναι,
407 781 555 825 αὐτίκα
579 785 690 840 παρὰ
713 786 809 840 τούς
843 789 1058 842 Φράγγους
1081 785 1311 841 ἐτράποντο,
1338 783 1503 839 ἄμεινον
1525 788 1717 842 σφίσινιο

264 850 402 896 αὐτοῖς
419 846 465 889 τά
490 849 672 902 παρόντα
700 848 870 891 ἔσεσθαι
892 851 1105 905 κρίνοντες,
1133 854 1202 892 καί
1217 850 1288 905 τὴν
1317 847 1517 906 ὠφέλειαν
1549 852 1592 898 ἐς
1617 847 1666 902 ὅ,

264 927 303 953 τι
320 912 495 964 μάλιστα
528 913 818 967 διαρκεστάτην
830 947 842 965 ,
869 912 949 966 εἶ’γε
970 915 1013 964 ἐξ
1039 911 1201 969 ὁμόρων
1218 930 1259 956 τε
1281 916 1353 955 καί
1375 914 1666 970 ἀστυγειτόνων

262 974 498 1026 ξυμμαχίαν
517 976 755 1028 ἐπαγόμενοι
782 974 868 1018 εἶτα
890 979 1040 1018 θᾶττον
1063 978 1397 1030 ἄναμαχέσοιντο.

232 1046 264 1077 D
339 1036 389 1090 β’.
406 1035 641 1091 Πρόσοικοί
662 1055 705 1079 τε
721 1041 797 1094 γάρ
815 1041 894 1081 εἶσι
904 1042 953 1095 τῇ
978 1040 1125 1098 Ἰταλίᾳ
1144 1042 1215 1081 καί
1234 1032 1522 1095 ιῖγχιτὲρμονες
1538 1040 1584 1082 τὸ
1599 1043 1665 1094 γέ-

261 1116 330 1150 νος
350 1102 430 1141 τῶν
444 1101 652 1155 Φράγγων.
677 1100 758 1144 εἷέν
778 1105 824 1143 δ’
845 1099 896 1144 ἂν
920 1098 1028 1145 οὗτοι
1052 1103 1089 1144 οἱ
1114 1104 1240 1144 πάλαι
1262 1101 1551 1156 ὀνομαζόμενοι
1560 1106 1716 1158 sep-15

260 1167 396 1217 μανοί.
411 1167 531 1219 δῆλον
557 1168 615 1206 δέ·
633 1162 746 1221 ἀμφὶ
760 1167 909 1221 ζΡῆνον
925 1166 999 1222 γὰρ
1014 1167 1195 1219 ποταμὸν
1214 1169 1367 1208 οἰκοῦσι
1388 1169 1459 1208 καί
1469 1166 1543 1222 τήν
1563 1167 1666 1208 ταύ-

260 1245 308 1284 τῃ
323 1223 499 1282 ἤπειρον,
515 1227 655 1281 ἔχουσι
667 1231 713 1270 δὲ
730 1230 801 1271 καί
821 1232 859 1271 Γ
857 1234 1008 1271 αλλιαῖν
1029 1229 1079 1272 τὰ
1101 1235 1279 1283 πλεῖστα,
1291 1227 1340 1271 οὗ
1354 1231 1548 1286 πρότερον
1562 1231 1666 1285 πρὸς

259 1293 394 1333 αὐτῶν
406 1292 666 1345 κατεχόμενα,
689 1294 778 1334 ἀλλ’
797 1291 962 1348 ὕστερον
980 1295 1257 1348 ἐπικτηθέντα,
1273 1296 1344 1335 καί
1354 1292 1426 1350 τὴν
1439 1293 1664 1335 Μασσαλί-

258 1372 309 1397 αν
331 1354 457 1406 πόλιν,
478 1354 574 1404 τούς
587 1356 734 1398 Ἰώνων
765 1353 969 1406 ἀποίκους.
992 1359 1145 1410 ταύτην
1165 1356 1241 1411 γὰρ
1262 1357 1311 1411 δὴ
1325 1357 1452 1398 πάλαι
1479 1359 1664 1404 Φωκαεῖς

257 1415 446 1467 ἐξἈσίας
462 1417 540 1459 ὑπὸ
551 1420 713 1473 ῙῑῙήδων
726 1420 972 1468 ἀναστάντες
987 1419 1404 1476 κατῴκισαν,Δαρείου
1417 1422 1489 1460 τοῦ
1510 1419 1523 1434 ‘
1533 1418 1714 1461 Yazd-20

256 1497 366 1523 σπεω
374 1484 548 1536 Περσῶν
560 1483 853 1535 βασιλεύοντος,
865 1485 938 1524 καί
947 1485 1018 1524 νῦν
1029 1479 1299 1536 ἐξἙλληνίδος
1319 1482 1409 1524 ἐστὶ
1418 1483 1663 1537 βαρβαρική·

345 1549 376 1590 4.
405 1547 598 1593 ὁμοσμένα
627 1549 664 1580 Β.
758 1550 788 1582 5.
816 1550 1029 1592 κατέχοντες
1062 1550 1099 1581 Β.
1171 1551 1220 1585 13.
1242 1548 1280 1584 ἐς
1307 1547 1384 1581 εἶτα
1411 1550 1449 1580 R.
1520 1546 1663 1593 ἄναμα·

345 1594 516 1636 χέσοιντο
549 1595 588 1629 Β.
602 1619 620 1646 '.,
648 1593 917 1638 ἄναμαχέοιντο
954 1595 1045 1648 vulg.
1129 1593 1179 1636 14.
1201 1602 1239 1626 τε
1266 1593 1345 1626 add.
1378 1593 1419 1624 fr.
1449 1597 1484 1624 et
1510 1593 1548 1625 R.
1616 1593 1659 1638 τῇ

343 1637 480 1681 Ἰταλίᾳ
504 1639 555 1678 Β.,
579 1650 642 1679 της
662 1639 819 1675 Ἰταλίας
838 1640 942 1682 vulg„
965 1649 1094 1679 ταυτης
1122 1639 1158 1670 Β.
1278 1648 1328 1681 ¹7.
1358 1635 1397 1670 δὲ
1422 1639 1474 1677 Β.,
1498 1646 1543 1680 γε
1567 1638 1660 1683 vulg.

347 1695 401 1717 20.
427 1683 640 1726 κατῴκησαν
662 1685 699 1716 Β.

256 1739 372 1772 bitum
391 1744 465 1771 crat
485 1744 749 1781 concesserunt3
783 1739 844 1771 alii
870 1749 952 1772 vero
979 1743 1072 1771 trans
1097 1738 1226 1771 Padum
1247 1740 1336 1771 circa
1356 1737 1522 1770 Venetias
1547 1739 1658 1782 sparsi

256 1787 296 1816 in
319 1785 470 1816 castellis
491 1789 526 1816 ct
547 1784 744 1828 oppidulis‚
767 1784 897 1828 quibus
918 1789 1111 1823 assuerant,
1137 1784 1379 1816 consederunt.
1428 1783 1516 1815 Cum
1534 1785 1656 1828 itaque

255 1829 325 1861 hoc
354 1830 391 1861 in
430 1834 520 1861 statu
550 1834 667 1861 essent
698 1840 753 1861 res
781 1828 992 1868 Gothorum,
1030 1829 1179 1861 decebat
1210 1829 1304 1872 ipsos
1333 1833 1433 1872 pacta
1466 1829 1582 1862 iurata
1617 1839 1656 1862 re

256 1875 334 1918 ipsa
364 1875 535 1918 factisque
563 1874 768 1907 confirmare
791 1879 827 1906 et
850 1874 1028 1912 stabilire,
1063 1878 1099 1905 et
1126 1885 1179 1906 res
1201 1885 1278 1906 suas
1301 1875 1339 1906 in
1366 1878 1444 1906 tuto
1465 1874 1656 1907 continen-

256 1924 323 1959 tes,
347 1930 421 1952 sese
439 1931 458 1951 a
480 1919 655 1952 diuturnis
676 1919 843 1963 periculis
863 1919 1040 1951 vindicare
1055 1943 1064 1958 ‚
1099 1923 1204 1963 atque
1229 1918 1421 1963 aliquando
1445 1917 1587 1951 tandem
1608 1919 1656 1951 ab

257 1966 433 1997 aerumnis
461 1965 643 2008 respirare.
691 1965 737 1996 At
761 1975 843 1996 vero
870 1975 947 1996 cum
971 1975 1033 2008 per
1055 1963 1295 1996 brevissimum
1313 1969 1449 2006 tempus
1469 1973 1546 1996 sese
1568 1974 1655 1997 con-

255 2011 466 2048 tinuissent,
498 2021 612 2043 rursus
644 2021 697 2042 res
724 2020 828 2041 novas
852 2010 988 2049 moliti,
1031 2009 1178 2041 alterius
1211 2009 1298 2041 belli
1322 2009 1457 2041 semina
1484 2009 1654 2042 iecerunt.

259 2055 418 2100 Cumque
441 2054 510 2098 ipsi
537 2066 601 2098 per
624 2065 660 2087 se
689 2055 838 2098 impares
859 2064 933 2086 sese
953 2054 1169 2093 iudicarent,
1206 2054 1266 2098 qui
1291 2053 1456 2097 deinceps
1485 2064 1564 2086 cum
1585 2055 1655 2086 Ro-

255 2100 366 2132 manis
386 2101 658 2143 praeliarentur,
694 2100 811 2132 statim
837 2099 882 2131 ad
913 2100 1063 2131 Francos
1087 2109 1123 2131 se
1151 2104 1418 2137 converterunt,
1452 2098 1577 2131 melius
1598 2109 1654 2132 res

257 2156 334 2177 suas
359 2144 540 2177 habituras
574 2146 664 2184 rati,
699 2145 961 2189 utilitatemque
989 2155 1024 2176 se
1055 2144 1137 2176 inde
1165 2144 1267 2187 longe
1286 2143 1500 2176 uberrimam
1525 2154 1650 2187 perce-

254 2195 397 2233 pturos,
433 2191 461 2222 si
493 2201 571 2222 cum
594 2190 750 2222 finitimis
773 2195 808 2223 et
829 2190 1036 2234 propinquis
1058 2189 1225 2222 societate
1246 2189 1336 2222 inita
1358 2188 1491 2221 bellum
1510 2189 1651 2222 facilius

254 2235 496 2268 instaurarent.

350 2291 380 2313 2.
408 2281 497 2312 Sunt
519 2282 614 2313 enim
631 2280 755 2313 Franci
773 2280 870 2313 Italis
890 2279 1028 2312 accolae
1049 2283 1085 2311 et
1101 2279 1322 2318 contermini,
1346 2279 1430 2311 olim
1449 2278 1536 2312 dicti
1559 2277 1649 2312 Ger-

257 2326 373 2365 mani;
423 2326 518 2370 quod
553 2325 697 2370 quidem
725 2326 808 2358 satis
845 2329 990 2357 constat.
1051 2323 1140 2355 Nam
1179 2325 1270 2355 circa
1310 2323 1468 2357 Rhenum
1502 2323 1648 2359 fluvium

256 2371 440 2410 habitant,
481 2376 517 2403 et
548 2371 787 2404 continentem
819 2371 852 2402 ei
885 2369 1123 2407 adiacentem,
1167 2369 1423 2413 maximamque
1453 2369 1648 2402 Galliarum

259 2421 396 2460 partem
427 2422 614 2459 occupant,
651 2427 723 2448 non
754 2414 898 2460 quidem
932 2416 1000 2447 iam
1029 2414 1115 2446 olim
1146 2413 1190 2445 ab
1222 2414 1306 2457 ipsis
1341 2425 1550 2458 possessam,
1583 2413 1647 2446 sed

257 2462 433 2505 posterius
459 2462 676 2505 acquisitam.
722 2461 914 2492 Massiliam
942 2470 1082 2503 quoque
1109 2458 1232 2490 urbem
1257 2464 1399 2499 tenent,
1431 2461 1554 2492 Ionum
1583 2469 1646 2490 co-

259 2507 399 2538 loniam.
448 2506 543 2538 Hanc
566 2507 658 2538 enim
683 2506 767 2538 olim
791 2504 984 2538 Phocenses
1005 2515 1048 2537 ex
1076 2504 1159 2536 Asia
1184 2515 1204 2535 a
1223 2503 1337 2537 Medis
1360 2505 1458 2548 >pulsi
1485 2502 1645 2536 incolue-

258 2556 351 2590 runt,
375 2552 482 2584 Dario
503 2552 683 2594 Hystaspis
714 2552 787 2584 filio
820 2550 914 2594 apud
936 2551 1054 2582 Persas
1077 2553 1264 2592 regnante3
1298 2554 1334 2582 et
1358 2560 1451 2582 nunc
1473 2559 1516 2580 ex
1533 2548 1645 2580 Grae-

259 2597 379 2628 canica
419 2601 473 2629 est
513 2596 702 2628 barbarica.
764 2596 874 2628 Patria
914 2596 1006 2628 enim
1047 2595 1098 2628 rei
1137 2593 1299 2636 publicae
1341 2593 1644 2627 administratione

259 2641 413 2681 abiecta,
456 2642 706 2687 imperantium
742 2641 880 2686 legibus
912 2641 1031 2674 utitur.
1088 2639 1239 2677 Videtur
1269 2649 1350 2675 vero
1385 2639 1492 2672 etiam
1524 2637 1646 2676 hodie,
