1832 3152
569 99 944 142 fflsromARUM
985 101 1055 144 iv.
1085 106 1153 150 19.
1343 155 1345 157 q
1500 81 1608 155 247

175 199 366 262 ξυνέρῥει
387 201 692 260 ὄλοφυρόμενα·
732 201 840 259 ἀτὰρ
870 199 970 246 οῦδὲ
997 203 1155 247 τούτων
1183 199 1405 257 α’πείχοντο
1436 200 1476 244 οῖ
1499 201 1661 246 ‘Pon-A.
1679 212 1716 246 C.
1729 212 1796 247 556

171 276 306 325 μαῖοι,
331 269 435 326 ὄργῇ
460 267 698 326 φερόμενοι,
738 270 830 312 ἀλλ’
863 269 1060 323 ᾳῖμότατα
1085 268 1159 313 καί
1191 264 1323 312 αὗται
1344 260 1646 323 κτεινόμεναι,Ῑ·
1657 261 1738 295 1-30

173 333 392 392 ἆπήλαυον
416 337 490 390 τῆς
508 335 593 377 ταῖν
617 332 809 392 ἆρῥένων
835 336 1111 385 ἀτασθαλίας.
1149 335 1228 389 μία
1254 336 1301 385 δέ
1321 348 1384 385 τις
1410 335 1494 377 τῶν
1516 349 1619 388 κομ-

171 402 364 457 ψοτέρων
388 401 498 459 δᾷδα
521 403 757 455 κατέχουσα
788 403 1034 457 καιομένην,
1062 402 1355 458 ἐμφανέστατα
1378 398 1612 456 ἐπορεύετο·

143 465 244 518 ὄκαί
275 466 304 522 ἦ
337 468 418 520 μὲν
445 466 628 524 δορατίῳ
671 464 747 522 τήν
788 469 972 523 γαστέρα
1016 468 1338 523 διατορηθεῖσα,
1367 463 1615 521 οἰκτρότατα

167 522 407 588 ἐτεθνήκει,
449 534 533 575 τῶν
568 534 616 575 δέ
647 549 711 582 τις
757 532 987 586 εΡωμαίων
1019 529 1263 586 ἀνελόμενος
1301 528 1348 573 τὸ
1379 531 1655 585 λαμπάδιονΒ

166 595 366 652 ἐμβάλλει
390 600 475 655 πῦρ
499 603 586 649 τοῖς
614 598 957 655 περιαυλίσμασι,
981 597 1034 641 τοὶ
1061 600 1121 652 δὲ,
1150 598 1307 655 (ξύλοις
1331 594 1412 653 γάρ
1437 594 1510 638 καὶ
1533 611 1611 652 φο-

166 666 281 721 ρυτῷ
298 662 526 719 ἐτύγχανον
547 665 864 722 ἐσκευασμένα,>
883 664 1060 719 τάχιστα
1080 665 1372 719 ἐνεπίμπρατο·
1399 658 1428 718 ἢ
1445 677 1489 703 τε
1505 659 1611 718 φλὸξ

164 730 210 778 ἐς
231 733 427 772 τοσοῦτον
447 731 651 784 μεγέθους
687 730 864 787 ἐξήρθη,
894 732 951 780 ὡς
979 733 1051 773 καί
1069 731 1126 788 τῷ
1161 727 1368 783 Ἀψιλιῖον
1396 726 1512 770 ἔθνει
1536 729 1611 768 καί

113 801 249 846 ιοτοΐς
271 796 522 853 ποῤῥωτέρω
561 794 623 838 ἔτι
651 795 704 839 τὰ
743 795 975 850 ποιούμενα
1013 795 1281 851 διαγγέλλειν.
1318 793 1413 838 τότε
1447 790 1496 848 δὴ
1533 788 1608 834 οὖν

163 860 237 903 καί
256 863 417 916 μᾶλλον
457 862 495 904 οἱ
515 861 725 918 βάρβαροι
760 860 896 918 χύδην
925 861 1183 905 ἀπώλλυντο.
1211 859 1249 903 οἱ
1283 862 1362 914 μὲν
1391 858 1471 915 γὰρ
1505 856 1610 900 οἴκοι

160 926 770 984 μεμενηκότεςᾼέπυρπολοῦντο
808 924 836 983 ἢ
873 926 1200 982 κατεχώννυντο·
1235 932 1322 976 τοῖς
1344 927 1391 968 δὲ
1422 922 1526 980 πρὸς
1557 922 1610 966 τὰ

159 991 278 1043 ἐκτὸς
320 995 630 1036 διεκπίπτουσιν
677 990 939 1049 ἑτοιμότερος
980 992 1001 1035 ὃ
1041 995 1088 1036 ἐκ
1132 993 1216 1035 τῶν
1258 993 1389 1048 ξιφῶν
1434 985 1607 1046 ὄλεθρος

159 1051 409 1114 ἐφειστήκει.
457 1061 603 1108 παῖδες
637 1060 683 1102 δὲ
721 1057 867 1100 πολλοὶ
900 1056 1316 1113 κλαυθμυριζόμενοί
1344 1072 1388 1098 τε
1425 1058 1499 1098 καί
1531 1053 1607 1104 τοὶς

107 1121 358 1174 ,5τεκούσας
389 1123 664 1179 ἀναβοῶντες,
693 1124 927 1180 ἡλίσκοντο·
975 1124 1049 1164 καί
1073 1121 1235 1164 τούτων
1267 1121 1367 1171 τοὺς
1395 1123 1473 1175 μὲν
1499 1119 1607 1161 κατὰ

155 1191 240 1231 τῶν
278 1191 436 1246 πετρῶν
475 1187 659 1247 ἀφειδῶς
701 1189 988 1243 ἀκοντίζοντες,
1027 1188 1346 1245 διεσπάραττον·
1395 1184 1500 1229 ἔνιοι
1553 1187 1637 1231 δὲο

157 1251 296 1311 ὥσπερ
326 1257 372 1298 έν
407 1257 558 1314 παιδιᾷ
585 1258 629 1306 ἐς
656 1253 767 1311 ὕψος
799 1253 1118 1312 ἅνερῥίπτοντο,
1159 1253 1231 1295 καί
1259 1249 1347 1296 εἶτα
1379 1255 1438 1311 τῷ
1475 1246 1603 1306 ἄχθει

157 1319 477 1377 οἷντιφερόμενοι
493 1355 507 1375 ,
547 1321 710 1378 ὀρθίοις
733 1327 818 1371 τοῖς
844 1322 1014 1378 δόρασιν
1036 1321 1357 1375 ὖποδεχθέντες,
1384 1320 1429 1362 ἐν
1451 1321 1509 1376 τῷ
1527 1334 1603 1371 με-

156 1386 299 1443 τεώρῳ
323 1388 627 1443 διεπερονῶντο.
668 1387 742 1429 καί
761 1382 812 1443 ἦν
835 1386 914 1441 μὲν
942 1387 992 1429 οὗ
1017 1386 1162 1443 πόῤῥω
1186 1387 1267 1428 τῶν
1289 1385 1456 1428 εἰκότων
1472 1388 1602 1439 χαλε-

106 1449 323 1495 2οπαίνειν
357 1451 526 1507 σφόδρα
554 1452 654 1502 τούς
688 1453 934 1506 εΡωμαιόυς
963 1454 1021 1510 τῷ
1057 1455 1140 1495 τῶν
1174 1453 1450 1504 Μισιμιανῶν
1478 1451 1602 1505 γένει,

156 1517 232 1558 τοῦ
255 1531 300 1557 τε
321 1516 566 1573 Σωτηρίχου
599 1518 727 1571 ἕκατι,
756 1520 829 1559 καί
854 1521 925 1573 τῆς
957 1517 1029 1560 ἐπὶ
1059 1524 1144 1567 τοῖς
1177 1519 1379 1572 πρέσβεσι
1416 1530 1602 1571 παρανο-

154 1581 270 1636 μίας.
312 1580 399 1624 ἔδει
422 1584 468 1624 δὲ
499 1579 612 1636 ὅμως
638 1583 718 1637 οὐχ
754 1579 851 1626 ὅσον
883 1582 955 1625 καί
981 1584 1024 1633 ἐς
1046 1580 1158 1625 αὐτὰ
1186 1581 1235 1638 δὴ
1258 1581 1310 1625 τοὶ
1337 1579 1479 1636 νεογνὰ
1504 1581 1603 1635 βρέ-

246 1678 278 1700 2.
303 1657 416 1699 αὗται
439 1667 492 1708 R„
517 1666 629 1700 αὐταὶ
651 1667 745 1712 vulg.
842 1680 877 1712 9.
901 1667 1060 1700 τοσοῦτο
1086 1667 1124 1700 R.
1245 1677 1297 1700 ιο.
1322 1663 1434 1711 πόρ’ῥ.
1460 1663 1516 1698 ἔτι
1544 1665 1601 1706 R„

244 1712 301 1746 ἔτι
325 1712 438 1759 ποῤῥ,
466 1714 559 1758 vulg.
656 1725 707 1749 ιι.
733 1713 947 1748 vendanum
974 1715 1010 1746 R.
1066 1711 1407 1748 13.διαπίπτουσιν
1433 1713 1473 1747 R.
1542 1723 1595 1745 22.

245 1758 323 1792 ἔδει
355 1761 393 1793 Β.
419 1765 457 1793 et
490 1761 603 1806 Intpr.
629 1772 705 1794 non
729 1769 920 1806 tantopere
945 1769 1028 1794 erat
1050 1758 1358 1799 desaeviendum,
1391 1758 1475 1791 ἐπεὶ
1499 1759 1593 1804 vulg.

241 1804 336 1842 ὅσον
347 1807 383 1840 R.
410 1806 523 1852 Lugd.
554 1819 581 1841 1.
608 1818 654 1840 m.
681 1812 718 1840 et
741 1806 796 1842 ed.
820 1818 900 1852 pr.,
940 1803 1050 1842 ὅσιον
1069 1806 1181 1852 Lugd.
1207 1817 1275 1850 mg·
1304 1811 1342 1839 et
1355 1806 1430 1839 Par.

150 1897 244 1932 foras
267 1895 505 1931 confluebant.
556 1896 627 1931 Sed
650 1908 770 1944 neque
787 1897 832 1931 ab
853 1897 910 1931 his
929 1897 1164 1932 abstinebant
1185 1897 1345 1939 Romani,
1365 1896 1417 1932 ira
1441 1896 1596 1940 abrepti,

153 1944 215 1978 sed
232 1944 479 1978 crudelissime
498 1943 604 1977 etiam
631 1944 699 1978 hae
727 1945 925 1978 trucidatae
954 1946 1114 1979 virorum
1141 1946 1350 1978 sceleratam
1378 1944 1597 1990 proterviam
1637 1964 1641 1969 -

151 1990 311 2027 luebant.
359 1992 439 2024 Una
458 1996 578 2025 autem
605 2003 649 2025 ex
670 1992 952 2037 elegantioribus
970 2003 1155 2026 accensam
1175 1991 1290 2025 facem
1305 2003 1412 2024 manu
1443 1996 1595 2036 gestans,

150 2036 255 2071 valde
275 2037 467 2083 conspicue
486 2037 690 2073 incedebat.
740 2039 811 2073 Sed
833 2039 943 2072 etiam
977 2038 1067 2072 haec
1084 2039 1186 2072 hasta
1210 2043 1372 2071 ventrem
1401 2037 1594 2071 transfossa

152 2084 350 2118 miserrime
371 2085 489 2129 periit.
540 2085 780 2119 Romanorum
803 2097 887 2119 vero
906 2086 1053 2132 quidam
1075 2091 1217 2129 arrepta
1236 2085 1312 2117 face
1336 2085 1454 2129 ignem
1478 2083 1594 2116 domi-

150 2129 219 2163 bus
239 2131 404 2174 immisit3
430 2143 520 2177 quae
541 2137 582 2164 ut
603 2138 705 2166 erant
728 2144 747 2166 e
766 2133 873 2178 lignis
905 2138 942 2165 et
963 2133 1168 2166 stramentis
1196 2131 1395 2172 confectae,
1422 2130 1594 2163 citissime

151 2177 434 2223 conflagrarunt3
465 2184 501 2211 et
514 2177 652 2212 flamma
669 2179 759 2213 adeo
779 2180 852 2212 alte
873 2179 1015 2212 sublata
1035 2184 1111 2218 est,
1138 2183 1178 2211 ut
1198 2182 1235 2211 et
1251 2177 1471 2222 Apsiliorum
1494 2177 1593 2221 genti

151 2223 306 2269 aliisque
330 2225 596 2259 ‘remotioribus
633 2237 723 2272 quae
753 2225 970 2272 gerebantur
994 2225 1187 2259 nuntiaret.
1260 2226 1353 2258 Tum
1380 2223 1528 2269 quidem
1557 2227 1594 2256 et

150 2271 264 2304 multo
291 2272 447 2305 atrocius
474 2272 618 2306 barbari
635 2274 768 2318 passim
794 2272 973 2318 peribant.
1024 2272 1098 2318 Qui
1129 2272 1224 2308 enim
1244 2272 1342 2307 domi
1376 2274 1592 2310 manserant,

151 2317 488 2360 concremabantur,
523 2319 581 2352 vel
608 2319 758 2354 aedibus
786 2319 1054 2363 obruebantur3
1081 2319 1144 2365 qui
1166 2331 1249 2354 vero
1271 2331 1290 2352 e
1314 2317 1479 2353 domibus
1506 2328 1593 2361 pro-

152 2364 326 2405 ruebant,
372 2365 416 2398 iis
452 2367 610 2410 paratior
639 2366 685 2399 ab
715 2366 860 2400 ensibus
897 2367 1315 2402 interitusuimminehat.
1372 2364 1481 2398 Multi
1509 2374 1592 2396 vero

151 2411 255 2454 pueri
273 2411 454 2454 vagientes
469 2424 621 2458 suasque
640 2418 768 2447 matres
790 2415 1024 2448 inclamantes
1044 2413 1297 2459 rapiebantur3
1324 2416 1434 2457 atque
1461 2421 1505 2442 CX
1535 2409 1592 2442 his

151 2457 300 2501 quidem
322 2458 384 2491 alii
405 2459 518 2503 petris
543 2460 737 2494 crudeliter
758 2461 846 2494 illisi
870 2460 1163 2501 dilaniabantur,
1187 2461 1250 2494 alii
1281 2470 1364 2492 vero
1393 2456 1506 2490 veluti
1531 2467 1594 2501 per

151 2503 274 2538 ludum
297 2503 333 2537 in
357 2504 467 2538 altum
487 2506 605 2547 eiecti,
638 2518 678 2540 ac
702 2506 835 2542 deinde
860 2508 1020 2552 pondere
1046 2507 1210 2541 deorsum
1232 2507 1358 2546 delati,
1390 2503 1591 2548 erectisque

150 2549 262 2588 hastis
295 2550 434 2595 excepti
469 2552 507 2584 in
537 2553 682 2587 sublimi
703 2554 1010 2600 transfigebantur.
1061 2555 1105 2588 Et
1126 2560 1222 2587 certe
1243 2553 1390 2587 Romani
1420 2560 1493 2582 non
1528 2549 1590 2582 abs

152 2607 190 2631 rc
219 2597 387 2630 adversus
414 2598 637 2633 Misimianos
672 2599 762 2634 adeo
800 2601 981 2646 ingentem
1012 2600 1299 2646 indignationem
1329 2601 1590 2640 conceperant,

151 2654 230 2684 cum
257 2643 304 2678 ob
326 2642 503 2677 soterichi
531 2646 698 2687 caedem,
737 2652 813 2680 tum
837 2647 884 2681 ob
923 2649 1134 2682 sceleratum
1159 2649 1198 2680 in
1231 2652 1390 2680 oratores
1430 2643 1588 2685 facinus;

153 2700 232 2725 cum
255 2695 374 2725 tamen
400 2702 554 2737 acquum
571 2704 645 2727 non
668 2698 772 2736 esset,
792 2695 830 2728 in
863 2695 959 2742 ipsos
990 2696 1098 2728 ctiam
1115 2704 1237 2728 recens
1268 2693 1384 2727 editos
1407 2689 1563 2724 infantes
1578 2714 1588 2730 ‚
