1794 3112
581 157 977 202 111sTomAmm·
1009 161 1059 199 11.
1086 159 1124 202 8.
1321 174 1324 176 -
1498 139 1530 193 8
1543 158 1562 192 1

140 263 422 318 βοὺλευμένα,
465 261 743 315 ἔξωτρυνέτην
778 255 963 307 ἅπαντας
987 258 1084 307 τούς
1107 259 1344 316 βαρβάῃους
1369 257 1426 308 ὦς
1454 260 1749 312 τάχι-Α.(ἶ.553

141 345 220 371 στα
241 327 461 383 ἐπιφοιτᾷν
479 332 564 375 τοῖς
583 323 827 376 “Ρωμαίοις·
855 323 1088 379 ,,εὖρήσετε
1112 322 1188 379 γὰρ
1221 323 1428 377 αὕτούς,”
1466 322 1571 379 ἐφά-
1582 312 1721 358 I·1·²²7.

140 408 240 447 την,
278 393 495 446 ,,ταραχῆς
526 406 571 431 τε
604 389 676 431 καί
705 389 909 442 ἀκοσμίας
936 384 1347 443 ἄναπεπλησμὲνους,
1385 390 1462 430 τοῦ
1495 391 1574 441 μὲν

133 453 371 512 Ἕρουλικοῦ
395 457 576 511 στρατοῦ
598 452 936 508 χαλεπαινόντων
956 452 1028 495 καί
1063 453 1388 508 ξυγκινδυνεύειν
1409 452 1573 495 ἀναινο-

109 522 296 575 5μένων,
337 522 410 562 τοῦ
438 522 484 563 δὲ
511 515 638 562 ἄλλου
669 517 852 574 πλήθους
874 521 926 575 τῇ
947 517 1112 560 ἐκείνων
1142 514 1365 560 ἀποστάσει
1388 523 1608 560 καταπε-Β

138 588 415 642 πληγμένου”.
446 585 607 635 τούτοις
632 587 678 626 δὲ
699 585 720 626 ὁ
749 588 994 634 Βουτιλῖνος
1022 579 1289 625 ἀνεπέπειστο
1315 583 1490 641 ῥᾳὸιὶος,
1519 583 1581 641 τῷ

137 651 386 707 βούλεσθαι,
414 649 544 704 οἶμαι,
567 648 707 707 ἀληθῆ
735 667 780 705 γε
806 648 915 691 αὐτοὶ
938 649 1204 690 καθεστάναι.
1240 645 1391 691 αὐτίκα
1421 648 1470 704 δὴ
1502 646 1577 690 οὖν

141 718 264 772 ἐπῆγε
292 716 366 759 τὸν
391 715 593 773 στρατὸν,
634 715 706 757 καί
736 712 914 764 ἅπαντες
941 713 1016 766 ’ξῦν
1041 712 1258 772 προθυμία
1285 713 1471 769 ἐχώρουν
1499 712 1573 755 ἰθὺ

143 783 228 824 τῶν
261 781 512 835 “Ρωμαίων,
551 777 599 823 οὗ
623 779 706 836 μὴν
737 779 955 836 ἠρεμαῖοι,
994 774 1093 820 οὐδὲ
1123 777 1228 820 κατὰ
1257 778 1430 831 κόσμον,
1471 775 1578 819 ἀλλὰ

92 852 226 896 ποτοῖς
249 843 500 901 ἀγγέλμασιν
534 843 887 902 ἇνεπτερωμένοι,
924 843 1096 902 θορύβῳ
1131 842 1292 897 εἴχοντο
1327 842 1398 885 καί
1425 858 1579 899 προπε-

138 910 248 968 τείᾳ,
276 910 334 960 ὦς
356 908 551 965 αὐτοβοεὶ
576 907 687 952 ἅπαν
715 908 762 951 τὸ
785 906 1057 951 ἆντιστατοῦν
1079 905 1428 964 ἇναρπασόμενοι.·
1459 903 1509 963 ἦν
1531 909 1578 950 δὲ

139 972 282 1024 αὐτοῖς
304 976 328 1030 ἦ
347 976 439 1017 ἰδέα
467 977 541 1030 τῆς
570 975 859 1030 παρατάξεως,
887 971 1016 1032 οἱονειῇ
1047 971 1249 1026 ἔμβολον·
1279 975 1468 1031 δελτωτῷ
1497 972 1577 1028 γὰρ

138 1038 268 1097 ἐῴκει,
282 1040 355 1082 καί
376 1039 423 1082 τὸ
442 1042 520 1093 μὲν
542 1037 817 1094 ἑμπρόσθιον,
865 1036 1013 1079 ὁπόσον
1038 1039 1082 1088 ἐς
1110 1034 1179 1087 ὀξυ
1203 1036 1356 1092 ἔληγεν,
1385 1037 1580 1092 στεγανόν

139 1121 185 1146 τε
205 1101 257 1161 ἦν
279 1105 352 1147 καί
375 1107 691 1158 πεπυκνωμένον
721 1106 779 1162 τῷ
798 1101 1004 1145 πάντοθεν
1029 1108 1121 1156 ταῖς
1147 1099 1292 1144 ἀσπίσι
1323 1101 1580 1159 περιπεφρα-

93 1173 271 1223 ιῦχθαι,
297 1170 438 1227 ,φαίης
457 1186 501 1211 τε
525 1167 577 1212 ἂν
607 1166 764 1219 αὐτούς
788 1167 889 1217 συὸς
915 1166 1098 1223 κεφαλὴν
1128 1169 1178 1224 τῇ
1208 1170 1403 1209 συνθέσει
1426 1165 1581 1208 ἀποτυ-

139 1234 375 1285 πώσασθαι·
403 1234 455 1282 τὰ
477 1237 522 1278 δὲ
542 1238 664 1291 σκέλη
682 1233 938 1290 ἑκατέρωθεν
958 1233 1063 1275 κατὰ
1085 1233 1254 1287 στίχους
1278 1249 1323 1274 τε
1340 1232 1417 1282 καί
1430 1234 1614 1288 λόχουςῦ

141 1301 188 1350 ἐς
206 1300 339 1355 βάθος
360 1300 625 1356 ξυγκείμενα,
665 1298 737 1342 καί
755 1301 1014 1342 ἐπιπλεΐστον
1049 1302 1093 1348 ἐς
1122 1297 1169 1340 τὸ
1199 1297 1412 1354 ἑγκάρσιον
1444 1316 1579 1355 παρα-

141 1368 369 1419 τεταμένα,
399 1367 584 1408 &dorato
615 1363 802 1421 ἀλλήλων
825 1362 961 1420 ἡρέμα
980 1363 1052 1406 καί
1079 1362 1340 1420 ἀπεκέκριτο,
1369 1363 1442 1406 καί
1461 1369 1579 1420 προϊ-

146 1428 247 1470 όντα
270 1432 314 1476 ἐς
340 1432 536 1484 μέγιστον
559 1427 681 1484 εὖρος
702 1427 974 1480 ἀπε-τελεύτα,
1003 1429 1060 1478 αἷς
1076 1431 1149 1470 καί
1165 1427 1211 1469 τὸ
1239 1428 1395 1481 μεταξύ
1421 1429 1578 1484 χωρίον

88 1490 260 1536 ιοκενὸν
280 1491 560 1545 καθεστάναι,
601 1493 673 1534 καί
691 1493 743 1534 τὰ
773 1494 885 1534 νῶτα
904 1493 1042 1547 γυμνὰ
1066 1496 1148 1535 τῶν
1175 1494 1336 1550 ἀνδρῶν
1357 1492 1578 1549 στοιχηδὸν

141 1555 453 1613 διαφαίνεσθαι.
504 1558 841 1614 ἀπεστραμμένοι
885 1556 963 1615 γὰρ
1008 1560 1121 1614 σφᾶς
1152 1556 1308 1609 αὐτούς
1338 1557 1578 1614 ἐτύγχανον,

144 1618 256 1672 ὅπως
292 1618 344 1664 ἂν
373 1628 459 1672 τοῖς
491 1625 570 1676 μὲν
605 1622 814 1677 πολεμίοις
845 1619 1149 1680 ἀντιπρόσωποι
1181 1621 1284 1679 εἶεν,
1324 1625 1396 1666 καί
1425 1627 1470 1666 ἐκ
1503 1627 1579 1667 τοῦ

237 1711 287 1735 ιο.
311 1698 620 1747 οἷναπῐερωμένοι
646 1702 682 1734 R.
830 1701 895 1735 Pro
928 1703 1075 1746 εἴχοντο
1099 1704 1184 1735 Bon.
1211 1703 1311 1736 Vulc.
1334 1705 1425 1736 coni.
1446 1705 1578 1752 εἵπον-

233 1756 287 1780 το.
490 1759 538 1781 ιι.
562 1747 807 1780 ἄντιταττοῦν
831 1749 867 1780 R.
980 1760 1028 1781 12.
1051 1749 1149 1781 Suid.
1178 1761 1202 1781 s.
1230 1759 1262 1780 v.
1292 1749 1473 1794 ἔμβολονε
1492 1754 1575 1783 οἱον

233 1794 298 1829 εἰς.
373 1795 423 1829 ι8.
463 1793 562 1826 Suid.
596 1792 818 1841 διεκέκριτο.
913 1806 966 1829 22.
992 1794 1040 1830 ἄν
1066 1795 1168 1829 deest
1190 1807 1245 1841 ap.
1269 1796 1426 1830 suidam.
1509 1795 1578 1830 οὐκ

231 1850 296 1884 pro
324 1838 367 1872 ἐκ
393 1838 478 1884 Sph.
503 1841 579 1874 Par.

137 1907 292 1952 cepisset
309 1906 470 1948 Sindual,
491 1908 707 1953 ignorarent,
727 1908 896 1942 barbaros
909 1920 1030 1943 omnes
1050 1909 1263 1950 incitabant,
1282 1916 1323 1945 ut
1348 1923 1455 1957 quam
1473 1913 1575 1946 citis-

137 1954 225 1987 sime
244 1954 420 1987 Romanos
445 1954 683 1996 adorirentur,
706 1955 915 1989 affirmantes
942 1957 1017 1989 fore
1040 1962 1080 1990 ut
1097 1957 1192 2002 apud
1214 1969 1274 1990 eos
1300 1961 1417 1991 omnia
1441 1959 1576 1992 tumul—

136 2004 194 2033 tus
215 2003 252 2032 et
269 1999 551 2044 perturbationis
571 2002 679 2046 plena
699 2008 819 2035 essent
837 2002 1115 2047 deprehensuri,
1150 2004 1248 2046 quod
1274 2004 1442 2037 nimirum
1460 2006 1576 2038 Heru—

135 2045 252 2079 lorum
275 2047 398 2091 copiae
426 2047 719 2092 indignabundae
746 2049 982 2082 secessionem
1011 2051 1199 2090 fecissent,
1234 2052 1484 2095 proeliumque
1505 2062 1576 2083 una

137 2091 238 2125 adire
254 2091 515 2137 detrectarent3
551 2100 589 2127 et
611 2096 771 2140 reliquae
792 2095 1037 2128 multitudinis
1067 2097 1177 2130 animi
1203 2096 1347 2130 illorum
1369 2097 1575 2130 defectione

138 2143 258 2172 essent
282 2141 510 2174 consternati.
558 2140 664 2174 Hisce
687 2143 738 2174 ita
758 2142 860 2175 dictis
884 2143 1064 2175 Butilinus
1086 2143 1190 2175 facile
1205 2153 1413 2185 persuasus,
1441 2143 1575 2189 quippe

137 2184 202 2230 qui
228 2194 309 2218 vera
331 2191 373 2220 ut
407 2190 527 2220 essent
548 2187 716 2231 optabat,
742 2189 931 2221 confestim
955 2189 1073 2231 copias
1094 2189 1132 2220 in
1156 2187 1295 2221 hostem
1315 2190 1461 2230 eduxit,
1496 2201 1575 2223 om-

135 2241 200 2263 nes
253 2242 272 2264 e
292 2243 416 2278 magna
449 2233 650 2267 animorum
674 2235 856 2267 alacritate
876 2239 972 2267 recta
993 2234 1032 2266 in
1059 2235 1233 2267 Romanos
1258 2235 1477 2277 ferebantur,
1501 2248 1575 2269 non

137 2277 202 2321 qui
229 2287 285 2310 em
299 2279 429 2312 sensim
453 2285 490 2313 et
503 2279 642 2323 placide
666 2281 903 2325 ordinateque
916 2303 925 2320 ‚
954 2279 1017 2312 sed
1038 2281 1176 2314 nuntiis
1202 2282 1358 2314 animum
1376 2283 1462 2326 ipsis
1482 2283 1575 2315 alas-

137 2333 209 2367 que
224 2322 458 2366 addentibus,
493 2325 702 2360 turbulente
721 2338 761 2359 ac
778 2326 1059 2371 praecipitanter
1073 2351 1081 2366 ,
1106 2332 1274 2372 tanquam
1293 2330 1409 2372 primo
1437 2331 1574 2374 impetu

137 2367 318 2414 quidquid
333 2370 487 2404 hostium
514 2377 607 2405 esset
629 2373 854 2418 discerpturi.
910 2373 993 2405 Erat
1015 2378 1133 2406 autem
1154 2375 1242 2417 ipsis
1264 2374 1375 2408 forma
1398 2377 1490 2408 aciei
1516 2376 1574 2407 in—

135 2419 209 2448 star
233 2416 357 2456 cunei,
387 2417 421 2449 Δ
442 2418 568 2452 literae
594 2419 740 2464 figuram
773 2430 860 2463 prae
887 2430 925 2452 se
959 2419 1099 2460 ferens,
1137 2421 1317 2454 anteriore
1347 2423 1493 2467 quidem
1517 2421 1574 2453 sui

134 2465 236 2506 parte
251 2461 289 2494 in
302 2467 443 2495 acutum
457 2463 634 2498 desinens.
659 2466 778 2499 Pressa
793 2466 888 2498 enim
908 2471 984 2498 erat
1003 2470 1039 2498 et
1054 2466 1175 2507 densa,
1199 2468 1308 2500 scutis
1330 2469 1573 2513 undequaque

136 2507 236 2540 inter
258 2517 295 2540 se
314 2510 486 2542 consertis
502 2511 658 2554 munita3
683 2512 834 2545 dixisses
859 2513 933 2544 suis
958 2517 1064 2556 caput
1088 2525 1150 2546 sua
1177 2518 1351 2547 structura
1379 2518 1571 2547 efformare.

136 2551 223 2586 Alae
239 2563 324 2586 vero
347 2556 518 2601 utrinque
545 2567 588 2589 ex
607 2559 775 2591 centuriis
798 2564 835 2592 et
858 2558 1014 2591 decuriis
1041 2559 1079 2591 in
1106 2559 1250 2603 longum
1273 2562 1509 2604 compositae,
1536 2563 1574 2591 et

135 2603 181 2632 ‘ut
194 2599 389 2644 plurimum
409 2602 448 2633 in
472 2601 658 2648 obliquum
679 2610 886 2648 protensae,
912 2604 1083 2648 paulatim
1106 2605 1150 2638 ab
1176 2617 1254 2638 sese
1272 2606 1516 2638 dilatabantur
1536 2610 1574 2638 et

140 2643 418 2688 dirimebantur,
444 2647 482 2679 in
508 2649 693 2682 maximam
715 2651 946 2684 latitudinem
962 2651 1191 2693 desinentes3
1218 2651 1307 2684 adeo
1326 2657 1365 2684 ut
1382 2653 1482 2684 locus
1512 2653 1572 2684 in-

130 2691 332 2725 ‘tex-medius
351 2704 482 2726 vacuus
503 2695 767 2739 relinqueretur
779 2722 789 2737 ,
817 2703 853 2730 et
871 2697 1004 2729 nudata
1018 2698 1174 2730 militum
1190 2702 1288 2742 terga
1307 2698 1463 2732 seriatim
1485 2708 1573 2730 con-

141 2736 371 2782 spicerentur.
420 2739 543 2774 Aversi
561 2741 656 2774 euim
675 2742 770 2775 inter
790 2754 827 2776 se
845 2742 986 2777 stabant
1001 2768 1010 2783 ‚
1035 2748 1075 2776 ut
1093 2742 1257 2777 hostibus
1273 2744 1412 2779 adversi
1439 2749 1568 2785 essent,

224 2803 410 2850 Agathz'as.
1285 2813 1308 2845 6
