1832 3152
574 145 953 189 msTomARUM
994 148 1044 188 v.
1085 147 1126 192 6.
1302 155 1305 158 ·
1482 127 1594 201 289

147 253 325 307 ζόμενοι.
365 250 502 292 ταῦτα
529 249 576 291 δὲ
603 244 770 291 ἅπαντα
792 248 905 307 ῥητῷ
928 265 1008 292 τινι
1029 247 1169 308 χρόνῳ
1197 244 1488 305 ἄνεμετρεῖτο,
1517 249 1596 298 ἕως
1610 257 1695 291 A.C.
1721 257 1787 303 557

144 317 320 362 ἔναυλον
340 313 402 358 ἔτι
429 313 479 357 τὸ
505 315 600 364 δέος
625 314 826 370 ὑπῆρχεν·
863 316 956 358 ἐπεῖ
977 317 1024 357 δὲ
1045 315 1234 371 λῶφησίς
1253 331 1318 364 τις
1339 313 1411 355 καί
1432 306 1728 356 ‹ivam-1⁴³¹

144 381 202 438 χὴ
226 382 302 425 τοῦ
335 379 527 423 κινδύνου
566 380 823 435 ὑπεφαίνετο
835 414 848 433 ,
901 377 1054 423 αὐτίκα
1082 379 1121 422 οἱ
1149 383 1336 422 πλεῖστοι
1363 378 1597 435 ἐπανῄεσαν

143 449 205 498 εἰς
224 445 277 490 τὰ
299 447 532 500 εἰθισμένα.
561 450 727 488 καλοῖτο
753 447 799 488 δὲ
821 443 873 488 ἂν
897 447 924 502 ἧ
947 445 1121 501 τοιαύτη
1141 444 1251 502 ὁρμὴ
1279 445 1331 486 οὕ
1353 445 1596 500 δικαιοσύνη

119 513 205 562 5ὥς
230 510 414 568 ἀληθῶς,
442 511 543 554 οὐδὲ
570 511 766 566 εὕσέβεια
796 509 952 569 στερῥά
972 527 1015 554 τε
1040 512 1114 554 καί
1135 509 1321 567 ἐνεργὸς,
1363 508 1484 552 ὅποία
1511 509 1595 552 ὑπὸ

143 579 266 635 δόξης
287 577 423 634 ὀρθῆς
451 579 524 619 καί
545 577 790 635 προθυμίας
821 578 1155 635 ἐμβριθεστάτης
1179 578 1238 633 τῷ
1258 578 1439 633 λογισμῷ
1459 577 1597 632 πέφυ-

142 661 214 689 κεν
241 645 552 698 ἑντυποῦσθαι,
582 642 686 686 α’λλὰ
708 643 878 700 μηχανή
916 660 978 693 τις
1008 637 1185 693 ἄτακτος
1212 644 1286 684 καὶ
1303 639 1388 685 οἷον
1409 643 1628 697 ἐμπορίαΒ

143 710 479 769 σφαλερωτάτη,
519 711 590 766 ἐφ’
611 704 648 768 ᾧ
670 708 716 752 τὸ
741 709 879 767 παρὸν
902 711 1032 764 δῆθεν
1047 711 1242 766 ἐκφυγεῖν
1260 707 1334 750 καί
1351 709 1598 764 παρακρού-

144 780 318 819 σασθαι.
346 776 430 819 τῶν
449 778 528 830 μὲν
555 770 630 818 οὖν
657 775 831 830 ἀγαθῶν
849 774 982 831 ἔργων
1005 771 1117 817 οὕτω
1145 772 1197 830 δή
1218 791 1260 816 τι
1287 772 1394 830 πρὸς
1415 770 1596 829 α’νάγκης

94 842 444 898 ιοοῖπογευόμεθα
469 840 551 884 ἐστ’
573 836 628 884 ἂν
651 840 699 883 τὸ
726 843 910 883 δεδιέναι
932 842 1063 898 παρῇ.

256 906 303 957 ς’.
358 906 505 951 Πάλιν
539 909 587 950 δὲ
618 909 664 950 ἐν
699 907 757 966 τῷ
793 905 890 949 τότε
933 905 973 948 οἱ
1010 905 1111 962 περὶ
1138 907 1221 949 τῶν
1265 902 1594 960 ἀναθυμιάσεων

143 975 259 1030 λόγοι
290 974 476 1029 ἒλὲγοντό
507 989 553 1015 τε
587 972 662 1015 καί
696 969 974 1028 ἇντελέγοντο·
1028 975 1100 1015 καί
1131 968 1184 1028 ἦν
1216 972 1346 1023 πολὺς
1382 969 1464 1015 ἇνὰ
1492 970 1591 1021 τοὺς

145 1041 371 1096 ξυλλόγους
395 1037 417 1082 ὃ
441 1038 712 1096 Σταγειρίτης
742 1035 1076 1093 ὄνομαζόμενος,
1104 1042 1184 1082 νῦν
1205 1041 1285 1093 μὲν
1307 1039 1366 1089 ὥς
1395 1039 1600 1095 ὀρθότατα

144 1106 209 1164 εἴη
236 1110 336 1164 περὶ
370 1107 528 1149 τούτων
554 1106 867 1162 φυσιολογήσας
894 1107 968 1147 καί
994 1103 1189 1160 διαγνούς
1217 1103 1297 1154 τὰς
1324 1106 1487 1157 αἰτίας,
1516 1106 1594 1147 νῦν

96 1174 194 1216 ιόδὲ
215 1173 274 1222 ὥς
293 1169 445 1228 ἥκιστα
468 1174 546 1214 τοῦ
571 1167 757 1228 ἀληθοῦς
779 1172 1095 1226 ἐστοχασμένος.
1137 1169 1241 1213 ἔνιοι
1263 1173 1310 1213 δὲ
1339 1169 1416 1226 τήν
1440 1172 1600 1213 ἐκείνου

144 1238 345 1294 βεβαιοῦν
373 1235 556 1292 οἰόμενοι
589 1236 740 1291 δόξαν,
779 1234 847 1279 ὅτι
869 1235 922 1292 δή
953 1238 1120 1290 πνεῦμα
1147 1235 1264 1292 παχύ
1290 1237 1364 1278 καί
1385 1238 1602 1285 καπνῶδες

149 1303 234 1347 ὕπὸ
253 1302 354 1355 τοὺς
379 1302 594 1360 σήραγγας
611 1305 685 1360 τῆς
711 1305 785 1359 γῆς
815 1301 1155 1360 περιειργόμενον
1176 1303 1254 1353 τὰς
1274 1302 1444 1345 τοιάσδε
1470 1307 1603 1344 ποιεῖ’-

145 1387 219 1414 ται
245 1369 448 1426 κινήσεις,
476 1366 761 1426 προῦτίθεσαν
783 1370 829 1411 ἐν
851 1371 911 1427 τῷ
941 1366 1050 1427 λόγῳ
1075 1371 1201 1411 τοῦτο
1229 1367 1281 1424 δὴ
1309 1367 1356 1411 τὸ
1385 1366 1466 1410 ὑπὸ
1502 1368 1602 1411 'Av-

146 1435 299 1491 θεμίου
331 1435 534 1492 πρότερον
560 1437 928 1491 μεμηχανημένον.
968 1430 1087 1485 οὗτος
1115 1433 1196 1491 γὰρ
1225 1433 1278 1489 δή
1302 1432 1326 1475 ὅ
1360 1434 1639 1487 Ἀνθέμιος,(;

94 1504 304 1560 zonat-(129
333 1503 412 1556 μὲν
440 1498 558 1559 αὖτῷ
586 1502 776 1558 ὑπῆρχεν
802 1499 848 1543 αἱ
883 1499 1082 1557 Τράλλεις
1100 1501 1127 1556 ἦ
1152 1500 1296 1554 πόλις,
1325 1503 1452 1555 τέχνη
1482 1498 1599 1541 δὲτὰ

148 1570 234 1612 τῶν
257 1569 555 1624 μηχανοποιῶν
581 1565 830 1623 εὑρήματα,
879 1566 924 1608 οἳ
953 1565 1004 1622 δή
1039 1565 1114 1621 τὴν
1142 1565 1382 1623 γραμμικην
1414 1567 1602 1621 θεωρίαν

147 1636 221 1678 ἐπὶ
240 1633 317 1690 τὴν
343 1630 446 1690 ὕλην
470 1632 739 1688 κατάγοντες,
768 1631 995 1688 μιμήματά
1022 1649 1116 1676 τινα
1142 1634 1216 1674 καί
1236 1629 1321 1675 οἷον
1342 1630 1496 1673 εἴδωλα
1518 1632 1602 1672 τῶν

149 1695 280 1744 ὄντων
303 1701 618 1756 δημιουργοῦσι.
652 1701 790 1754 γέγονε
817 1700 864 1740 δὲ
894 1694 1066 1755 ἄριστος
1093 1700 1138 1741 ἐν
1166 1699 1313 1747 αὐτοῖς
1344 1699 1404 1746 εἷς
1435 1695 1490 1738 τὰ
1515 1698 1601 1749 μα’-

247 1767 334 1805 13.ἆ
355 1769 602 1814 Παγειφίους
625 1769 663 1801 R.
691 1779 756 1813 pro
785 1766 808 1801 ἆ
829 1769 948 1812 Σταγ.
1046 1766 1270 1813 ὀρθώτατον
1295 1768 1333 1799 R.
1425 1765 1476 1799 15.
1492 1763 1531 1797 δὲ
1544 1765 1597 1804 R„

242 1809 286 1860 δή
324 1816 420 1861 vulg.
528 1827 579 1862 ¹9·
612 1814 838 1849 Arthmesius
873 1816 984 1860 Intpr.
1093 1827 1147 1848 20.
1175 1814 1276 1858 αὐτῷ
1299 1812 1380 1846 add.
1408 1823 1452 1845 ex
1478 1812 1519 1847 R.

148 1878 284 1913 malum
303 1876 442 1911 remitti
458 1887 499 1910 ac
517 1887 654 1910 cessare
674 1877 808 1921 coepit,
833 1876 1023 1910 confestim
1042 1876 1210 1922 plerique
1232 1876 1277 1909 ad
1291 1876 1466 1920 pristinos
1480 1884 1598 1906 mores

150 1925 351 1960 redierunt.
397 1923 529 1958 Vocari
548 1929 667 1957 autem
690 1924 807 1968 possit
831 1923 916 1956 talis
936 1923 1139 1956 animorum
1158 1928 1276 1956 motus
1297 1928 1407 1968 atque
1440 1922 1598 1965 impetus
1647 1956 1651 1960 ⁴

150 1983 227 2006 non
250 1971 388 2005 iustitia
405 1981 528 2004 revera
551 1981 672 2016 neque
699 1966 834 2014 pietas,
862 1969 980 2003 solida
1009 1970 1145 2015 pariter
1170 1975 1280 2015 atque
1304 1970 1444 2008 efficax,
1478 1963 1597 2012 qualis

153 2030 198 2052 ex
219 2023 317 2052 reeta
342 2018 516 2063 opinione
540 2021 578 2050 et
594 2017 884 2050 constantissimo
908 2016 1031 2050 studio
1056 2017 1095 2050 in
1127 2017 1257 2050 animis
1289 2014 1469 2048 efformari
1493 2014 1604 2057 solet,

153 2065 220 2099 sed
238 2063 457 2098 machinatio
485 2064 662 2109 quaedam
693 2064 954 2108 incomposita,
990 2069 1027 2097 et
1046 2064 1162 2097 veluti
1193 2062 1415 2096 nundinatio
1438 2059 1599 2094 fallacis-

151 2111 262 2153 sima,
285 2111 332 2146 ad
361 2110 702 2156 subterfugiendum
728 2121 769 2143 ac
795 2109 1081 2155 propulsandum
1106 2111 1236 2143 malum
1272 2110 1453 2142 instituta.
1501 2109 1599 2140 Bona

151 2159 277 2205 itaque
291 2168 410 2204 opera,
427 2158 479 2191 ita
497 2158 640 2191 demum
648 2158 862 2192 necessitate
881 2162 1045 2202 cogente,
1067 2157 1310 2202 degustamus,
1335 2154 1508 2203 quamdiu
1522 2164 1599 2187 mc-

150 2211 209 2239 tus
229 2205 371 2250 premit.

246 2252 282 2287 6.
329 2251 394 2285 Per
417 2248 458 2285 id
479 2261 564 2286 vero
588 2257 730 2298 tempus
766 2252 887 2286 variae
913 2261 1034 2286 rursus
1067 2250 1350 2296 disceptationes
1377 2243 1422 2282 de
1451 2245 1599 2281 exhala-

153 2297 319 2333 tionibus
343 2303 428 2332 sunt
459 2295 634 2342 habitae,
668 2300 912 2345 frequensque
937 2303 1016 2332 erat
1046 2296 1252 2331 Aristotelis
1288 2297 1327 2330 in
1352 2295 1600 2340 congressibus

153 2343 316 2387 mentio;
349 2342 480 2386 modo,
513 2351 686 2393 tanquam
717 2345 915 2379 rectissime
951 2344 997 2379 de
1029 2344 1086 2378 his
1111 2345 1363 2385 disseruisset,
1401 2347 1596 2387 earumque

154 2403 278 2427 causas
306 2388 568 2437 intellexisset3
605 2391 738 2434 modo,
772 2397 943 2438 tanquam
970 2403 991 2425 a
1025 2402 1111 2426 vero
1148 2391 1357 2424 aberrasset.
1420 2385 1598 2422 Nonnulli

153 2450 243 2473 vero
278 2437 324 2471 ad
341 2439 558 2474 sententiam
581 2435 788 2474 Aristotelis
813 2438 1093 2473 confirmandam
1122 2448 1162 2471 ac
1185 2436 1466 2475 stabiliendam,
1496 2430 1595 2479 quod

154 2487 328 2520 nimirum
364 2495 502 2519 crassus
540 2490 578 2520 et
600 2487 762 2520 fumosus
785 2487 935 2532 spiritus
961 2486 1028 2519 sub
1056 2491 1173 2519 terrae
1199 2483 1483 2518 concavitatibus
1509 2490 1597 2513 con-

156 2533 276 2567 clusus
301 2530 522 2566 eiuscemodi
551 2539 671 2567 motus
707 2534 889 2574 efficeret,
914 2533 953 2566 in
982 2532 1141 2566 medium
1167 2533 1367 2565 attulerunt
1390 2529 1462 2562 tale
1488 2528 1599 2571 quip-

158 2580 258 2625 piam
282 2583 388 2612 antea
422 2579 467 2612 ab
493 2579 688 2614 Anthemio
712 2576 901 2625 ingeniose
928 2577 1168 2623 excogitatum
1193 2585 1304 2623 atque
1329 2579 1504 2610 effectum.
1529 2573 1599 2606 At-

157 2626 223 2671 qui
243 2624 439 2660 Anthemio
465 2625 552 2660 huic
573 2628 691 2671 patria
713 2626 860 2672 quidem
884 2626 956 2659 fuit
982 2626 1066 2660 urbs
1094 2623 1253 2665 Tralles,
1282 2635 1336 2656 ars
1361 2634 1444 2656 vcro
1470 2622 1598 2654 inven-

155 2673 276 2714 tiones
301 2671 548 2706 mnchinarum
573 2672 851 2707 fabricatoribus
877 2673 1050 2713 usitatae,
1087 2673 1151 2718 qui
1178 2672 1353 2704 linearem
1378 2667 1598 2714 speculatio-

158 2729 240 2752 nem
263 2718 309 2752 ad
333 2720 523 2754 materiam
548 2719 799 2760 traducentes,
834 2720 1058 2753 imitationes
1084 2717 1255 2765 quasdam
1283 2722 1319 2750 et
1344 2717 1459 2750 veluti
1484 2715 1599 2747 simu-

160 2765 255 2800 lacra
302 2777 420 2800 rerum
454 2778 536 2802 vere
571 2767 804 2802 existentium
842 2766 1075 2800 fabricantur.
1138 2764 1326 2798 Excellens
1358 2769 1441 2798 vero
1461 2757 1527 2795 hac
1558 2761 1598 2794 in

238 2830 425 2876 Agatln'as.
587 2854 594 2858 -
1226 2839 1267 2872 ¹9
