1832 3152
572 129 949 173 111sroR1ARUM
991 136 1040 175 v.
1068 138 1114 180 9.
1503 134 1609 190 297

165 235 211 276 ἓν
238 231 480 289 ἑξαμέτροις
526 235 810 288 πεπονημένα,
859 229 905 285 ὃς
947 233 999 290 δὴ
1033 235 1230 292 ταπρῶτα
1266 236 1396 279 τελιόν
1443 238 1488 280 ἐν
1526 241 1614 286 τοῖς
1625 245 1662 280 Α.
1680 247 1719 279 C.
1741 246 1807 292 557

163 296 281 357 ἀμφὶ
306 298 380 343 τὸν
414 300 588 353 βασιλέα
621 301 742 355 σιγῆς
771 299 1038 354 ἐπιστάταις,
1078 303 1222 357 γένους
1253 318 1297 345 τε
1329 295 1647 359 κοσμούμενοςῙ’
1659 295 1736 329 1·3¹

164 365 266 424 δόξῃ
289 363 364 407 καὶ
392 365 570 407 πλοῦτον
596 359 787 422 ἄφθονον
820 368 868 409 ἐκ
895 365 1110 424 προγόνων
1138 368 1455 423 διαδεξάμενος,
1498 366 1612 423 ὅμως
1622 363 1662 399 V·
1679 373 1743 408 ¹⁰7

162 431 334 473 παιδεία
365 446 412 486 γε
441 430 558 488 αὐτῷ
582 429 655 473 καὶ
686 430 821 486 λόγων
849 427 1022 489 ἄσκησις
1065 435 1385 476 διεσπούδαστο·
1439 434 1512 477 καί
1544 435 1616 478 ἐπὶ

135 498 300 546 5τοῖσδε
329 498 487 551 μᾶλλον
510 491 570 554 ηῧ
567 513 638 552 χει
665 501 739 540 καί
778 497 1035 553 ἐσεμνύνετο.
1063 498 1138 541 καὶ
1162 498 1303 542 τοίνυν
1324 500 1554 557 πεποίηταί
1577 500 1618 544 οἱ

161 561 236 606 καὶ
254 557 362 605 ἄλλα
386 562 444 613 ὥς
463 569 639 607 πλεῖστα
669 562 885 620 ποιήματα
918 564 1083 620 μνήμης
1106 581 1152 607 τε
1186 560 1286 618 ἄξια
1316 566 1391 609 καί
1421 566 1649 622 ἐπαίνου,Β

160 632 281 674 δοκεῖ
313 631 361 672 δέ
394 646 467 683 μοι
501 627 554 672 τὰ
596 629 669 673 ἐπὶ
711 631 772 686 τῷ
810 631 888 690 νεῷ
915 632 1112 688 εἰρημένα
1163 629 1356 685 μείζονός
1391 648 1437 673 τε
1481 630 1613 674 πόνου

159 698 234 740 καί
253 696 484 752 ἐπιστήμης
508 691 696 739 οἷνάπλεα
721 694 994 751 καθεστάναι,
1025 693 1109 756 ὅσῳ
1135 699 1210 740 καί
1228 697 1255 753 ἦ
1282 694 1485 747 ὑπόθεσις
1500 701 1614 740 θαυ-

159 764 422 818 μασιωτέρα.
466 759 661 818 εὑρήσεις
683 761 763 819 γὰρ
791 758 845 805 ἂν
877 763 922 804 ἐν
949 759 1094 813 αὐτοῖς
1122 761 1201 819 τήν
1227 760 1326 819 ὅλην
1356 765 1431 819 τῆς
1454 765 1613 813 θέσεως

109 827 410 881 ιοεῦκοσμίαν,
449 829 524 870 καί
549 825 628 877 τοὶς
668 829 755 870 τῶν
775 828 994 882 μετάλλων
1019 828 1168 884 φύσεις
1186 827 1416 872 λεπτότατα
1443 830 1614 884 κατεξη-

157 894 382 947 τασμένας,
411 895 497 935 τῶν
514 909 559 936 τε
579 895 979 950 προτεμενισμάτων
995 891 1042 936 τὸ
1061 890 1265 951 εὐπρεπὲς
1285 890 1374 948 ἅμα
1397 893 1471 936 καί
1486 893 1614 949 ἀναγ-

156 965 300 1013 καῖον,
340 961 502 1015 μεγέθη
541 976 588 1002 τε
630 961 704 1002 καί
727 959 971 1015 ὑψώματα,
1009 962 1084 1003 καί
1116 957 1194 1003 ὅσα
1230 959 1480 1018 ἰθύγραμμα
1507 958 1614 1016 σχή-

154 1043 273 1080 ματα
305 1025 380 1068 καί
411 1022 492 1069 ὅσα
527 1024 699 1068 κυκλικὰ
716 1060 729 1079 ,
774 1028 849 1068 καί
882 1022 964 1069 ὅσα
995 1027 1177 1083 ἐκκρεμῆ
1211 1025 1286 1068 καί
1314 1028 1614 1083 προτεταμένα.

154 1094 296 1149 γνοίης
329 1094 378 1136 δὲ
407 1088 460 1134 ἂν
494 1094 541 1135 ἐκ
563 1094 646 1135 τῶν
677 1092 790 1134 ἐπῶν
824 1093 900 1134 καί
944 1087 1058 1141 ὅπως
1083 1091 1254 1150 ἀργύρῳ
1290 1108 1336 1134 τε
1362 1091 1437 1135 καί
1465 1092 1614 1149 χρυσῷ

100 1155 203 1214 ,15τὸ
231 1157 453 1215 ἱερώτερον
479 1157 641 1215 χωρίον
663 1159 737 1200 καί
757 1163 844 1208 τοῖς
872 1153 1130 1214 ἇπορῥήτοις
1153 1153 1474 1215 ἀποκεκριμένον
1482 1193 1495 1212 ‚
1533 1173 1612 1200 πον

152 1226 435 1270 λυτελέστατα
464 1224 857 1279 καταπεποίκιλται,
881 1223 956 1267 καὶ
972 1223 1018 1266 εἴ
1032 1240 1075 1266 τι
1098 1218 1200 1266 ἄλλο
1220 1223 1419 1280 πρόσεστι
1443 1226 1552 1279 μέγα
1581 1220 1611 1280 ἢ

153 1289 376 1344 ἐλάχιστον
402 1289 633 1347 γνώρισμα,
659 1290 710 1333 οὗ
728 1295 847 1345 μεῖον
867 1287 895 1346 ἢ
919 1288 958 1332 οἱ
982 1287 1105 1343 θαμὰ
1126 1291 1173 1332 ἐν
1205 1286 1323 1348 αύτῷ
1356 1288 1650 1347 περιπάτουςῦ

152 1354 398 1410 ποιούμενοι
427 1359 500 1399 καί
532 1352 703 1399 ἅπαντα
733 1357 1073 1405 διασκοποῦντες.
1122 1353 1228 1398 ἄλλα
1254 1355 1335 1412 γάρ
1357 1353 1433 1411 ἥδε
1470 1358 1550 1409 μὲν
1584 1346 1612 1411 ἦ

153 1423 331 1479 δευτέρα
380 1425 458 1465 τοῦ
497 1420 578 1465 νεώ
634 1421 832 1479 ἐπισκευὴ
878 1424 952 1466 καί
993 1417 1233 1479 ἇνόρθωσις
1273 1421 1394 1480 ὀλίγῳ
1435 1418 1610 1478 ’ὕστερον

99 1488 290 1548 ποχρόνῳ
316 1485 592 1546 ἀπείργασται
623 1489 698 1532 καί
719 1491 1008 1545 ξυνετελέσθη.

265 1555 297 1599 ί.
346 1551 525 1600 Ἐκείνου
555 1558 604 1598 δὲ
633 1558 713 1599 τοῦ
742 1555 862 1606 ἔτους
894 1553 986 1610 ἅμα
1018 1550 1094 1614 ἦρι
1122 1556 1342 1614 ἀρχομένῳ
1390 1557 1419 1612 ἦ
1448 1556 1652 1610 λοιμώ-Α.
1675 1566 1712 1599 C.
1726 1565 1794 1603 558

154 1625 231 1679 δης
252 1623 375 1673 νόσος
406 1618 539 1673 αὖθις
564 1623 616 1679 τῇ
643 1621 758 1664 πόλει
786 1624 976 1676 ἐνέπεσε,
1005 1621 1081 1665 καί
1098 1625 1232 1680 μυρία
1256 1625 1473 1679 διέφθειρε
1495 1614 1675 1678 πλὴ-Ῑ·Ῑ·
1690 1615 1732 1649 3²

251 1730 280 1752 ι.
305 1721 386 1754 τοῖς
411 1717 515 1764 ἀμφὶ
539 1718 598 1758 R.,
617 1720 699 1754 τοῖς
720 1718 786 1759 τῆς
809 1715 915 1764 ἀμφὶ
953 1716 1047 1763 vulg.
1143 1719 1182 1762 4.
1202 1716 1338 1764 παιδίᾳ
1364 1719 1403 1751 Β.
1508 1730 1540 1766 7.
1567 1717 1611 1754 δέ

244 1774 316 1815 μοι
340 1765 403 1806 Β.,
429 1775 502 1812 μοι
525 1763 566 1800 δὲ
584 1765 677 1810 vulg.

151 1855 253 1890 Flori
273 1856 370 1889 filius
391 1855 611 1890 hexametris
640 1856 804 1891 versibus
838 1855 1072 1902 conscripsit,
1098 1856 1163 1901 qui
1187 1855 1338 1902 quidem
1372 1855 1605 1901 'primicerius

155 1903 333 1937 exsistens
352 1905 533 1948 regiorum
552 1904 849 1945 silentiariorum,
871 1909 908 1938 et
922 1903 1063 1948 generis
1075 1903 1188 1948 gloria
1207 1904 1334 1944 clarus,
1350 1904 1605 1948 amplissimas-

153 1960 224 1995 que
241 1961 261 1983 a
278 1950 477 1984 maioribus
499 1950 572 1984 suis
596 1961 683 1995 opes
703 1950 856 1996 adeptus
875 1976 886 1992 ‚
922 1951 1113 1985 doctrinae
1146 1955 1267 1983 tamen
1298 1951 1605 1996 eloquentiaeque
1639 1967 1642 1972 ·

151 2007 315 2042 maguam
333 2008 482 2042 operam
499 1997 745 2042 impenderat,
782 1998 918 2044 quibus
941 2003 979 2031 et
1001 1999 1114 2042 magis
1141 1997 1364 2042 gloriabatur
1395 2003 1432 2031 et
1456 1997 1605 2031 decora-

151 2042 271 2078 batur.
329 2044 482 2089 Scripsit
514 2046 637 2090 itaque
674 2047 784 2079 etiam
810 2046 881 2079 alia
918 2045 1184 2091 quamplurima
1212 2047 1382 2089 poemata
1405 2050 1604 2078 memoratu

154 2089 263 2135 digna
277 2095 314 2124 et
336 2090 455 2124 laude.
489 2091 672 2126 Videntur
691 2098 811 2126 autem
835 2091 927 2125 mihi
947 2102 1041 2138 quae
1075 2090 1120 2124 de
1149 2092 1286 2135 templo
1311 2091 1468 2136 scripsit,
1500 2096 1603 2125 tanto

151 2137 290 2171 maiore
313 2141 352 2170 et
373 2137 499 2172 labore
531 2143 568 2172 et
597 2140 751 2174 scientia
776 2140 932 2179 referta,
971 2142 1108 2184 quanto
1139 2143 1176 2171 et
1215 2144 1465 2183 argumentum
1484 2138 1603 2182 ipsum

151 2189 208 2217 est
242 2183 503 2218 admirabilius.
565 2184 773 2230 Comperies
809 2187 908 2220 enim
942 2185 1052 2218 iniis
1078 2185 1287 2218 universum
1321 2186 1413 2218 situs
1449 2186 1600 2218 concin-

150 2241 294 2276 naeque
320 2229 571 2276 dispositionis
593 2233 758 2266 ordinem
793 2239 830 2267 et
857 2233 1087 2267 metallorum
1118 2238 1262 2266 naturas
1284 2232 1521 2266 subtilissime
1539 2243 1602 2265 ex-

150 2278 329 2323 ploratas;
354 2278 614 2312 vestibulorum
637 2279 748 2313 etiam
768 2281 897 2324 templi
919 2279 1133 2324 elegantiam
1159 2280 1295 2323 pariter
1322 2284 1359 2312 et
1388 2280 1600 2320 utilitatem,

151 2323 418 2369 magnitudines
439 2336 586 2371 quoque
618 2331 655 2360 et
685 2326 917 2367 altitudines,
953 2331 1139 2372 quotquot
1170 2326 1279 2359 etiam
1298 2331 1383 2359 sunt
1405 2326 1537 2371 figurae
1560 2327 1599 2359 in

151 2372 265 2404 altum
281 2371 458 2413 directae,
484 2378 521 2406 et
550 2378 735 2419 quotquot
760 2373 1001 2414 orbiculares,
1035 2377 1217 2419 quotquot
1244 2373 1355 2405 etiam
1377 2374 1536 2417 pensiles
1563 2377 1602 2406 et

148 2423 353 2464 protensae.
404 2419 620 2464 Cognoveris
642 2431 787 2466 quoque
807 2431 827 2454 e
851 2419 1092 2461 carminibus,
1107 2431 1178 2466 quo
1197 2426 1302 2464 pacto
1328 2424 1476 2464 argento
1499 2418 1601 2464 pari-

149 2469 208 2499 ter
231 2471 340 2510 atque
365 2476 454 2500 auro
479 2467 651 2500 sacratior
675 2467 775 2501 locus
801 2472 838 2501 et
859 2467 1040 2511 mysteriis
1065 2467 1258 2511 separatim
1282 2467 1483 2500 destinatus
1502 2477 1599 2498 sum-

149 2513 383 2558 ptuosissime
417 2512 465 2546 sit
495 2519 708 2554 exornatus,
743 2520 780 2548 et
817 2515 847 2548 si
877 2513 977 2560 quod
1008 2519 1062 2547 est
1086 2513 1188 2546 aliud
1212 2524 1377 2558 magnum
1401 2518 1464 2545 aut
1487 2511 1598 2544 mini-

150 2570 249 2592 mum
275 2565 536 2600 ornamentum,
559 2560 677 2595 nihilo
697 2562 830 2602 minus,
857 2572 966 2606 quam
985 2561 1049 2606 qui
1068 2560 1193 2594 crebro
1218 2561 1258 2592 in
1287 2571 1330 2592 eo
1359 2558 1599 2595 obambulant

153 2606 349 2650 omniaque
376 2606 590 2650 inspectant.
639 2606 751 2652 Atqui
775 2607 931 2641 secunda
956 2606 1045 2640 haec
1067 2607 1196 2652 templi
1229 2605 1380 2640 refectio
1405 2611 1513 2651 atque
1540 2605 1599 2638 in·-

152 2654 326 2686 stauratio
353 2653 455 2686 brevi
475 2658 558 2698 post
579 2658 740 2698 tempore
762 2654 928 2689 instituta
948 2655 1182 2699 perfectaque
1205 2659 1269 2686 est.

251 2711 301 2734 10.
338 2699 475 2733 Eodem
512 2711 595 2732 vero
632 2711 726 2734 anno
757 2702 877 2734 statim
911 2702 1062 2734 ineunte
1097 2712 1180 2734 vere
1217 2699 1428 2744 pestilentia
1465 2698 1596 2732 iterum

154 2743 280 2786 urbem
300 2747 444 2789 invasit,
473 2753 509 2782 et
527 2748 708 2786 infinitam
725 2747 999 2788 multitudiiicm
1024 2747 1189 2790 sustulit3
1216 2757 1308 2792 quac
1332 2746 1478 2792 quidem
1501 2758 1594 2786 nun—
