1794 3112
606 131 985 177 ffls'romARUM
1023 135 1096 175 111.
1123 137 1165 183 9.
1512 125 1533 162 1
1546 102 1616 162 55

174 251 198 294 ὅ
218 252 266 294 δὲ
289 245 474 297 ἆναστάς
492 244 573 290 οὐν
598 241 721 304 ὄργῇ,
750 244 823 288 καὶ
846 243 1119 302 προπηδήσας
1143 246 1186 294 ές
1208 246 1384 299 μέσους,
1415 239 1656 296 ἔδημηγὸ-Α.
1670 243 1708 278 C.
1729 244 1794 290 554

173 331 242 373 ρει
279 311 468 370 καθάπερ
495 313 540 354 ἐν
563 312 852 370 δημοκρατικῷ
877 309 1172 370 βουλευτηρίῳ.
1217 306 1270 366 ἧν
1289 307 1368 365 γὰρ
1389 306 1461 350 καί
1483 292 1742 361 λέγεινῙ·Ῑ·28

172 379 309 430 δεινὸς
332 380 458 422 πλέον
489 373 519 434 ἢ
543 375 646 420 κατά
669 377 933 435 βαρβάρους,
971 375 1044 419 καί
1073 373 1158 426 οἷος
1178 380 1267 425 τοῖς
1287 373 1467 430 νοήμασι
1494 372 1616 430 ῥητο-

169 443 308 504 ρεύειν
333 442 502 502 φύσεως
529 444 749 499 δεξιότητι.
777 442 850 485 καί
872 445 1011 485 τοίνυν
1037 440 1147 492 ἔλεξε
1170 438 1328 486 τοιάδε·

143 515 170 557 5
277 508 333 553 θ’.
360 543 388 564 „
398 511 454 552 Εἰ
468 511 547 563 μὲν
564 510 610 552 έν
631 507 767 564 λόγοις
790 509 904 563 ἡμᾶς
920 507 992 550 καί
1003 511 1176 562 βουλαῖς
1195 503 1366 561 ἧδίκουν
1390 501 1616 558 Ῥωμαῖοι,

262 575 283 585 Α·
337 571 357 588 Ἀ

167 578 305 626 καλως
327 592 381 618 αν
403 573 477 616 καί
499 574 620 630 ἡμεῖς
649 579 736 623 τοῖς
762 573 921 627 ὁμοίοις
945 571 1104 621 αὐτούς
1130 569 1383 625 ἀμυνόμενοι
1407 570 1614 611 διετελοῦ-

165 656 255 694 μεν·
284 642 361 684 νῦν
377 642 423 684 δὲ
448 641 538 691 πῶς
566 637 757 694 ἀνεκτὸν,
786 638 886 689 τούς
910 641 989 693 μὲν
1014 634 1094 694 ἤδη
1115 635 1166 680 τοὶ
1191 634 1357 678 πάντων
1386 635 1611 677 δεινότατα

167 707 436 764 δεδρακέναι,
465 708 564 763 ἡμῖν
588 708 634 749 δὲ
657 705 732 750 τὸν
758 707 836 749 τοῦ
852 702 1103 762 ἀντιδρᾶσαι
1124 700 1270 758 καιρὸν
1290 703 1350 752 εἰς
1375 701 1422 744 τὸ
1445 703 1654 755 μέλλεινι)

166 775 240 816 καί
260 772 540 827 βουλεύεσθαι
558 769 837 830 διαρᾇυῆναις
868 772 918 814 οὐ
938 770 1016 828 γὰρ
1038 769 1090 826 δη
1107 768 1285 827 πάρεστι
1313 771 1446 823 λέγειν
1466 765 1523 816 ὥς
1544 783 1620 808 πο-
1681 776 1689 779 ”

118 838 305 893 πολέμιοι
326 842 406 893 μὲν
436 834 553 881 οἷίπω
581 845 669 888 τοῖς
691 837 828 895 ἔργοις
853 832 966 887 ὄντες
986 835 1282 894 πεφώρανται,
1311 836 1544 877 εἰκασθεῖεν
1572 833 1619 874 δὲ

167 899 221 947 ἄν
243 904 378 958 μόνον
395 906 600 958 μελετῶσι
619 905 743 946 τοῦτο
769 903 841 945 καί
859 904 1128 958 βουλομένοις
1141 936 1154 955 ,
1181 898 1280 942 οῦδὲ
1298 897 1532 954 τεκμηρίων
1554 914 1619 939 τι-

163 971 248 1012 νῶν
273 970 583 1025 ἐπιμνησθῆναι
615 969 756 1024 δεήσει
790 968 897 1025 πρὸς
919 967 1088 1023 ἔλεγχον
1110 969 1238 1023 δῆθεν
1269 966 1494 1020 ἐπιβουλῆς
1518 968 1618 1005 λαν-

163 1031 388 1090 θανούσης.
415 1030 754 1090 ἆλλὰΓουβάζης
772 1036 864 1088 μὲν,
895 1033 918 1075 ὅ
940 1035 1192 1089 τηλικοῦτος,
1214 1028 1326 1073 οὕτω
1350 1046 1438 1079 πως
1457 1026 1617 1077 ἀθλίως

162 1099 390 1157 ἠφάνισται
418 1097 556 1158 ὥσπερ
585 1117 649 1150 τις
677 1102 761 1143 τῶν
789 1101 952 1142 πολλῶν
978 1098 1051 1140 καί
1066 1096 1350 1154 ἠμελημένων.
1390 1095 1551 1150 οἴχεται
1572 1095 1621 1136 δὲ

84 1167 352 1223 -ι5φροῦδον
387 1166 435 1208 τὸ
468 1165 648 1209 παλαιὸν
682 1169 768 1208 τῶν
798 1166 980 1220 Κόλχων
1015 1161 1202 1218 ἀξίωμα,
1241 1162 1315 1205 καί
1343 1159 1540 1204 τολοιπὸν
1567 1160 1619 1201 οὗ

219 1233 240 1243 u
265 1226 289 1242 71·
430 1230 442 1243 t

161 1248 237 1274 του
259 1248 406 1289 αρχειν
425 1234 580 1289 ετέρων
605 1229 830 1275 ἀνθεκτέον
856 1233 983 1288 ἡμῖν,
1025 1227 1115 1272 ἄλλ’
1140 1230 1375 1286 ἀγαπητέον
1401 1226 1515 1283 εἴπερ
1543 1227 1621 1282 ἐξῇ

160 1299 243 1340 τῶν
268 1297 412 1354 πρώην
440 1296 636 1354 ὑπηκόων
666 1299 723 1355 μὴ
750 1296 919 1355 σφόδρα
943 1300 1294 1350 μειονεκτεῖσθαι.
1334 1296 1422 1344 πῶς
1457 1288 1533 1335 οὖν
1563 1288 1613 1334 οὗ

161 1362 258 1406 λίαν
288 1364 550 1421 παράλογον,
600 1365 639 1407 εἰ
661 1364 759 1422 περὶ
783 1366 866 1407 τῶν
896 1359 956 1413 οἷς
993 1365 1128 1405 ταῦτα
1163 1362 1460 1418 κατείργασται
1489 1363 1614 1402 καθε-
1625 1370 1659 1404 Ρ.
1671 1371 1717 1407 82

161 1428 355 1484 δούμεθα
383 1431 730 1484 διασκοποῦντες,
769 1428 943 1485 πότερον
967 1428 1123 1478 αὐτοὺς
1155 1429 1379 1483 ἐχθίστους
1406 1422 1434 1481 ἢ
1462 1426 1611 1483 φίλους

107 1491 270 1539 Ωοεῖναι
312 1498 559 1550 κρινοῦμεν,·
608 1494 742 1539 καίτοι
778 1496 1017 1551 γιγνώσκειν
1047 1493 1211 1550 χρεών,
1263 1493 1321 1542 ὦς
1353 1489 1451 1535 οὐδὲ
1487 1494 1669 1548 μέχριν.
1689 1501 1735 1547 59

258 1576 286 1600 ι.
312 1563 587 1610 προσπηδήσας
612 1567 650 1598 R.
762 1566 793 1600 5.
822 1564 922 1611 ἤμᾶς
947 1565 984 1598 R.
1011 1569 1048 1598 et
1073 1564 1207 1607 Intpr.‚
1238 1561 1339 1608 ιῖμᾶς
1362 1562 1455 1606 vulg.
1578 1563 1617 1599 6.-

254 1609 396 1648 αὐτοῦς
419 1611 500 1645 add.
526 1624 571 1645 ex
594 1613 632 1646 R.
658 1617 695 1646 et
718 1613 831 1656 Intpr.
854 1612 895 1644 in
919 1623 990 1646 eos.
1178 1612 1228 1644 13.
1260 1610 1279 1642 ὀ
1305 1608 1523 1651 τηλικοῦτος
1551 1609 1614 1648 Β.,

253 1657 276 1692 ὁ
302 1657 449 1700 τηλίκος
471 1659 566 1704 vulg.
664 1661 714 1694 16.
741 1655 941 1703 α’γαπητόν
966 1659 1004 1691 Β.
1080 1659 1129 1692 18.
1159 1655 1430 1702 καθεδούμεθα
1454 1656 1491 1687 Β.
1515 1654 1612 1701 (CL),

251 1703 546 1751 καθεδουμένων
562 1705 655 1750 vulg.
677 1711 715 1738 et
738 1704 869 1750 Lugd.,
891 1705 930 1738 in
955 1716 1026 1750 quo
1052 1716 1098 1738 m.
1119 1716 1149 1739 2.
1166 1705 1341 1738 correxit:
1368 1700 1611 1748 καθεδούμε-

250 1762 332 1794 rot,
362 1753 474 1798 Intpr.
500 1753 534 1786 si
554 1751 713 1786 sedendo
740 1752 995 1787 consumemus.

157 1809 410 1842 assurrexisset
423 1810 509 1842 etin
527 1808 665 1842 medios
681 1809 906 1854 prosiliisset,
927 1809 1139 1842 concionem
1156 1806 1288 1840 habuit
1302 1806 1417 1840 veluti
1430 1807 1468 1839 in
1484 1810 1612 1840 senatu

155 1856 336 1901 populari.
383 1856 468 1890 Erat
494 1856 591 1889 enim
621 1857 865 1901 eloquentior,
895 1867 1002 1901 quam
1025 1857 1146 1889 solent
1172 1866 1248 1888 esse
1282 1853 1441 1895 barbari,
1472 1854 1610 1899 quique

157 1903 347 1936 sententiis
367 1902 453 1947 ipsis
484 1908 662 1936 oratorem
691 1914 794 1947 agere
823 1908 985 1948 poterat,
1013 1908 1163 1936 naturae
1198 1901 1415 1934 dexteritate
1450 1899 1608 1937 adiutus.

156 1949 200 1983 In
221 1948 320 1983 hunc
338 1949 462 1995 itaque
485 1950 631 1983 modum
653 1951 762 1984 verba
786 1950 891 1983 fecit:

249 2007 284 2041 9.
332 1996 396 2037 „Si
428 1996 547 2030 verbis
580 2008 645 2030 nos
679 2002 742 2030 aut
781 1996 941 2030 consiliis
972 1996 1163 2030 laesissent
1191 1995 1367 2036 Romani,
1392 1999 1490 2027 recte
1520 2005 1608 2039 pro-

157 2040 253 2075 fecto
279 2042 386 2076 etiam
410 2054 476 2076 nos
511 2043 690 2077 similibus
721 2043 829 2077 rebus
862 2044 1034 2078 iniuriam
1060 2043 1334 2077 vindicaremus.
1383 2041 1488 2074 Nunc
1523 2051 1607 2076 vero

157 2099 313 2133 quonam
341 2095 444 2134 pacto
480 2089 551 2123 hoe
572 2090 620 2124 sit
657 2091 910 2131 tolerandum,
962 2091 1044 2123 illos
1072 2090 1220 2136 quidem
1248 2088 1477 2121 atrocissimis
1501 2088 1606 2123 malis

155 2145 222 2167 nos
257 2136 432 2177 affecisse,
474 2137 581 2170 nobis
620 2148 706 2171 vero
744 2136 1034 2182 compensandae
1066 2137 1219 2170 iniuriae
1253 2135 1477 2169 occasionem
1514 2147 1608 2169 cun-

156 2181 288 2215 ctando
313 2188 351 2216 et
377 2182 611 2217 deliberando
637 2183 814 2218 effluere?
844 2183 971 2229 Neque
997 2183 1092 2217 enim
1121 2182 1193 2216 dici
1215 2187 1354 2226 potest,
1393 2180 1492 2227 quod
1512 2193 1608 2217 non-

156 2226 246 2260 ‹lum
285 2228 431 2275 quidem
470 2229 592 2264 hostes
635 2231 742 2264 rebus
783 2231 871 2276 ipsis
911 2230 1090 2276 factisque
1127 2230 1201 2263 sint
1241 2228 1484 2272 deprehensi,
1541 2230 1609 2263 sed

154 2278 298 2308 tantum
321 2277 516 2310 verisimile
543 2277 610 2317 sit,
630 2288 690 2310 eos
714 2277 784 2311 hoc
810 2277 954 2311 molitos
983 2288 1059 2310 esse
1078 2282 1187 2321 atque
1217 2276 1256 2308 in
1274 2277 1395 2309 animo
1423 2275 1608 2319 habuisse3

154 2332 276 2366 neque
312 2333 457 2356 necesso
486 2329 559 2364 est,
592 2330 801 2369 argumenta
846 2323 1021 2370 quaedam
1067 2334 1343 2357 commemorare
1380 2321 1426 2355 ad
1452 2322 1608 2356 latentes

152 2368 296 2401 scilicet
325 2373 362 2402 et
383 2374 496 2404 tectas
523 2369 684 2414 ipsorum
707 2371 858 2405 insidias
891 2370 1115 2415 probandas3
1157 2370 1222 2403 sed
1263 2370 1427 2403 Gubazcs
1459 2369 1609 2415 quidem

153 2415 209 2447 vir
231 2419 352 2448 tantus
370 2415 460 2449 adeo
486 2417 615 2450 misere
637 2428 656 2451 e
676 2418 797 2451 medio
826 2417 988 2450 sublatus
1013 2422 1068 2450 est
1086 2417 1200 2450 veluti
1228 2417 1362 2462 aliquis
1382 2427 1401 2449 e
1424 2417 1548 2449 multis
1571 2420 1609 2448 et

152 2461 448 2506 neglectioribus.
504 2463 660 2497 Evanuit
687 2464 757 2498 iam
791 2470 894 2499 vetus
931 2465 995 2497 illa
1020 2464 1236 2498 Colchorum
1262 2464 1441 2508 dignitas,
1484 2473 1607 2507 neque

153 2506 327 2553 deinceps
349 2508 456 2542 nobis
481 2508 596 2543 danda
615 2517 670 2545 est
693 2523 813 2555 opera,
843 2517 885 2545 ut
911 2511 994 2544 aliis
1014 2511 1252 2555 imperemm,
1282 2511 1347 2544 sed
1372 2521 1414 2544 eo
1440 2509 1605 2542 contenti

153 2554 262 2587 simus
281 2579 290 2595 ,
315 2555 346 2588 si
369 2555 478 2589 liceat
509 2555 554 2589 ab
581 2555 637 2597 iis,
671 2558 734 2603 qui
761 2559 849 2591 olim
879 2557 986 2591 nobis
1009 2557 1149 2591 subditi
1172 2558 1339 2598 fuerunt,
1359 2568 1433 2589 non
1450 2555 1604 2600 pessime

151 2602 314 2637 tractari.
364 2601 448 2646 Quo
473 2606 576 2646 paeto
595 2613 680 2636 vero
699 2615 774 2638 non
796 2604 964 2638 sit-valde
989 2604 1199 2644 absurdum,
1224 2604 1254 2636 si
1274 2605 1319 2637 (le
1347 2603 1404 2643 iis,
1428 2601 1491 2648 qui
1513 2601 1604 2635 haee

150 2653 420 2691 perpetrarunt,
442 2648 627 2682 sedeamus
653 2649 908 2692 deliberantes,
932 2655 1054 2685 utrum
1075 2662 1135 2684 eos
1151 2650 1430 2690 inimicissimos,
1454 2659 1500 2681 an
1517 2659 1602 2682 vero

152 2693 284 2730 amicos
318 2694 565 2729 declaremus?
601 2695 713 2742 Atqui
729 2697 780 2730 ita
797 2703 993 2732 statuamus
1011 2703 1168 2743 oportet,
1195 2709 1268 2730 non
1286 2698 1382 2730 intra
1403 2696 1512 2730 hosce
1528 2700 1602 2729 ter-

151 2741 268 2776 minon
289 2752 415 2777 eorum
440 2741 626 2778 audaciam
652 2743 906 2788 substitutam,
934 2744 998 2780 scd
1015 2743 1132 2780 nobis
1154 2743 1290 2780 crimen
1319 2743 1388 2780 hoc
1415 2742 1602 2790 negligen-
