1832 3152
363 82 470 136 352
803 103 847 140 Β,
887 102 1133 143 VULCANH
1172 102 1349 143 NOTAE

362 201 513 252 [t.16.]
543 196 614 238 ἐπι
636 202 721 245 τοῖς
741 196 908 264 ὀρεῦσιν
934 196 1087 252 ἥμενοι.
1124 199 1256 257 ὄοέεςς
1286 205 1353 243 vel
1385 209 1431 243 ut
1455 205 1658 243 Homerus
1692 217 1763 245 eos

360 260 480 294 vocat
498 248 654 305 οὖοῆες,
683 259 781 292 sunt
803 250 977 304 ἡμίονοι,
1005 255 1046 295 id
1069 263 1144 306 est,
1173 258 1382 298 semiasini
1402 259 1487 297 sive
1516 258 1632 300 muli.
1676 258 1763 296 Ho-

361 309 428 347 die
465 308 506 344 in
537 306 746 368 Hispaniis
781 306 892 345 idem
925 321 1012 347 mos
1041 310 1163 348 etiam
1196 313 1420 358 retinetur3
1460 318 1506 350 ut
1538 310 1764 351 facinorosi

359 361 495 400 asellis
519 359 747 399 insidentes
770 359 820 398 ad
843 361 1092 412 supplicium
1111 369 1348 406 vectentur·
1393 365 1470 404 nisi
1488 366 1593 403 forte
1613 363 1763 416 aliquis

358 413 577 466 primariae
610 413 834 452 nobilitatis
860 415 937 463 sit,
975 415 1045 467 qui
1071 417 1241 468 quidem
1270 419 1404 456 mulae
1428 418 1594 457 insidet.
1637 421 1762 458 Prae-

359 467 516 506 cedunt
544 466 665 505 etiam
693 469 973 506 facinorosum
1007 483 1259 522 praecones,
1300 472 1402 518 alta,
1441 472 1500 510 uti
1537 472 1632 520 hic,
1661 483 1763 509 voce

358 521 673 574 proclainntes
701 521 804 559 Esta
827 534 868 559 es
894 521 934 559 la
947 522 1117 561 Iusticza
1138 537 1214 576 que
1238 525 1389 563 manda
1410 525 1530 563 hazer
1553 539 1599 563 su
1629 538 1764 575 mage-

358 573 455 614 stad
477 574 682 626 casulano,
711 574 900 624 (additur
924 575 1036 614 enim
1062 590 1214 615 nomen
1251 578 1500 628 facinorosi,
1538 583 1580 617 et
1602 577 1763 617 facinus

358 629 507 680 ipsum)
547 634 588 666 et
613 628 663 666 ad
696 635 928 668 extremum
963 630 1078 668 addit
1102 630 1183 668 hoe
1209 631 1482 684 epiphonema
1501 660 1512 680 ,
1544 632 1676 684 Quien
1706 631 1764 669 tal

359 683 456 720 haze
481 695 556 734 que
580 682 641 719 tal
658 695 811 734 pague·
850 696 958 734 quae
993 684 1171 721 formula
1201 686 1376 724 eandem
1407 684 1495 723 fere
1521 684 1646 723 habet
1672 697 1765 722 sen-

357 735 528 774 tentiam
567 749 689 786 quam
730 736 829 774 haee
862 735 1062 802 Agathiae
1092 737 1244 787 verba,
1285 737 1564 790 παρεγγυῶντι
1587 735 1765 776 δεδιέναι

357 785 455 835 τοὺς
478 787 651 837 νόμους,
679 803 746 827 και
771 785 908 841 φόνων
934 783 1086 828 ἆὸίκων
1112 788 1248 842 eineys.
1243 792 1354 830 ..θαι

359 902 412 945 θ
465 853 802 918 Pag.123.t1·.n
835 854 898 903 24.
944 855 1053 907 [257,
1087 856 1162 902 15.]
1207 855 1262 910 τῶ
1288 850 1434 910 ὄθνείω
1464 853 1559 894 δέει.
1595 852 1764 893 Rectius

356 921 376 946 ο
411 904 536 945 νείων.

465 971 568 1021 Pag.
587 970 674 1019 124..
698 969 768 1009 ῖὶ.η
782 970 845 1012 15.
866 972 1016 1038 [239,7
1021 967 1298 1018 .]οἷπεκάλουν.
1323 970 1404 1010 hoc
1425 977 1510 1036 εξῐ.
1541 967 1766 1010 ἐνεκάλουν.

356 1024 684 1071 lin.18.[l,1o.]
710 1023 754 1061 ἐκ
778 1022 1016 1075 παοανοιᾞας
1045 1025 1214 1064 Rectius
1237 1025 1420 1064 fortassis
1447 1024 1492 1063 ἐκ
1513 1021 1739 1076 παροινίας.

464 1089 562 1138 Pag
592 1088 776 1132 130.t1·,n
801 1088 860 1130 18.
887 1089 995 1139 [251‚
1020 1090 1076 1136 8]
1110 1089 1182 1140 τῆς
1202 1089 1397 1140 στοατιᾶς
1419 1087 1640 1140 ἡδομένων.
1669 1087 1764 1126 Coi·
1812 1106 1814 1109 ·

357 1143 506 1182 lective
522 1142 703 1190 dictum,
732 1148 775 1180 ut
793 1142 1060 1182 Grammatici
1079 1143 1323 1195 loquuntur,
1354 1142 1593 1182 duriuscule
1608 1147 1762 1190 tamen,

359 1197 438 1235 nisi
464 1211 514 1234 m
507 1195 589 1234 ivis
614 1194 752 1259 legere
773 1195 854 1234 τῶν
883 1196 953 1246 τῆς
978 1196 1186 1258 στρατιᾶς.
1278 1197 1422 1237 lin.23.
1440 1197 1576 1246 [l.13.]
1601 1191 1763 1257 ὑφελών

358 1248 490 1302 ἠρέμα
515 1263 584 1287 και
608 1246 874 1299 ὑποχαλάσας
896 1249 970 1286 τοῦ
995 1248 1121 1299 νόμου
1142 1246 1188 1287 τὸ
1202 1249 1295 1287 λίαν
1321 1248 1484 1300 ἀκριβὲς
1506 1248 1577 1287 καί
1593 1243 1768 1286 ἀτιθάσ-

360 1317 513 1342 σευτον.
529 1303 607 1340 hoc
622 1308 697 1349 est,
726 1303 788 1340 De
814 1315 968 1340 summo
1000 1303 1088 1340 iure
1117 1302 1306 1341 nonnihil
1330 1302 1563 1350 detrahens,
1592 1302 1767 1353 legisque

360 1357 610 1407 rigiditatem
634 1356 988 1407 auster1tatemque
1006 1365 1235 1409 temperans
1253 1363 1371 1407 atque
1392 1355 1598 1398 edulcans.
1618 1357 1768 1394 Perso-

361 1423 412 1448 na
420 1410 636 1461 ‚depresso
649 1410 846 1461 paulatim
872 1417 1087 1462 ereptoque
1106 1409 1266 1447 demum
1285 1423 1510 1474 permagno
1534 1409 1606 1448 illo
1626 1421 1768 1476 super-

361 1464 490 1516 boque
509 1463 775 1513 i'mperatorzo
794 1464 970 1504 nomi.ne
1006 1464 1076 1502 li.n
1094 1464 1156 1511 24.
1168 1463 1211 1509 [l.
1230 1464 1287 1503 15
1290 1468 1306 1510 ]
1326 1462 1449 1514 ἐφῆκε
1461 1461 1536 1511 μὲν
1550 1458 1595 1500 τὸ
1606 1460 1769 1511 ἐπίκλη-

359 1531 432 1567 μα.
463 1517 632 1554 Remisit
652 1516 817 1566 quidem
843 1517 1015 1562 crimen,
1042 1516 1122 1555 hoc
1146 1523 1220 1565 est,
1251 1516 1519 1558 condonavit
1554 1514 1770 1558 Pers.T1·-

360 1571 488 1609 tulum
505 1569 627 1622 quide
631 1584 667 1607 m
687 1570 766 1622 ipsi
780 1571 987 1634 permisit:
1007 1571 1079 1608 sed
1099 1545 1309 1608 infinitum
1328 1575 1434 1608 esset
1450 1569 1573 1608 huius
1588 1567 1767 1607 hominis

360 1625 537 1675 ineptias
556 1623 759 1676 persequi.
803 1624 876 1663 lin.
890 1623 953 1664 55.
964 1625 1083 1686 [252,
1086 1638 1107 1661 2
1113 1629 1140 1671 ]
1165 1624 1215 1662 ab
1234 1623 1298 1663 his
1313 1615 1493 1662 verbis³
1469 1637 1519 1675 ην
1537 1622 1582 1662 δέ
1597 1636 1669 1671 τις,
1686 1627 1765 1660 etc.

361 1678 411 1716 ad
438 1677 510 1715 1lla
523 1676 647 1714 verba
671 1690 800 1729 usque
822 1691 887 1715 και
906 1681 991 1721 τοῖς
1014 1672 1104 1739 ἑξῆς
1125 1677 1382 1729 ἐπιχειρητέα
1406 1691 1497 1731 pag.
1512 1678 1597 1716 152.
1616 1676 1692 1715 lin.
1703 1676 1767 1725 24.

361 1733 467 1779 [255.
479 1731 558 1777 25]
582 1730 726 1769 omissa
758 1736 857 1769 sunt
878 1745 915 1769 a
926 1731 1054 1769 veteri
1083 1731 1324 1783 interprete.

457 1795 563 1856 Pag.
595 1782 679 1842 154.
703 1795 826 1836 lin.5.
853 1796 1059 1846 [258‚19.]
1087 1791 1158 1833 καί
1181 1790 1289 1841 ὅπως
1324 1789 1462 1834 ὅντινά
1499 1792 1660 1858 τρόπον.
1697 1794 1766 1832 vel

357 1844 405 1887 τὸ
441 1843 572 1899 ὅπως,
613 1847 816 1901 nantum.
854 1847 948 1894 vel,
976 1861 1028 1887 ex
1050 1848 1251 1887 sententia
1285 1850 1362 1887 Ios.
1385 1847 1588 1902 scaligeri
1627 1843 1765 1886 ὅποῖόν

351 1916 441 1941 τινα
462 1909 539 1942 etc.

232 1985 259 2019 p
279 1984 345 2023 139
463 1967 662 2018 Pag.137.
683 1965 754 2008 lin.
771 1965 835 2015 24.
853 1964 961 2030 [266.
981 1979 993 2002 1
1004 1970 1032 2013 ]
1065 1965 1208 2018 φειδοῖ
1231 1965 1316 2004 τοῦ
1329 1961 1477 2010 παιδὸς
1500 1959 1572 2002 καί
1585 1961 1667 2002 τῶν
1683 1975 1767 2002 κοι-

260 2012 270 2023 ’
359 2020 439 2062 νῶν
464 2021 534 2072 τῆς
562 2016 802 2072 κηδεμονίας
835 2018 1029 2069 νομίμων.
1087 2019 1166 2058 hoc
1202 2025 1288 2068 est,
1327 2026 1510 2080 respectu
1547 2018 1701 2079 pueri,
1728 2025 1767 2055 et

360 2076 628 2114 communium
644 2073 865 2112 curationis
878 2073 1098 2126 pupillaris
1119 2073 1263 2124 legum
1291 2073 1426 2110 Antea
1444 2071 1556 2109 enim
1576 2066 1768 2121 ἡγεμόνα,

360 2129 404 2168 id
420 2134 504 2176 est,
529 2134 759 2166 curatorem
785 2127 823 2166 ei
846 2126 1083 2164 institutum
1103 2126 1346 2179 lsdigerdim
1375 2125 1492 2167 dixit.
1529 2125 1605 2163 Est
1629 2129 1768 2162 autem

361 2178 558 2233 κηδεμών,
576 2178 827 2232 ἐπιμελητής.
854 2185 894 2218 et
919 2179 1151 2230 κηὸεμονιᾎα
1177 2180 1400 2229 ἐπιμέλεια.
1428 2180 1541 2218 Pers.
1563 2179 1649 2215 sive
1672 2178 1768 2228 quia

357 2243 546 2297 parceret
563 2249 708 2288 puero,
724 2234 1076 2283 communibusque
1094 2234 1234 2272 liberis
1252 2231 1524 2295 procreandas
1546 2240 1585 2269 et
1599 2231 1768 2282 legibus.

358 2289 474 2338 Quid
503 2290 706 2332 somnias,
734 2288 944 2326 Romaneff
986 2286 1127 2324 Nihilo
1145 2302 1244 2326 vero
1272 2287 1401 2339 magis
1425 2286 1562 2339 placet
1580 2285 1768 2338 Interpo-

361 2342 489 2391 lator‚
519 2348 687 2381 vertens
710 2349 750 2380 et
777 2341 998 2380 communis
1012 2341 1055 2378 in
1080 2341 1300 2394 adoptione
1331 2341 1447 2382 iuris.

468 2417 564 2480 Pag.
598 2415 682 2464 145.
701 2415 772 2455 lin.
794 2416 858 2464 54.
864 2415 972 2462 [282,
1002 2416 1055 2461 5.]
1081 2410 1143 2452 ε’τι
1168 2428 1212 2453 τε
1244 2411 1294 2453 τὰ
1313 2412 1418 2465 mulfo
1451 2427 1529 2452 των
1557 2406 1768 2462 ὄνομάτων

363 2466 573 2521 συμπόσια
597 2469 762 2508 ἑτεῖεΐτο
779 2468 899 2517 venti,
930 2469 1120 2507 convivia
1143 2469 1333 2507 natalitia
1353 2449 1626 2518 agitabantur.
1661 2465 1767 2502 Ter—

362 2524 564 2565 tunianus
584 2523 656 2561 lib.
685 2522 735 2563 de
765 2522 1026 2562 Idololatria.
1059 2523 1168 2560 circa
1204 2521 1351 2575 officia.
1383 2533 1480 2559 vero
1512 2519 1768 2573 privatarum

365 2587 403 2618 et
429 2578 698 2618 communium
729 2576 1044 2621 solennihatum
1075 2584 1119 2613 ut
1142 2584 1284 2626 togae,
1306 2585 1537 2634 purpurae,
1574 2580 1619 2609 ut
1643 2583 1767 2623 spon·

363 2632 523 2677 salium,
551 2639 593 2670 ut
613 2629 879 2683 nuptialium,
903 2637 948 2668 ut
969 2630 1260 2668 nominalium·
1295 2629 1444 2681 quibus
1467 2627 1509 2664 in
1533 2625 1674 2666 vorbis
1688 2637 1767 2662 no·-
