1794 3112
285 165 356 219 68
847 177 1115 219 AGATmAE

95 292 132 328 Α.
149 293 185 326 c.
208 292 271 328 553
283 280 465 327 παίοντες
479 277 703 332 διεχρῶντο,
720 274 815 317 ἔνιοι
832 277 877 336 ᾄὲ
892 276 1023 317 αὐτῶν
1035 274 1136 331 ὑπὲρ
1155 274 1200 316 τό
1223 274 1450 328 κρημνῶδες
1467 272 1540 314 καί
1553 273 1682 328 daeg?-

139 338 166 371 Ῑ·
183 338 211 373 Ῑ·
227 351 267 384 ²7
284 342 411 399 ῥωγὰς
441 342 508 396 τῆς
538 339 674 394 ἠιόνος
702 339 943 391 ἀναβάντες,
985 337 1123 380 ἔπειτα
1157 336 1258 379 κατὰ
1281 338 1352 378 τοῦ
1375 337 1556 391 ’πρανοῦς
1582 337 1683 377 ὑπο-4

281 407 509 463 φερόμενοι,
537 406 607 445 καί
627 405 667 452 ἒς
691 402 765 457 τὴν
786 401 992 443 θάλατταν
1027 400 1238 457 κατωκάρα
1260 401 1524 452 ἐκπίπτοντες,
1546 397 1683 441 ἀπώλ-

279 476 418 521 λυντο,
458 466 756 523 ἐμφορούμενοι
783 466 855 506 τοῦ
878 463 1036 520 ῥοθίου.
1081 466 1251 520 ἐπῆρται
1280 463 1356 520 γάρ
1389 479 1474 513 πως
1506 464 1686 505 ἐνταῦθα

278 535 303 588 ἦ
328 532 448 587 ἀκτὴ,
477 533 547 572 καί
567 529 701 584 ὥσπερ
726 527 930 584 γεώλοφον
953 545 994 568 τι
1019 528 1221 579 α’ποτελεῖ,
1260 529 1306 568 οὗ
1336 525 1591 580 πανταχόθεν
1609 529 1708 578 Bet-5

278 597 344 639 τόν
377 613 419 638 τε
452 598 522 636 καί
549 595 791 649 ἐπίδρομον,
836 593 931 633 οὐδὲ
957 588 1039 633 οἷον
1068 597 1148 639 τοῖς
1179 593 1244 632 ἐπ’
1279 587 1405 647 ἄκρου
1439 593 1684 644 γιγνομένοις

278 660 467 709 εὐκόλους
492 660 684 713 παρέχειν
704 655 778 705 τὰς
799 656 1030 709 ἀναβάσεις,
1051 656 1140 696 ἀλλ’
1162 654 1392 711 ὀλισθηρὸν,
1409 655 1465 704 (ὃς
1477 654 1528 696 τὰ
1545 654 1684 707 πολλὰ,

280 727 350 766 καί
372 725 626 779 σηραγγαῖδες
647 722 717 762 καί
749 724 790 769 ές
810 719 853 762 τὸ
877 720 1163 773 βαθυνόμενον
1189 721 1258 774 τῆς
1281 721 1468 775 ῥηγμῖνος
1488 720 1685 760 ἐπικεκλι-

247 803 278 836 1)
287 790 419 841 μένον.
446 784 550 827 οὕτω
574 784 620 839 δι’)
643 780 716 826 οὖν
740 786 820 825 τῶν
848 783 1047 824 πλείστων
1069 784 1419 839 διαφθειρομένων
1428 816 1440 835 ,
1477 783 1686 836 καθορῶν-

278 868 343 901 τες
367 850 404 892 οἱ
429 846 543 891 ἄλλοι
561 848 712 903 ἔφυγον
730 848 865 888 οὖὸἐνί
880 845 1026 903 κόσμῳ,
1051 851 1125 903 βοῇ
1146 863 1187 888 τε
1210 847 1283 896 ξύν
1297 848 1422 903 πολλῇ
1439 847 1512 887 καί
1532 846 1685 900 οἰμωγῇ
1691 858 1736 884 10

277 914 361 958 ἀνὰ
384 913 428 956 τὸ
451 911 716 966 στρατόπεδον
737 909 996 963 εἰσπεσόντες,
1026 911 1209 966 θορύβου
1232 912 1300 951 καί
1317 911 1498 966 ταραχῆς
1523 906 1685 951 ἅπαντα

278 978 478 1032 ἔπλησαν,
507 976 563 1025 ὥς
591 977 735 1017 αὐτίκα
755 973 867 1026 μάλα
889 977 968 1016 τῶν
998 973 1221 1027 εΡοιηιιαίων
1244 975 1579 1026 ἐπελευσομένων.
1607 973 1686 1012 av’-

276 1041 346 1091 τός
379 1056 423 1082 τε
454 1040 502 1094 δὴ
527 1035 599 1081 οὖν
624 1038 838 1093 Λεύθαρις
864 1038 1095 1080 διανίστατο
1129 1041 1171 1087 ἐς
1204 1037 1450 1093 παράταξιν,
1487 1038 1557 1078 καί
1577 1034 1684 1078 ἅπαν

276 1104 320 1147 τὸ
346 1105 581 1159 στράτευμα
603 1105 780 1145 ἐκινεῖτο·
817 1101 887 1143 καί
920 1103 1080 1154 τοίνυν,
1109 1099 1375 1155 ἀναλαβόντες
1403 1100 1453 1142 τὰ
1486 1098 1615 1152 ὅπλα,
1643 1101 1686 1148 ἒς

277 1166 463 1224 φάλαγγα
484 1167 746 1218 καθίσταντο,
773 1165 947 1219 βαθεῖαν
974 1182 1018 1207 τε
1049 1169 1120 1207 καί
1143 1168 1315 1219 ε’πιμέγα
1341 1166 1736 1220 παρατεταμένην.ι5

275 1233 322 1274 ἐν
353 1233 511 1279 τούτοις
542 1232 587 1271 δὲ
623 1231 755 1271 αὐτῶν
788 1230 1088 1282 καταστάντων,
1135 1232 1205 1271 καί
1234 1230 1355 1271 οὐδὲν
1385 1228 1521 1270 ὁτιοῦν
1551 1229 1687 1277 αὐτοῖς

277 1297 414 1350 ἕτερον
435 1296 479 1335 ἐν
502 1295 556 1350 νῷ
579 1295 770 1334 τίθεσθαι
794 1294 1038 1348 παρέχοντος
1065 1296 1138 1334 τοῦ
1155 1296 1310 1349 καιροῦ,
1339 1293 1377 1334 οἱ
1399 1298 1580 1334 πλεῖστοι
1605 1294 1686 1334 τῶν

277 1358 546 1411 αἰχμαλώτων
591 1356 821 1412 ἀφύλακτοι
858 1358 1013 1411 ἀθρόον
1047 1360 1322 1412 γεγενημένοι,
1376 1358 1609 1412 ἀπεχρῶντο
1642 1357 1687 1397 ἐν

278 1423 409 1462 δέοντι
429 1423 475 1476 τῇ
499 1421 579 1461 τῶν
597 1421 800 1472 πολεμίων
822 1421 1008 1477 ἀσχολίᾳ·
1031 1422 1155 1461 αὐτοί
1172 1437 1216 1460 τε
1235 1419 1312 1476 γὰρ
1333 1419 1390 1470 ὥς
1411 1418 1583 1473 τάχιστα
1603 1422 1687 1460 διε-

282 1486 500 1539 δίδρασκον
515 1517 527 1536 ,
556 1483 627 1525 καί
645 1486 726 1525 τῶν
750 1484 948 1539 λαφύρων
968 1483 1098 1526 ὁπόσα
1124 1481 1206 1528 οἷόν
1228 1500 1272 1526 τε
1295 1480 1344 1539 ἦν
1373 1486 1415 1534 ἐς
1434 1483 1483 1526 τὰ
1509 1482 1736 1538 ἐχόμενατο

174 1563 207 1596 Ρ.
231 1561 275 1599 33
285 1547 462 1604 φρούρια
490 1546 734 1599 διεκόμισαν.

167 1622 208 1656 V.
227 1624 270 1656 28
386 1611 435 1665 γ’.
457 1608 631 1652 Ἐπείκὸὲ
650 1608 905 1668 Ἀρταβάνης
927 1629 970 1655 τε
982 1613 1053 1655 καί
1064 1608 1245 1668 Οἷῖλδαχ,
1266 1609 1388 1672 ᾧόντο
1404 1612 1479 1668 γὰρ
1495 1609 1566 1654 οὗκ
1577 1607 1686 1662 ἄξιό-

376 1698 406 1721 2.
435 1687 531 1720 Suid.
557 1699 582 1720 s.
607 1699 636 1721 v.
664 1690 877 1732 κατωκάραε
911 1691 951 1724 ἐκ
978 1692 1047 1724 τοῦ
1068 1692 1235 1736 πρανοῦς
1260 1690 1582 1735 ὕποφαινόμενοι,
1605 1701 1685 1722 mox

370 1734 389 1765 ε’
419 1734 624 1770 πίπτοντες.
724 1737 755 1769 3.
779 1736 977 1769 θάλασσαν
1001 1737 1093 1780 vulg.
1181 1739 1214 1770 6.
1239 1736 1446 1782 ἐπίδρομον
1465 1737 1502 1768 R.
1517 1761 1527 1777 ,
1560 1734 1685 1768 εὐεπί-

397 1788 515 1822 ρομον
545 1780 634 1823 vulg.
727 1793 757 1825 7.
784 1780 989 1823 ἀναβάσεις.
1013 1782 1119 1825 Intpr.
1154 1781 1369 1822 descensum,
1401 1781 1508 1826 Lugd.
1531 1793 1596 1826 mg.
1635 1781 1683 1812 ἴσ.

371 1821 597 1866 καταβάσεις.
670 1838 718 1860 ιο.
750 1826 915 1871 ἔφευγον
938 1828 974 1858 R.
1051 1839 1097 1860 ια.
1123 1825 1254 1859 αὐτίκα
1275 1829 1349 1860 τῶν
1369 1826 1561 1872 Ῥωμαίων
1587 1824 1686 1872 μάλα

372 1869 410 1900 R.
502 1862 614 1906 αὐτὸς
638 1868 681 1912 δὴ
706 1873 742 1903 R.
844 1883 896 1905 22.
925 1870 1099 1914 Οὐάλδαχ
1126 1874 1164 1904 R.
1219 1869 1294 1916 γὰρ
1320 1873 1447 1906 ins.'ex
1465 1872 1502 1904 R.

286 1973 363 1996 cum
393 1966 580 2007 praerupta
610 1961 741 1995 littoris
772 1963 978 2007 praecipitia
1009 1963 1312 2004 conscendissent,
1342 1965 1380 1996 in
1401 1963 1535 1997 declive
1563 1963 1684 2005 delati,

283 2009 462 2053 pronique
485 2009 522 2040 in
543 2019 636 2040 mare
656 2009 846 2051 provoluti,
877 2014 912 2041 ct
939 2010 1103 2052 procellis
1126 2009 1263 2053 abrepti
1286 2010 1478 2054 perierunt.
1527 2009 1685 2053 Subrigit

285 2055 380 2087 enim
405 2063 441 2085 se
465 2053 719 2097 quodammodo
737 2064 776 2085 ea
796 2059 893 2097 parte
911 2055 1011 2087 littus
1027 2079 1036 2094 ,
1067 2060 1102 2086 ct
1123 2055 1234 2087 veluti
1250 2056 1374 2087 collem
1397 2053 1571 2098 quendam
1590 2055 1686 2095 facit,

284 2110 358 2131 non
376 2100 471 2131 omni
494 2109 537 2130 cx
558 2104 655 2142 parte
676 2099 915 2131 accessibilem
940 2105 975 2132 et
999 2101 1168 2144 pervium,
1193 2101 1338 2144 quique,
1359 2100 1421 2132 ubi
1440 2101 1478 2132 in
1501 2101 1576 2132 eius
1591 2111 1687 2132 sum-

285 2145 445 2176 mitatem
467 2148 610 2176 ventum
633 2144 751 2182 fucrit⁷
778 2155 997 2188 nequaquam
1015 2145 1152 2177 facilem
1180 2146 1346 2188 praebeat
1375 2145 1597 2185 descensum,
1622 2145 1684 2178 sed

286 2189 435 2221 maxima
468 2190 522 2221 sui
542 2193 639 2232 parte
658 2189 874 2232 praecipitiis
899 2190 943 2222 ad
962 2191 1096 2233 lapsum
1119 2191 1332 2233 proclivibus
1353 2196 1388 2223 et
1411 2190 1592 2223 hiantibus
1616 2190 1682 2222 ob-

285 2235 450 2272 noxium,
478 2239 514 2266 et
536 2235 573 2266 in
595 2235 861 2277 profundiorem
886 2234 988 2267 maris
1015 2235 1229 2278 crepidinem
1253 2242 1465 2280 vergentem.
1511 2237 1582 2270 Alii
1612 2237 1682 2268 ita-

287 2289 358 2323 que
374 2279 646 2323 quamplurimos
665 2280 713 2312 ita
727 2285 912 2322 pereuntes
936 2282 1149 2323 conspicati,
1183 2281 1314 2325 absque
1341 2282 1414 2313 ullo
1438 2281 1560 2314 ordine
1580 2281 1680 2324 fuge-

288 2328 394 2363 runt,
420 2330 456 2357 et
472 2335 549 2356 cum
569 2326 703 2367 ingenti
729 2325 875 2358 clamore
899 2331 1003 2369 atque
1025 2326 1156 2358 eiulatu
1184 2327 1227 2359 ad
1253 2328 1442 2359 exercitum
1464 2326 1571 2359 delati
1597 2337 1680 2370 per-

228 2380 232 2385 ·
289 2369 492 2403 turbatione
512 2375 547 2401 et
563 2371 715 2402 tumultu
738 2371 853 2403 omnia
880 2371 1093 2413 implerunt,
1117 2377 1157 2404 ut
1178 2373 1315 2405 iamiam
1342 2372 1584 2416 ingruentibus
1609 2373 1679 2403 Ro-

230 2448 234 2455 ,
290 2415 414 2448 manis.
462 2413 645 2446 Leutharis
671 2426 753 2447 vero
779 2416 822 2448 ad
845 2417 1018 2459 proelium
1046 2428 1082 2449 se
1100 2427 1317 2461 comparans,
1339 2428 1476 2450 omnem
1494 2417 1683 2449 exercitum

290 2459 463 2493 movebat.
511 2460 568 2491 Illi
585 2461 731 2503 arreptis
751 2462 851 2493 armis
873 2462 981 2493 aciem
1002 2462 1245 2503 instruebant,
1276 2463 1419 2496 densam
1441 2463 1570 2506 pariter
1585 2466 1621 2494 et
1645 2463 1684 2494 in

291 2505 434 2549 longum
454 2509 660 2547 protensam.
709 2505 783 2538 Hoc
805 2517 883 2550 ergo
904 2513 1004 2549 pacto
1027 2509 1226 2541 constitutis
1251 2509 1348 2552 ipsis,
1373 2517 1488 2552 neque
1511 2511 1682 2550 opportu-

291 2550 393 2583 niore
417 2550 566 2584 consilio
592 2551 630 2583 in
654 2555 807 2584 mentem
831 2553 1012 2592 veniente,
1038 2553 1181 2595 plurimi
1205 2555 1331 2598 captivi
1363 2551 1567 2586 incustoditi
1598 2552 1683 2584 reli—

294 2596 354 2635 cti,
377 2595 532 2628 hostium
555 2596 782 2639 occupatione
807 2603 1002 2640 opportune
1026 2599 1102 2638 usi,
1127 2610 1229 2643 quam
1254 2600 1432 2632 celerrime
1455 2597 1682 2640 aufugerunt,

295 2646 332 2673 et
352 2640 523 2685 quicquid
545 2646 710 2685 poterant
728 2642 922 2684 spoliorum
945 2643 982 2675 in
1006 2645 1163 2686 proxima
1188 2645 1328 2679 castella
1346 2642 1609 2677 transtulerunt.

385 2687 415 2719 3.
464 2686 556 2722 Cum
571 2696 652 2721 vero
673 2686 866 2722 Artabanes
899 2688 1002 2721 simul
1030 2693 1066 2722 ct
1089 2689 1222 2724 Uldach
1241 2692 1390 2734 impares
1417 2697 1491 2721 sese
1521 2687 1684 2721 commit-
