1794 3112
301 138 373 191 66
859 157 1131 203 AGATfflAE

105 262 143 295 A.
163 262 200 294 C.
226 253 470 305 553νόμενοι,
511 247 619 294 οὗτοι
655 256 700 296 δὲ
731 250 922 306 ἀλαζόνες
949 259 1031 301 εἰσί
1062 261 1134 302 καί
1165 261 1416 316 ἀτάσθαλοι,
1453 258 1547 306 οὗτε
1571 264 1696 318 θέμιν

135 307 162 340 1·
186 309 211 340 Ῑ·
237 320 278 353 27
291 317 458 368 εἰδότες,
487 312 577 358 οὔτε
602 319 726 368 μέλον
749 319 887 368 αὐτοῖς
908 322 948 362 εἰ
963 320 1006 364 τὸ
1024 326 1138 365 θεῖον
1165 328 1312 381 νεμεσᾷ
1327 332 1410 376 τοῖς
1434 331 1694 382 γιγνομένοις.

250 379 491 434 Βτοιγάρτοι
519 382 660 422 ποιναί
681 397 725 434 γε
751 382 898 432 αὐτοὺς
929 385 1114 436 μετίασιν
1145 388 1348 443 ἀκριβεῖς,
1387 393 1457 432 καί
1481 394 1626 447 σφίσιν
1652 394 1696 442 ἐς

291 444 532 497 ἀνηκέστους
561 445 780 500 συμφοράς
811 445 860 487 τὰ
888 446 1108 502 πράγματα
1145 454 1411 506 τελευτῶσιν,
1456 457 1497 496 εἰ
1523 457 1593 496 καί
1623 457 1696 497 ἐπὶ

288 507 422 561 βραχὺ
455 508 666 563 εὐημερεῖν
699 514 942 562 νομισθεϊεν.
983 511 1099 554 ὁποῖα
1129 516 1199 555 καί
1220 514 1305 556 τότε
1339 522 1421 566 τοῖς
1443 518 1556 574 ἀμφὶ
1577 518 1716 561 Asi-5

287 573 411 625 θαρίν
438 588 481 613 τε
501 573 571 612 καί
588 576 828 616 Βουτιλῖνον
849 575 1072 631 βαρβάροις
1101 580 1260 632 ξυνέβη.

393 634 449 688 β’.
499 636 657 690 Ἐπειδὴ
678 636 755 692 γὰρ
795 641 922 680 ταῦτα
953 638 1153 695 ἔδρασαν,
1193 644 1263 683 καί
1290 646 1392 685 πολύ
1421 661 1460 687 τι
1495 645 1692 701 λαφύρων

285 697 569 754 περιεβάλοντο
601 703 763 756 χρῆμα,
799 697 875 757 ἤδη
901 720 945 744 τε
977 703 1019 746 τὸ
1060 704 1130 760 ἔαρ
1166 707 1424 763 παρῳχῆκει,
1470 710 1540 751 καί
1563 712 1590 765 ἧ
1621 709 1692 752 τοῦ

283 765 431 818 θέρους
452 759 631 818 ἤκμαζεν
652 762 762 820 αῗρα,
799 771 1026 825 Λευθαρίῳ
1047 771 1147 823 μὲν,
1182 772 1341 828 θατέρῳ
1367 774 1449 816 τῶν
1469 773 1690 829 ἡγεμόνων,

281 835 513 890 βουλομένῳ
539 831 590 887 ἧν
629 832 764 876 οἴκαδε
797 837 1070 891 ἀπονοστῆσαι
1080 873 1092 891 ,
1137 842 1208 880 καί
1243 842 1313 880 τοῦ
1338 833 1457 891 ἷῖλβου
1486 840 1751 890 §pennata-10.

281 900 394 938 σθαι.
444 896 622 939 ἔστελλεν
661 900 706 940 δὲ
752 899 806 949 ὥς
842 900 915 942 τὸν
953 902 1131 958 ἀδελφὸν
1176 900 1512 958 ιῖγγελιαςοὸρους,
1559 919 1693 958 παρα-

276 960 530 1012 κελευόμενος
551 964 622 1003 καί
646 959 759 1004 τόνδε
785 963 841 1012 ὥς
868 963 1040 1018 τάχιστα
1067 968 1296 1019 ἐπανιέναι,
1330 967 1495 1021 χαίρειν
1523 964 1690 1007 εἰπόντα

174 1031 212 1068 Ρ,
227 1031 272 1070 37
279 1026 335 1080 τῷ
354 1026 538 1080 πολέμῳ,
566 1026 637 1067 καὶ
660 1029 709 1083 τῇ
730 1028 864 1085 ἀδήλῳ
883 1028 986 1085 τύχῃ
1008 1032 1086 1071 τῶν
1117 1032 1331 1083 ἐσομένων.
1385 1033 1621 1079 Βουτιλῖνος
1641 1032 1688 1071 δὲ

274 1086 346 1128 καί
368 1085 432 1129 ὅτι
455 1088 657 1141 ὃμωμὸκει
680 1097 762 1139 τοῖς
790 1093 829 1132 Γ
827 1091 987 1145 ότθοις,
1015 1090 1042 1147 ἦ
1057 1093 1140 1147 μην
1165 1095 1427 1149 ξυνάρασθαι
1448 1093 1590 1145 αὐτοῖς
1611 1092 1684 1134 τὸν

274 1151 376 1207 πρὸς
408 1152 646 1205 (Ρωμαίους
670 1155 828 1208 ἀγῶνα,
857 1156 927 1197 καί
951 1154 1012 1198 ὅτι
1030 1154 1157 1199 αὐτὸν
1183 1159 1326 1199 ἐκεῖνοι
1349 1157 1572 1210 ἐθώπευον,
1598 1158 1729 1210 fla-15

273 1217 390 1257 σιλέα
413 1218 530 1271 σφῶν
551 1218 780 1267 ἀναδείξειν
797 1221 1145 1275 ἐπιθρυλλοῦντες,
1171 1220 1304 1262 ἐδόκει
1325 1220 1361 1262 οἱ
1380 1222 1546 1273 μενετέα
1567 1236 1686 1273 ειναι,

273 1280 345 1320 καί
363 1278 412 1321 τὰ
436 1282 672 1334 ξυγκειζιιενα
690 1285 936 1324 διανυστέον.
963 1286 1033 1325 καί
1050 1283 1069 1325 ὅ
1091 1287 1168 1336 μὲν
1184 1283 1337 1326 τούτων
1362 1283 1410 1338 δη
1430 1286 1544 1325 ἕνεκα
1567 1283 1685 1336 ἔμενέ

273 1358 315 1384 τε
335 1341 461 1385 αὐτοῦ
471 1378 483 1396 ,
511 1344 582 1385 καί
600 1344 650 1386 τοὶ
678 1346 720 1394 ἐς
745 1344 812 1387 τὸν
837 1347 1012 1398 πόλεμον
1033 1348 1252 1402 ἐξηρτύετο.
1293 1342 1511 1403 Λεύθαρις
1533 1349 1577 1388 δὲ
1598 1345 1684 1399 ἅμα

363 1422 393 1444 2.
418 1412 580 1456 νεμεσᾷν
602 1412 638 1444 R.
756 1423 786 1456 7.
808 1410 934 1453 ἐπειδὴ
963 1410 1038 1456 γὰρ
1067 1414 1123 1453 R„
1157 1413 1238 1446 ἐπεὶ
1268 1405 1342 1459 γὰρ
1371 1414 1461 1458 vulg.
1561 1414 1592 1446 8.
1619 1411 1683 1455 ἤδη

361 1454 404 1488 τό
416 1465 453 1488 τε
475 1456 539 1500 ἔαρ
562 1458 621 1496 Β.,
650 1457 746 1501 quod
769 1458 1000 1500 praeferrem,
1029 1459 1058 1491 si
1081 1463 1162 1502 post
1179 1459 1377 1503 Λευθαρίῳ
1407 1459 1578 1491 insereret
1603 1455 1684 1493 οὖν.

361 1501 472 1544 Intpr.
491 1503 666 1546 vulgatam
690 1504 865 1546 exprimit.
970 1516 1016 1537 10.
1042 1504 1294 1548 βουλευομένῳ
1318 1505 1354 1536 R.
1451 1516 1500 1538 ιι.
1519 1504 1685 1539 ἔστελλεν

359 1547 399 1579 R,
419 1546 528 1591 Lugd.
541 1572 551 1588 ‚
587 1547 724 1580 ἔστειλε
746 1548 827 1581 edd.
921 1546 960 1581 δὲ
981 1549 1028 1585 ιᾶς
1052 1551 1089 1582 R.
1106 1573 1114 1588 ‚
1140 1548 1178 1581 δὲ
1198 1551 1260 1581 καὶ
1281 1550 1330 1586 ὥς
1347 1548 1438 1593 vulg.
1533 1561 1580 1583 ια.
1598 1549 1681 1583 ἐπι-

360 1592 457 1624 ιέναι
481 1594 517 1624 R.
627 1592 677 1636 14.
704 1592 761 1627 ὅτι
786 1594 850 1626 ins.
877 1605 920 1626 ex
944 1595 980 1626 R.
1056 1593 1246 1639 οἷμομόκει
1269 1596 1306 1627 R.
1373 1599 1451 1630 τοῖς
1463 1592 1615 1631 Γότθοις
1630 1596 1681 1635 R„

359 1639 411 1680 τῷ
431 1637 552 1680 Γότθῳ
579 1639 670 1682 vulg.
792 1641 840 1672 16.
866 1639 1172 1685 ἐπιθρυλλοῦντες
1194 1641 1230 1671 R.
1245 1664 1254 1679 ,
1278 1639 1495 1683 ἐπιθρυλλεῖ
1509 1637 1540 1672 τ’
1555 1639 1678 1684 Lugd.‚

357 1682 406 1718 οἷς
422 1683 682 1728 ἐπιθρυλλεῑτο
710 1685 816 1728 vulg„
832 1685 939 1728 Intpr.
964 1696 1007 1718 uc
1022 1697 1120 1718 suum
1139 1684 1383 1730 imperatorem
1402 1684 1482 1728 sore
1503 1696 1538 1718 se
1567 1696 1679 1730 prae-

356 1727 530 1761 dicarent.
652 1741 701 1774 ¹7·
729 1729 835 1763 ἕνεκα
861 1731 920 1770 Β,,
945 1729 1068 1764 ἕνεκεν
1090 1731 1179 1774 vulg.

264 1784 458 1823 invadunt,
493 1796 552 1816 eos
585 1796 605 1818 a
631 1786 759 1830 quIbus
786 1786 883 1818 nulla
907 1787 1037 1818 iniuria
1063 1792 1145 1819 sunt
1176 1787 1354 1830 provocati
1382 1785 1607 1825 infestantes,
1637 1785 1676 1819 hi

264 1835 358 1862 certe
389 1830 508 1862 vesani
531 1831 704 1874 impiique
718 1831 868 1870 fuerint3
896 1843 1011 1876 neque
1031 1832 1182 1876 quidius
1204 1843 1242 1864 ae
1259 1833 1308 1864 fas
1329 1832 1375 1863 sit
1393 1836 1535 1871 norunt,
1558 1842 1674 1876 neque

263 1875 308 1906 iis
337 1885 438 1907 curae
470 1880 523 1907 est
551 1887 595 1907 an
623 1875 716 1908 Deus
751 1876 930 1908 maleficiis
971 1877 1176 1909 offendatur.
1231 1877 1366 1909 Idcirco
1397 1877 1583 1909 acerrimae
1613 1887 1673 1908 eos

261 1931 397 1963 poenae
427 1926 590 1960 manent,
616 1932 740 1966 resque
760 1923 845 1965 ipsis
875 1923 914 1954 in
943 1927 1112 1954 extremas
1139 1928 1245 1966 atque
1273 1921 1551 1955 irremediabiles
1578 1921 1672 1953 cala-

262 1967 402 1998 mitates
426 1965 613 2006 desinunt,
638 1968 775 1999 tametsi
796 1967 839 1999 ad
867 1967 972 2000 breve
1005 1967 1151 2011 aliquod
1168 1973 1302 2010 tempus
1321 1977 1487 2010 prospere
1514 1977 1586 1999 rem
1609 1977 1670 2010 ge-

262 2022 339 2043 rere
357 2010 553 2044 videantur.
601 2013 650 2044 Ac
670 2013 757 2045 talia
774 2013 919 2057 quidem
942 2013 1050 2046 etiam
1070 2017 1154 2046 tunc
1177 2012 1382 2045 Leutharim
1404 2012 1670 2056 Butilinumque

260 2057 476 2090 sectantibus
501 2057 612 2100 copiis
637 2068 796 2090 evenere.

352 2113 382 2134 2.
407 2102 493 2134 Nam
515 2101 554 2134 hi
579 2103 683 2136 rebus
708 2103 804 2136 hisce
824 2104 1054 2147 perpetratis,
1080 2114 1157 2135 cum
1180 2105 1248 2135 iam
1273 2104 1450 2147 ingentem
1475 2102 1668 2146 spoliorum

259 2148 331 2179 vim
362 2154 642 2188 coacervassent,
677 2155 714 2182 et
743 2150 814 2182 iam
846 2150 1081 2193 praeterlapso
1114 2159 1194 2181 vere
1228 2149 1363 2192 vigeret
1393 2153 1527 2190 aestas3
1561 2148 1666 2181 alteri

247 2191 404 2236 quidem
448 2193 594 2234 ducum,
630 2194 797 2228 Leuthari
820 2194 1004 2234 videlicet,
1043 2195 1081 2227 in
1111 2195 1226 2226 animo
1252 2200 1324 2227 erat
1357 2194 1498 2226 domum
1526 2193 1666 2234 reverti,

261 2243 298 2270 et
316 2239 442 2281 opimis
475 2240 598 2282 spoliis
629 2241 701 2272 suis
730 2241 822 2279 frui,
847 2241 1053 2283 nuntiisque
1083 2239 1127 2271 ad
1151 2240 1291 2272 fratrem
1323 2250 1422 2271 suum
1450 2240 1564 2271 missis
1587 2249 1668 2271 eum

265 2283 371 2315 etiam
398 2283 441 2315 ad
467 2284 722 2317 domuitionem
741 2285 969 2326 hortabatur3
993 2286 1089 2317 bello
1111 2290 1146 2317 et
1166 2286 1308 2317 incertis
1329 2296 1443 2317 rerum
1472 2285 1666 2317 futurarum

265 2329 448 2361 eventibus
471 2330 585 2362 valere
605 2330 719 2363 iussis.
767 2332 943 2363 Butilinus
975 2342 1055 2363 vero
1079 2331 1182 2362 etiam
1213 2330 1438 2363 iureiurando
1471 2341 1507 2363 se
1537 2329 1664 2362 Gothis

262 2373 476 2413 obstrinxit,
499 2375 674 2418 proelium
690 2375 852 2409 adversus
879 2378 1047 2408 Romanos
1075 2379 1161 2407 cum'
1182 2377 1266 2420 ipsis
1297 2376 1492 2418 aditurum3
1517 2385 1664 2418 cumque

263 2419 318 2450 illi
341 2431 403 2463 per
435 2421 705 2453 assentationem
735 2426 935 2466 spargerent
970 2433 1044 2454 sese
1071 2432 1149 2454 eum
1176 2433 1288 2465 regem
1315 2423 1470 2465 ipsorum
1501 2421 1663 2464 designa—

261 2469 398 2504 turum,
422 2465 631 2498 manendum
653 2467 721 2499 sibi
736 2467 828 2511 apud
844 2467 924 2499 illos
950 2467 1105 2506 censuit,
1129 2472 1164 2499 et
1185 2479 1221 2499 se
1246 2468 1289 2501 ad
1315 2467 1448 2500 bellum
1483 2465 1659 2499 instruxit.

260 2509 442 2543 Leutharis
461 2522 542 2543 vero
574 2522 649 2543 cum
678 2513 748 2544 suis
777 2513 887 2556 copiis
915 2513 1031 2544 statim
1057 2512 1236 2546 discessit:
1273 2524 1314 2546 eo
1336 2513 1482 2546 consilio
1505 2515 1545 2542 ut
1560 2516 1660 2554 post—

260 2566 363 2598 quam
383 2556 546 2600 praedam
562 2568 699 2590 omnem
720 2569 823 2602 quam
856 2559 1030 2591 tutissime
1050 2559 1222 2592 avexisset
1235 2583 1244 2598 ‚
1269 2558 1477 2602 domumque
1495 2557 1662 2595 venisset,

257 2604 334 2632 tum
364 2602 555 2634 exercitum
590 2601 691 2636 fratri
718 2615 779 2636 suo
819 2605 997 2647 suppetias
1025 2604 1174 2636 laturum
1201 2606 1366 2638 mitteret.
1422 2601 1492 2635 Sed
1515 2612 1560 2635 ne
1591 2601 1663 2645 ipsi

259 2645 403 2688 quidem
420 2647 569 2679 consilia
593 2659 653 2680 sua
679 2659 721 2682 ex
743 2649 851 2682 animi
867 2650 1043 2682 sententia
1061 2654 1323 2690 successerunt,
1346 2658 1461 2693 neque
1482 2646 1583 2679 fratri
1596 2657 1660 2679 suo

256 2690 356 2724 valde
377 2692 540 2726 auxiliari
565 2693 692 2738 potuit.
740 2695 827 2733 Nam
845 2695 915 2740 ipsi
929 2695 998 2730 iam
1012 2696 1082 2730 iter
1099 2693 1240 2732 domum
1256 2705 1373 2734 versus
1398 2694 1572 2738 ingresso,
1594 2691 1654 2726 ni·
