<?xml version="1.0" encoding="UTF-8"?>
<!DOCTYPE html PUBLIC "-//W3C//DTD XHTML 1.0 Transitional//EN"
    "http://www.w3.org/TR/xhtml1/DTD/xhtml1-transitional.dtd">
<html xmlns="http://www.w3.org/1999/xhtml" xml:lang="en" lang="en">
 <head>
  <title>
</title>
<meta http-equiv="Content-Type" content="text/html;charset=utf-8" />
  <meta name='ocr-system' content='tesseract 3.04.00' />
  <meta name='ocr-capabilities' content='ocr_page ocr_carea ocr_par ocr_line ocrx_word'/>
</head>
<body>
  <div class='ocr_page' id='page_1' title='image "./corpusscriptorum01niebuoft_0367.png"; bbox 0 0 1832 3152; ppageno 0'>
   <div class='ocr_carea' id='block_1_1' title="bbox 565 121 1588 191">
    <p class='ocr_par' dir='ltr' id='par_1_1' title="bbox 565 121 1588 191">
     <span class='ocr_line' id='line_1_1' title="bbox 565 121 1588 191; baseline -0.01 -3"><span class='ocrx_word' id='word_1_1' title='bbox 565 140 943 188; x_wconf 74' lang='lat' dir='ltr'><strong>msromARUM</strong></span> <span class='ocrx_word' id='word_1_2' title='bbox 969 139 1034 186; x_wconf 82' lang='lat' dir='ltr'><strong>‘v.</strong></span> <span class='ocrx_word' id='word_1_3' title='bbox 1060 150 1132 191; x_wconf 79' lang='lat'><strong>20.</strong></span> <span class='ocrx_word' id='word_1_4' title='bbox 1475 121 1588 179; x_wconf 80' lang='lat'><strong>323</strong></span> 
     </span>
    </p>
   </div>
   <div class='ocr_carea' id='block_1_2' title="bbox 143 226 1770 304">
    <p class='ocr_par' dir='ltr' id='par_1_2' title="bbox 143 226 1770 304">
     <span class='ocr_line' id='line_1_2' title="bbox 143 226 1770 304; baseline -0.002 -11"><span class='ocrx_word' id='word_1_5' title='bbox 143 251 410 304; x_wconf 74' lang='grc' dir='ltr'><strong><em>σεσωσμένοι,</em></strong></span> <span class='ocrx_word' id='word_1_6' title='bbox 438 248 563 290; x_wconf 76' lang='grc' dir='ltr'><strong><em>τοῦτο</em></strong></span> <span class='ocrx_word' id='word_1_7' title='bbox 593 245 644 302; x_wconf 76' lang='grc' dir='ltr'><strong>δή</strong></span> <span class='ocrx_word' id='word_1_8' title='bbox 674 245 796 289; x_wconf 77' lang='grc' dir='ltr'><strong><em>ἔδακε</em></strong></span> <span class='ocrx_word' id='word_1_9' title='bbox 826 244 1003 296; x_wconf 72' lang='grc' dir='ltr'><strong><em>πολλοὺς</em></strong></span> <span class='ocrx_word' id='word_1_10' title='bbox 1029 245 1110 288; x_wconf 75' lang='grc' dir='ltr'><strong>τῶν</strong></span> <span class='ocrx_word' id='word_1_11' title='bbox 1135 246 1181 288; x_wconf 72' lang='grc' dir='ltr'><strong>ἐν</strong></span> <span class='ocrx_word' id='word_1_12' title='bbox 1207 246 1315 287; x_wconf 76' lang='grc' dir='ltr'><strong><em>τέλει</em></strong></span> <span class='ocrx_word' id='word_1_13' title='bbox 1343 245 1417 287; x_wconf 68' lang='grc' dir='ltr'><strong>καὶ</strong></span> <span class='ocrx_word' id='word_1_14' title='bbox 1435 226 1631 299; x_wconf 33' lang='lat' dir='ltr'><strong>&amp;filaus-A.</strong></span> <span class='ocrx_word' id='word_1_15' title='bbox 1648 246 1770 291; x_wconf 71' lang='lat'>0558</span> 
     </span>
    </p>
   </div>
   <div class='ocr_carea' id='block_1_3' title="bbox 145 302 1712 375">
    <p class='ocr_par' dir='ltr' id='par_1_3' title="bbox 145 302 1712 375">
     <span class='ocr_line' id='line_1_3' title="bbox 145 302 1712 375; baseline -0.005 -16"><span class='ocrx_word' id='word_1_16' title='bbox 145 318 290 375; x_wconf 73' lang='grc' dir='ltr'><strong><em>φθόνῳ</em></strong></span> <span class='ocrx_word' id='word_1_17' title='bbox 319 317 557 372; x_wconf 73' lang='grc' dir='ltr'><strong><em>ληφθέντας</em></strong></span> <span class='ocrx_word' id='word_1_18' title='bbox 590 315 662 355; x_wconf 79' lang='grc' dir='ltr'><strong>καὶ</strong></span> <span class='ocrx_word' id='word_1_19' title='bbox 687 312 892 371; x_wconf 69' lang='grc' dir='ltr'><strong><em>βασκανία</em></strong></span> <span class='ocrx_word' id='word_1_20' title='bbox 906 346 918 366; x_wconf 91' lang='grc'><strong><em>,</em></strong></span> <span class='ocrx_word' id='word_1_21' title='bbox 964 312 1141 354; x_wconf 58' lang='grc' dir='ltr'><strong><em>πάθεσιν</em></strong></span> <span class='ocrx_word' id='word_1_22' title='bbox 1180 309 1289 354; x_wconf 72' lang='grc' dir='ltr'><strong><em>οὕτω</em></strong></span> <span class='ocrx_word' id='word_1_23' title='bbox 1329 312 1478 359; x_wconf 80' lang='grc' dir='ltr'><em>δεινοῖς</em></span> <span class='ocrx_word' id='word_1_24' title='bbox 1513 302 1712 352; x_wconf 70' lang='grc' dir='ltr'><strong>εκοιι“Ῑ·Ῑ’32</strong></span> 
     </span>
    </p>
   </div>
   <div class='ocr_carea' id='block_1_4' title="bbox 91 369 1713 1552">
    <p class='ocr_par' dir='ltr' id='par_1_4' title="bbox 91 369 1713 1552">
     <span class='ocr_line' id='line_1_4' title="bbox 144 369 1713 432; baseline -0.004 -8"><span class='ocrx_word' id='word_1_25' title='bbox 144 381 213 424; x_wconf 74' lang='grc' dir='ltr'><strong>ἀεὶ</strong></span> <span class='ocrx_word' id='word_1_26' title='bbox 238 380 290 423; x_wconf 80' lang='grc' dir='ltr'><strong>τὰ</strong></span> <span class='ocrx_word' id='word_1_27' title='bbox 319 382 517 422; x_wconf 74' lang='grc' dir='ltr'><strong><em>κάλλιστα</em></strong></span> <span class='ocrx_word' id='word_1_28' title='bbox 545 380 876 432; x_wconf 80' lang='grc' dir='ltr'><strong><em>λυμαινομένοις.</em></strong></span> <span class='ocrx_word' id='word_1_29' title='bbox 920 377 1127 432; x_wconf 79' lang='grc' dir='ltr'><em>τοιγάρτοι</em></span> <span class='ocrx_word' id='word_1_30' title='bbox 1163 378 1379 431; x_wconf 84' lang='grc' dir='ltr'><strong><em>διέβαλλον</em></strong></span> <span class='ocrx_word' id='word_1_31' title='bbox 1413 373 1484 418; x_wconf 83' lang='grc' dir='ltr'><strong>τὸν</strong></span> <span class='ocrx_word' id='word_1_32' title='bbox 1511 369 1627 418; x_wconf 58' lang='lat' dir='ltr'><strong>Siva-P.</strong></span> <span class='ocrx_word' id='word_1_33' title='bbox 1642 378 1713 418; x_wconf 74' lang='lat'><strong>160</strong></span> 
     </span>
     <span class='ocr_line' id='line_1_5' title="bbox 143 439 1594 503; baseline -0.005 -14"><span class='ocrx_word' id='word_1_34' title='bbox 143 449 224 503; x_wconf 83' lang='grc' dir='ltr'><strong>δρα</strong></span> <span class='ocrx_word' id='word_1_35' title='bbox 254 445 310 495; x_wconf 80' lang='grc' dir='ltr'><strong>ὦς</strong></span> <span class='ocrx_word' id='word_1_36' title='bbox 335 446 682 500; x_wconf 83' lang='grc' dir='ltr'><strong><em>μεγαλαυχοῦντα</em></strong></span> <span class='ocrx_word' id='word_1_37' title='bbox 712 446 784 485; x_wconf 82' lang='grc' dir='ltr'><em>καί</em></span> <span class='ocrx_word' id='word_1_38' title='bbox 811 441 1176 499; x_wconf 71' lang='grc' dir='ltr'><strong><em>διαθρυπτόμενον</em></strong></span> <span class='ocrx_word' id='word_1_39' title='bbox 1214 440 1286 484; x_wconf 77' lang='grc' dir='ltr'><strong>ἐπὶ</strong></span> <span class='ocrx_word' id='word_1_40' title='bbox 1317 442 1369 498; x_wconf 80' lang='grc' dir='ltr'><strong>τῇ</strong></span> <span class='ocrx_word' id='word_1_41' title='bbox 1395 442 1471 483; x_wconf 82' lang='grc' dir='ltr'><strong>τοῦ</strong></span> <span class='ocrx_word' id='word_1_42' title='bbox 1497 439 1594 494; x_wconf 54' lang='lat' dir='ltr'><strong>‹zala-</strong></span> 
     </span>
     <span class='ocr_line' id='line_1_6' title="bbox 113 502 1593 570; baseline -0.004 -16"><span class='ocrx_word' id='word_1_43' title='bbox 113 517 215 558; x_wconf 88' lang='grc' dir='ltr'><strong><em>5λου</em></strong></span> <span class='ocrx_word' id='word_1_44' title='bbox 245 508 386 570; x_wconf 77' lang='grc' dir='ltr'><strong><em>εύνοίᾳ</em></strong></span> <span class='ocrx_word' id='word_1_45' title='bbox 424 513 497 552; x_wconf 82' lang='grc' dir='ltr'><em>καί</em></span> <span class='ocrx_word' id='word_1_46' title='bbox 551 512 595 560; x_wconf 79' lang='grc' dir='ltr'><strong>ἐς</strong></span> <span class='ocrx_word' id='word_1_47' title='bbox 637 505 766 559; x_wconf 71' lang='grc' dir='ltr'><strong><em>ἄλλας</em></strong></span> <span class='ocrx_word' id='word_1_48' title='bbox 795 508 953 565; x_wconf 78' lang='grc' dir='ltr'><strong><em>ὁρῶντα</em></strong></span> <span class='ocrx_word' id='word_1_49' title='bbox 981 507 1164 558; x_wconf 79' lang='grc' dir='ltr'><strong><em>ἐλπίδας.</em></strong></span> <span class='ocrx_word' id='word_1_50' title='bbox 1204 502 1262 550; x_wconf 69' lang='grc' dir='ltr'><strong>ὧν</strong></span> <span class='ocrx_word' id='word_1_51' title='bbox 1290 507 1340 564; x_wconf 80' lang='grc' dir='ltr'><strong><em>δη</em></strong></span> <span class='ocrx_word' id='word_1_52' title='bbox 1371 508 1490 550; x_wconf 75' lang='grc' dir='ltr'><strong><em>ἕνεκα</em></strong></span> <span class='ocrx_word' id='word_1_53' title='bbox 1517 504 1593 548; x_wconf 77' lang='grc' dir='ltr'><strong><em>τοί-</em></strong></span> 
     </span>
     <span class='ocr_line' id='line_1_7' title="bbox 137 569 1592 633; baseline -0.005 -13"><span class='ocrx_word' id='word_1_54' title='bbox 137 575 264 632; x_wconf 78' lang='grc' dir='ltr'><strong><em>χιστά</em></strong></span> <span class='ocrx_word' id='word_1_55' title='bbox 296 593 341 619; x_wconf 86' lang='grc' dir='ltr'><strong>τε</strong></span> <span class='ocrx_word' id='word_1_56' title='bbox 371 572 576 633; x_wconf 71' lang='grc' dir='ltr'><strong><em>ἀφῖκται,</em></strong></span> <span class='ocrx_word' id='word_1_57' title='bbox 606 575 665 625; x_wconf 75' lang='grc' dir='ltr'><strong>ὥς</strong></span> <span class='ocrx_word' id='word_1_58' title='bbox 689 573 749 631; x_wconf 78' lang='grc' dir='ltr'><strong>μη</strong></span> <span class='ocrx_word' id='word_1_59' title='bbox 776 574 1023 617; x_wconf 78' lang='grc' dir='ltr'><strong><em>τελεώτατον</em></strong></span> <span class='ocrx_word' id='word_1_60' title='bbox 1051 569 1193 630; x_wconf 72' lang='grc' dir='ltr'><strong><em>ἄροιτο</em></strong></span> <span class='ocrx_word' id='word_1_61' title='bbox 1223 576 1351 623; x_wconf 83' lang='grc' dir='ltr'><em>κλέος.</em></span> <span class='ocrx_word' id='word_1_62' title='bbox 1394 574 1468 615; x_wconf 80' lang='grc' dir='ltr'><em>καί</em></span> <span class='ocrx_word' id='word_1_63' title='bbox 1493 571 1592 614; x_wconf 71' lang='grc' dir='ltr'><strong><em>οῦδὲ</em></strong></span> 
     </span>
     <span class='ocr_line' id='line_1_8' title="bbox 146 636 1591 697; baseline -0.005 -12"><span class='ocrx_word' id='word_1_64' title='bbox 146 642 220 685; x_wconf 71' lang='grc' dir='ltr'><strong>ἐπὶ</strong></span> <span class='ocrx_word' id='word_1_65' title='bbox 245 649 332 692; x_wconf 84' lang='grc' dir='ltr'><strong><em>τοῖς</em></strong></span> <span class='ocrx_word' id='word_1_66' title='bbox 359 637 442 697; x_wconf 74' lang='grc' dir='ltr'><strong><em>ἤδη</em></strong></span> <span class='ocrx_word' id='word_1_67' title='bbox 469 641 768 696; x_wconf 81' lang='grc' dir='ltr'><strong>πεπονημένοις</strong></span> <span class='ocrx_word' id='word_1_68' title='bbox 796 642 920 696; x_wconf 81' lang='grc' dir='ltr'><strong><em>τιμῆς</em></strong></span> <span class='ocrx_word' id='word_1_69' title='bbox 948 636 1144 681; x_wconf 79' lang='grc' dir='ltr'><strong><em>ἆπῶνατο</em></strong></span> <span class='ocrx_word' id='word_1_70' title='bbox 1181 642 1256 695; x_wconf 77' lang='grc' dir='ltr'><strong><em>τῆς</em></strong></span> <span class='ocrx_word' id='word_1_71' title='bbox 1291 636 1591 694; x_wconf 81' lang='grc' dir='ltr'><strong><em>προσηκούσης·</em></strong></span> 
     </span>
     <span class='ocr_line' id='line_1_9' title="bbox 139 703 1591 764; baseline -0.004 -14"><span class='ocrx_word' id='word_1_72' title='bbox 139 707 246 750; x_wconf 69' lang='grc' dir='ltr'><strong><em>ἀλλὰ</em></strong></span> <span class='ocrx_word' id='word_1_73' title='bbox 281 704 442 764; x_wconf 72' lang='grc' dir='ltr'><strong><em>διέξιρει</em></strong></span> <span class='ocrx_word' id='word_1_74' title='bbox 470 704 586 764; x_wconf 55' lang='lat' dir='ltr'><strong>ouius,</strong></span> <span class='ocrx_word' id='word_1_75' title='bbox 612 705 663 748; x_wconf 76' lang='grc' dir='ltr'><strong>τὰ</strong></span> <span class='ocrx_word' id='word_1_76' title='bbox 693 708 769 762; x_wconf 79' lang='grc' dir='ltr'><strong>τῆς</strong></span> <span class='ocrx_word' id='word_1_77' title='bbox 797 708 930 761; x_wconf 90' lang='grc' dir='ltr'><strong><em>νίκης,</em></strong></span> <span class='ocrx_word' id='word_1_78' title='bbox 959 703 1054 759; x_wconf 88' lang='grc' dir='ltr'><strong><em>τόγε</em></strong></span> <span class='ocrx_word' id='word_1_79' title='bbox 1082 707 1147 747; x_wconf 81' lang='grc' dir='ltr'><strong>ἐπ’</strong></span> <span class='ocrx_word' id='word_1_80' title='bbox 1176 705 1349 754; x_wconf 79' lang='grc' dir='ltr'><strong><em>ἐκείνοις</em></strong></span> <span class='ocrx_word' id='word_1_81' title='bbox 1363 738 1376 758; x_wconf 95' lang='grc'><strong><em>,</em></strong></span> <span class='ocrx_word' id='word_1_82' title='bbox 1419 703 1591 760; x_wconf 76' lang='grc' dir='ltr'><strong><em>φροῦδα</em></strong></span> 
     </span>
     <span class='ocr_line' id='line_1_10' title="bbox 141 764 1590 826; baseline -0.004 -12"><span class='ocrx_word' id='word_1_83' title='bbox 141 772 214 814; x_wconf 83' lang='grc' dir='ltr'><em>καί</em></span> <span class='ocrx_word' id='word_1_84' title='bbox 238 767 401 826; x_wconf 68' lang='grc' dir='ltr'><strong><em>ἅμισθα</em></strong></span> <span class='ocrx_word' id='word_1_85' title='bbox 429 771 502 814; x_wconf 81' lang='grc' dir='ltr'><em>καί</em></span> <span class='ocrx_word' id='word_1_86' title='bbox 526 770 767 813; x_wconf 78' lang='grc' dir='ltr'><strong><em>παντάπασι</em></strong></span> <span class='ocrx_word' id='word_1_87' title='bbox 798 771 1059 826; x_wconf 84' lang='grc' dir='ltr'><strong><em>σεσιγημένα.</em></strong></span> <span class='ocrx_word' id='word_1_88' title='bbox 1088 769 1146 820; x_wconf 76' lang='grc' dir='ltr'><strong>ὥς</strong></span> <span class='ocrx_word' id='word_1_89' title='bbox 1172 772 1251 824; x_wconf 84' lang='grc' dir='ltr'><strong><em>μὲν</em></strong></span> <span class='ocrx_word' id='word_1_90' title='bbox 1279 764 1355 813; x_wconf 75' lang='grc' dir='ltr'><strong>οὖν</strong></span> <span class='ocrx_word' id='word_1_91' title='bbox 1383 770 1467 811; x_wconf 77' lang='grc' dir='ltr'><strong>τῶν</strong></span> <span class='ocrx_word' id='word_1_92' title='bbox 1495 764 1590 824; x_wconf 76' lang='grc' dir='ltr'><strong><em>(ἶρί-</em></strong></span> 
     </span>
     <span class='ocr_line' id='line_1_11' title="bbox 91 834 1592 893; baseline -0.001 -15"><span class='ocrx_word' id='word_1_93' title='bbox 91 851 250 882; x_wconf 79' lang='grc' dir='ltr'><strong><em>ιοστων</em></strong></span> <span class='ocrx_word' id='word_1_94' title='bbox 275 839 431 893; x_wconf 73' lang='grc' dir='ltr'><strong><em>ψυχαῖν</em></strong></span> <span class='ocrx_word' id='word_1_95' title='bbox 459 836 712 891; x_wconf 77' lang='grc' dir='ltr'><strong><em>ἀμβλύνεται</em></strong></span> <span class='ocrx_word' id='word_1_96' title='bbox 734 835 780 879; x_wconf 85' lang='grc' dir='ltr'><strong>τὸ</strong></span> <span class='ocrx_word' id='word_1_97' title='bbox 811 834 1078 893; x_wconf 78' lang='grc' dir='ltr'><strong><em>δραστήριον,</em></strong></span> <span class='ocrx_word' id='word_1_98' title='bbox 1105 836 1229 891; x_wconf 81' lang='grc' dir='ltr'><strong><em>ἧνίκα</em></strong></span> <span class='ocrx_word' id='word_1_99' title='bbox 1252 834 1312 892; x_wconf 86' lang='grc' dir='ltr'><strong><em>μὴ</em></strong></span> <span class='ocrx_word' id='word_1_100' title='bbox 1345 835 1592 888; x_wconf 78' lang='grc' dir='ltr'><strong><em>ἐπαινοῖντο,</em></strong></span> 
     </span>
     <span class='ocr_line' id='line_1_12' title="bbox 140 898 1588 960; baseline -0.003 -14"><span class='ocrx_word' id='word_1_101' title='bbox 140 906 250 960; x_wconf 86' lang='grc' dir='ltr'><strong><em>μηδὲ</em></strong></span> <span class='ocrx_word' id='word_1_102' title='bbox 277 905 356 945; x_wconf 79' lang='grc' dir='ltr'><strong>τοῦ</strong></span> <span class='ocrx_word' id='word_1_103' title='bbox 382 904 609 959; x_wconf 75' lang='grc' dir='ltr'><strong><em>πρέποντος</em></strong></span> <span class='ocrx_word' id='word_1_104' title='bbox 638 899 890 944; x_wconf 78' lang='grc' dir='ltr'><strong><em>ἀπολαύοιεν</em></strong></span> <span class='ocrx_word' id='word_1_105' title='bbox 900 935 912 955; x_wconf 97' lang='grc'><strong><em>,</em></strong></span> <span class='ocrx_word' id='word_1_106' title='bbox 952 903 1025 944; x_wconf 82' lang='grc' dir='ltr'><em>καί</em></span> <span class='ocrx_word' id='word_1_107' title='bbox 1051 898 1160 951; x_wconf 79' lang='grc' dir='ltr'><strong><em>ὅπως</em></strong></span> <span class='ocrx_word' id='word_1_108' title='bbox 1188 903 1357 944; x_wconf 65' lang='grc' dir='ltr'><strong><em>ἐνθένδε</em></strong></span> <span class='ocrx_word' id='word_1_109' title='bbox 1387 898 1441 943; x_wconf 82' lang='grc' dir='ltr'><strong>τὰ</strong></span> <span class='ocrx_word' id='word_1_110' title='bbox 1471 898 1588 942; x_wconf 76' lang='grc' dir='ltr'><strong><em>κοινοὶ</em></strong></span> 
     </span>
     <span class='ocr_line' id='line_1_13' title="bbox 144 963 1589 1026; baseline -0.003 -14"><span class='ocrx_word' id='word_1_111' title='bbox 144 971 445 1025; x_wconf 84' lang='grc' dir='ltr'><strong><em>καταδεέστερα</em></strong></span> <span class='ocrx_word' id='word_1_112' title='bbox 478 968 659 1024; x_wconf 87' lang='grc' dir='ltr'><strong><em>γίγνεται</em></strong></span> <span class='ocrx_word' id='word_1_113' title='bbox 688 970 746 1026; x_wconf 75' lang='grc' dir='ltr'><strong>τῷ</strong></span> <span class='ocrx_word' id='word_1_114' title='bbox 771 966 829 1023; x_wconf 74' lang='grc' dir='ltr'><strong><em>μὴ</em></strong></span> <span class='ocrx_word' id='word_1_115' title='bbox 870 966 1014 1023; x_wconf 70' lang='grc' dir='ltr'><strong><em>ὀρθῶς</em></strong></span> <span class='ocrx_word' id='word_1_116' title='bbox 1050 963 1276 1010; x_wconf 71' lang='grc' dir='ltr'><strong><em>ἀσκεῖσθαι</em></strong></span> <span class='ocrx_word' id='word_1_117' title='bbox 1303 965 1357 1009; x_wconf 79' lang='grc' dir='ltr'><strong>τὰ</strong></span> <span class='ocrx_word' id='word_1_118' title='bbox 1386 963 1589 1020; x_wconf 79' lang='grc' dir='ltr'><strong><em>ἀτιμαζό-</em></strong></span> 
     </span>
     <span class='ocr_line' id='line_1_14' title="bbox 140 1029 1588 1090; baseline -0.004 -12"><span class='ocrx_word' id='word_1_119' title='bbox 140 1052 272 1090; x_wconf 84' lang='grc' dir='ltr'><strong><em>μενα,</em></strong></span> <span class='ocrx_word' id='word_1_120' title='bbox 312 1034 399 1077; x_wconf 85' lang='grc' dir='ltr'><strong><em>εἴτε</em></strong></span> <span class='ocrx_word' id='word_1_121' title='bbox 439 1036 632 1088; x_wconf 80' lang='grc' dir='ltr'><strong><em>πολέμων</em></strong></span> <span class='ocrx_word' id='word_1_122' title='bbox 673 1030 755 1076; x_wconf 81' lang='grc' dir='ltr'><strong>εἷέν</strong></span> <span class='ocrx_word' id='word_1_123' title='bbox 783 1034 939 1087; x_wconf 76' lang='grc' dir='ltr'><strong><em>ἀγῶνες</em></strong></span> <span class='ocrx_word' id='word_1_124' title='bbox 979 1031 1066 1075; x_wconf 85' lang='grc' dir='ltr'><strong><em>εἴτε</em></strong></span> <span class='ocrx_word' id='word_1_125' title='bbox 1102 1031 1236 1088; x_wconf 90' lang='grc' dir='ltr'><strong><em>λόγων</em></strong></span> <span class='ocrx_word' id='word_1_126' title='bbox 1286 1032 1474 1075; x_wconf 78' lang='grc' dir='ltr'><strong><em>παιδεῖαι</em></strong></span> <span class='ocrx_word' id='word_1_127' title='bbox 1502 1029 1588 1073; x_wconf 85' lang='grc' dir='ltr'><strong><em>εἴτε</em></strong></span> 
     </span>
     <span class='ocr_line' id='line_1_15' title="bbox 149 1093 1592 1156; baseline -0.004 -12"><span class='ocrx_word' id='word_1_128' title='bbox 149 1099 250 1144; x_wconf 72' lang='grc' dir='ltr'><strong><em>ἄλλο</em></strong></span> <span class='ocrx_word' id='word_1_129' title='bbox 279 1119 319 1144; x_wconf 79' lang='grc' dir='ltr'><strong>τι</strong></span> <span class='ocrx_word' id='word_1_130' title='bbox 345 1102 427 1143; x_wconf 78' lang='grc' dir='ltr'><strong>τῶν</strong></span> <span class='ocrx_word' id='word_1_131' title='bbox 455 1097 566 1142; x_wconf 71' lang='grc' dir='ltr'><strong><em>οὕτω</em></strong></span> <span class='ocrx_word' id='word_1_132' title='bbox 593 1098 908 1156; x_wconf 82' lang='grc' dir='ltr'><strong><em>καιριωτάτων,</em></strong></span> <span class='ocrx_word' id='word_1_133' title='bbox 952 1097 1114 1154; x_wconf 85' lang='grc' dir='ltr'><strong><em>εἴρηται</em></strong></span> <span class='ocrx_word' id='word_1_134' title='bbox 1139 1101 1218 1152; x_wconf 80' lang='grc' dir='ltr'><strong><em>μὲν</em></strong></span> <span class='ocrx_word' id='word_1_135' title='bbox 1245 1093 1325 1155; x_wconf 72' lang='grc' dir='ltr'><strong><em>ἤδη</em></strong></span> <span class='ocrx_word' id='word_1_136' title='bbox 1353 1103 1436 1148; x_wconf 87' lang='grc' dir='ltr'><strong><em>τοῖς</em></strong></span> <span class='ocrx_word' id='word_1_137' title='bbox 1462 1096 1592 1139; x_wconf 86' lang='grc' dir='ltr'><strong><em>πάλαι</em></strong></span> 
     </span>
     <span class='ocr_line' id='line_1_16' title="bbox 95 1161 1620 1225; baseline -0.001 -18"><span class='ocrx_word' id='word_1_138' title='bbox 95 1167 290 1225; x_wconf 76' lang='grc' dir='ltr'><strong><em>15σοφοῖς</em></strong></span> <span class='ocrx_word' id='word_1_139' title='bbox 308 1168 380 1209; x_wconf 82' lang='grc' dir='ltr'><em>καί</em></span> <span class='ocrx_word' id='word_1_140' title='bbox 396 1166 703 1219; x_wconf 78' lang='grc' dir='ltr'><strong><em>ἀποδέδεικται,</em></strong></span> <span class='ocrx_word' id='word_1_141' title='bbox 733 1165 878 1224; x_wconf 62' lang='grc' dir='ltr'><strong><em>ῥοίδιον</em></strong></span> <span class='ocrx_word' id='word_1_142' title='bbox 902 1165 961 1218; x_wconf 85' lang='grc' dir='ltr'><strong><em>δὲ,</em></strong></span> <span class='ocrx_word' id='word_1_143' title='bbox 990 1161 1120 1218; x_wconf 87' lang='grc' dir='ltr'><strong><em>οἶμαι,</em></strong></span> <span class='ocrx_word' id='word_1_144' title='bbox 1142 1165 1216 1207; x_wconf 74' lang='grc' dir='ltr'><strong>καί</strong></span> <span class='ocrx_word' id='word_1_145' title='bbox 1241 1165 1368 1207; x_wconf 76' lang='grc' dir='ltr'><strong><em>παντὶ</em></strong></span> <span class='ocrx_word' id='word_1_146' title='bbox 1382 1165 1441 1222; x_wconf 76' lang='grc' dir='ltr'><strong>τῷ</strong></span> <span class='ocrx_word' id='word_1_147' title='bbox 1457 1162 1620 1221; x_wconf 80' lang='grc' dir='ltr'><strong><em>προσ-Β</em></strong></span> 
     </span>
     <span class='ocr_line' id='line_1_17' title="bbox 141 1227 1594 1288; baseline -0.005 -12"><span class='ocrx_word' id='word_1_148' title='bbox 141 1233 308 1288; x_wconf 80' lang='grc' dir='ltr'><strong><em>τυχόντι</em></strong></span> <span class='ocrx_word' id='word_1_149' title='bbox 346 1230 657 1287; x_wconf 78' lang='grc' dir='ltr'><strong><em>διαγιγνώσκειν</em></strong></span> <span class='ocrx_word' id='word_1_150' title='bbox 695 1231 741 1272; x_wconf 76' lang='grc' dir='ltr'><strong>ἐκ</strong></span> <span class='ocrx_word' id='word_1_151' title='bbox 779 1232 864 1272; x_wconf 76' lang='grc' dir='ltr'><strong>τῶν</strong></span> <span class='ocrx_word' id='word_1_152' title='bbox 908 1227 1114 1286; x_wconf 76' lang='grc' dir='ltr'><strong><em>ὁσημέραι</em></strong></span> <span class='ocrx_word' id='word_1_153' title='bbox 1154 1231 1493 1286; x_wconf 81' lang='grc' dir='ltr'><strong><em>ξυμφερομένων.</em></strong></span> <span class='ocrx_word' id='word_1_154' title='bbox 1553 1227 1594 1270; x_wconf 85' lang='grc' dir='ltr'><strong>οἱ</strong></span> 
     </span>
     <span class='ocr_line' id='line_1_18' title="bbox 143 1293 1594 1352; baseline -0.003 -12"><span class='ocrx_word' id='word_1_155' title='bbox 143 1301 192 1342; x_wconf 85' lang='grc' dir='ltr'><strong>δὲ</strong></span> <span class='ocrx_word' id='word_1_156' title='bbox 222 1294 375 1341; x_wconf 77' lang='grc' dir='ltr'><strong><em>Οὖννοι</em></strong></span> <span class='ocrx_word' id='word_1_157' title='bbox 401 1295 454 1339; x_wconf 77' lang='grc' dir='ltr'><strong><em>’τὰ</em></strong></span> <span class='ocrx_word' id='word_1_158' title='bbox 482 1298 560 1351; x_wconf 81' lang='grc' dir='ltr'><strong><em>μὲν</em></strong></span> <span class='ocrx_word' id='word_1_159' title='bbox 587 1298 734 1352; x_wconf 81' lang='grc' dir='ltr'><strong><em>πρῶτα</em></strong></span> <span class='ocrx_word' id='word_1_160' title='bbox 763 1294 904 1346; x_wconf 81' lang='grc' dir='ltr'><strong><em>δίωξίν</em></strong></span> <span class='ocrx_word' id='word_1_161' title='bbox 930 1311 1024 1337; x_wconf 88' lang='grc' dir='ltr'><strong><em>τινα</em></strong></span> <span class='ocrx_word' id='word_1_162' title='bbox 1042 1293 1389 1350; x_wconf 72' lang='grc' dir='ltr'><strong><em>ὑποτοπήσαντες,</em></strong></span> <span class='ocrx_word' id='word_1_163' title='bbox 1418 1296 1491 1337; x_wconf 82' lang='grc' dir='ltr'>καί</span> <span class='ocrx_word' id='word_1_164' title='bbox 1518 1293 1594 1346; x_wconf 78' lang='grc' dir='ltr'><strong>ξύν</strong></span> 
     </span>
     <span class='ocr_line' id='line_1_19' title="bbox 143 1361 1593 1422; baseline -0.003 -16"><span class='ocrx_word' id='word_1_165' title='bbox 143 1363 316 1422; x_wconf 70' lang='grc' dir='ltr'><strong><em>θορύβῳ</em></strong></span> <span class='ocrx_word' id='word_1_166' title='bbox 347 1364 484 1421; x_wconf 73' lang='grc' dir='ltr'><strong><em>πολλῷ</em></strong></span> <span class='ocrx_word' id='word_1_167' title='bbox 522 1363 606 1404; x_wconf 78' lang='grc' dir='ltr'><strong>τῶν</strong></span> <span class='ocrx_word' id='word_1_168' title='bbox 633 1363 810 1418; x_wconf 76' lang='grc' dir='ltr'><strong><em>μακρῶν</em></strong></span> <span class='ocrx_word' id='word_1_169' title='bbox 838 1361 1107 1415; x_wconf 84' lang='grc' dir='ltr'><strong><em>καλουμένων</em></strong></span> <span class='ocrx_word' id='word_1_170' title='bbox 1147 1362 1299 1415; x_wconf 77' lang='grc' dir='ltr'><strong><em>τειχῶν</em></strong></span> <span class='ocrx_word' id='word_1_171' title='bbox 1325 1361 1593 1415; x_wconf 80' lang='grc' dir='ltr'><strong><em>ὖπεκβάντες,</em></strong></span> 
     </span>
     <span class='ocr_line' id='line_1_20' title="bbox 145 1422 1593 1486; baseline -0.003 -14"><span class='ocrx_word' id='word_1_172' title='bbox 145 1428 288 1486; x_wconf 75' lang='grc' dir='ltr'><strong><em>ἐπειδὴ</em></strong></span> <span class='ocrx_word' id='word_1_173' title='bbox 309 1428 506 1484; x_wconf 78' lang='grc' dir='ltr'><strong><em>ἔγνωσαν,</em></strong></span> <span class='ocrx_word' id='word_1_174' title='bbox 535 1427 594 1477; x_wconf 75' lang='grc' dir='ltr'><strong>ὥς</strong></span> <span class='ocrx_word' id='word_1_175' title='bbox 611 1427 862 1484; x_wconf 84' lang='grc' dir='ltr'><strong><em>Βελισάριος</em></strong></span> <span class='ocrx_word' id='word_1_176' title='bbox 879 1425 1169 1480; x_wconf 81' lang='grc' dir='ltr'><strong><em>μετάπεμπτος</em></strong></span> <span class='ocrx_word' id='word_1_177' title='bbox 1187 1425 1376 1481; x_wconf 80' lang='grc' dir='ltr'><strong><em>ἐγεγόνει,</em></strong></span> <span class='ocrx_word' id='word_1_178' title='bbox 1404 1425 1478 1468; x_wconf 85' lang='grc' dir='ltr'><strong><em>καί</em></strong></span> <span class='ocrx_word' id='word_1_179' title='bbox 1493 1422 1593 1468; x_wconf 72' lang='grc' dir='ltr'><strong><em>οῦδὲ</em></strong></span> 
     </span>
     <span class='ocr_line' id='line_1_21' title="bbox 95 1489 1540 1552; baseline -0.002 -16"><span class='ocrx_word' id='word_1_180' title='bbox 95 1495 289 1552; x_wconf 60' lang='grc' dir='ltr'><strong><em>αοὲτερός</em></strong></span> <span class='ocrx_word' id='word_1_181' title='bbox 316 1511 379 1545; x_wconf 83' lang='grc' dir='ltr'><strong>τις</strong></span> <span class='ocrx_word' id='word_1_182' title='bbox 409 1493 554 1544; x_wconf 74' lang='grc' dir='ltr'><strong><em>αὕτοῖς</em></strong></span> <span class='ocrx_word' id='word_1_183' title='bbox 582 1492 800 1550; x_wconf 75' lang='grc' dir='ltr'><strong><em>ἐπεφοίτα,</em></strong></span> <span class='ocrx_word' id='word_1_184' title='bbox 829 1490 954 1534; x_wconf 79' lang='grc' dir='ltr'><strong><em>πάλιν</em></strong></span> <span class='ocrx_word' id='word_1_185' title='bbox 982 1490 1252 1548; x_wconf 76' lang='grc' dir='ltr'><strong><em>σχολαίτερον</em></strong></span> <span class='ocrx_word' id='word_1_186' title='bbox 1278 1489 1540 1547; x_wconf 73' lang='grc' dir='ltr'><strong><em>ἐπορεύοντο.</em></strong></span> 
     </span>
    </p>
   </div>
   <div class='ocr_carea' id='block_1_5' title="bbox 236 1599 1593 1700">
    <p class='ocr_par' dir='ltr' id='par_1_5' title="bbox 236 1599 1593 1700">
     <span class='ocr_line' id='line_1_22' title="bbox 244 1599 1593 1650; baseline -0.002 -10"><span class='ocrx_word' id='word_1_187' title='bbox 244 1620 273 1645; x_wconf 80' lang='lat'><strong>¹.</strong></span> <span class='ocrx_word' id='word_1_188' title='bbox 298 1599 341 1650; x_wconf 67' lang='grc' dir='ltr'><strong>δὴ</strong></span> <span class='ocrx_word' id='word_1_189' title='bbox 370 1608 408 1640; x_wconf 87' lang='lat' dir='ltr'><strong>R.</strong></span> <span class='ocrx_word' id='word_1_190' title='bbox 430 1618 464 1642; x_wconf 78' lang='lat'><strong>2.</strong></span> <span class='ocrx_word' id='word_1_191' title='bbox 488 1617 550 1647; x_wconf 91' lang='lat' dir='ltr'><strong>m.,</strong></span> <span class='ocrx_word' id='word_1_192' title='bbox 571 1604 612 1639; x_wconf 83' lang='grc' dir='ltr'><strong>δὲ</strong></span> <span class='ocrx_word' id='word_1_193' title='bbox 635 1605 728 1650; x_wconf 86' lang='lat' dir='ltr'><strong>vulg.</strong></span> <span class='ocrx_word' id='word_1_194' title='bbox 759 1610 796 1638; x_wconf 89' lang='lat' dir='ltr'><strong>et</strong></span> <span class='ocrx_word' id='word_1_195' title='bbox 819 1605 856 1638; x_wconf 86' lang='lat' dir='ltr'><strong>R.</strong></span> <span class='ocrx_word' id='word_1_196' title='bbox 887 1615 914 1639; x_wconf 81' lang='lat' dir='ltr'><strong>r.</strong></span> <span class='ocrx_word' id='word_1_197' title='bbox 939 1616 984 1638; x_wconf 91' lang='lat' dir='ltr'><strong>m.</strong></span> <span class='ocrx_word' id='word_1_198' title='bbox 1103 1605 1136 1641; x_wconf 82' lang='lat'><strong>8.</strong></span> <span class='ocrx_word' id='word_1_199' title='bbox 1162 1603 1400 1646; x_wconf 58' lang='lat' dir='ltr'><strong>examen„</strong></span> <span class='ocrx_word' id='word_1_200' title='bbox 1423 1603 1593 1642; x_wconf 76' lang='grc' dir='ltr'><strong><em>ἐκείνους</em></strong></span> 
     </span>
     <span class='ocr_line' id='line_1_23' title="bbox 236 1649 1407 1700; baseline -0.003 -13"><span class='ocrx_word' id='word_1_201' title='bbox 236 1655 332 1700; x_wconf 83' lang='lat' dir='ltr'><strong>vulg.</strong></span> <span class='ocrx_word' id='word_1_202' title='bbox 472 1665 504 1698; x_wconf 87' lang='lat'><strong>9.</strong></span> <span class='ocrx_word' id='word_1_203' title='bbox 531 1650 677 1686; x_wconf 79' lang='grc' dir='ltr'><strong><em>ἄπιστα</em></strong></span> <span class='ocrx_word' id='word_1_204' title='bbox 700 1653 741 1689; x_wconf 80' lang='lat' dir='ltr'><strong>R.</strong></span> <span class='ocrx_word' id='word_1_205' title='bbox 765 1656 802 1685; x_wconf 88' lang='lat' dir='ltr'><strong>et</strong></span> <span class='ocrx_word' id='word_1_206' title='bbox 825 1652 940 1697; x_wconf 89' lang='lat' dir='ltr'><strong>Intpr.</strong></span> <span class='ocrx_word' id='word_1_207' title='bbox 966 1662 1070 1686; x_wconf 80' lang='lat' dir='ltr'><strong>vana</strong></span> <span class='ocrx_word' id='word_1_208' title='bbox 1097 1652 1222 1686; x_wconf 84' lang='lat' dir='ltr'><strong>omnia</strong></span> <span class='ocrx_word' id='word_1_209' title='bbox 1248 1649 1407 1686; x_wconf 77' lang='lat' dir='ltr'><strong>reddita.</strong></span> 
     </span>
    </p>
   </div>
   <div class='ocr_carea' id='block_1_6' title="bbox 145 1758 1642 2783">
    <p class='ocr_par' dir='ltr' id='par_1_6' title="bbox 145 1758 1642 2783">
     <span class='ocr_line' id='line_1_24' title="bbox 146 1758 1593 1807; baseline 0 -12"><span class='ocrx_word' id='word_1_210' title='bbox 146 1763 245 1796; x_wconf 89' lang='lat' dir='ltr'><strong>enim</strong></span> <span class='ocrx_word' id='word_1_211' title='bbox 270 1761 426 1807; x_wconf 87' lang='lat' dir='ltr'><strong>populus</strong></span> <span class='ocrx_word' id='word_1_212' title='bbox 450 1761 649 1801; x_wconf 84' lang='lat' dir='ltr'><strong>universus,</strong></span> <span class='ocrx_word' id='word_1_213' title='bbox 673 1759 826 1795; x_wconf 83' lang='lat' dir='ltr'><strong>victoria</strong></span> <span class='ocrx_word' id='word_1_214' title='bbox 849 1758 916 1794; x_wconf 87' lang='lat' dir='ltr'><strong>hac</strong></span> <span class='ocrx_word' id='word_1_215' title='bbox 948 1760 1036 1804; x_wconf 85' lang='lat' dir='ltr'><strong>ipsis</strong></span> <span class='ocrx_word' id='word_1_216' title='bbox 1063 1760 1250 1802; x_wconf 85' lang='lat' dir='ltr'><strong>nuntiata,</strong></span> <span class='ocrx_word' id='word_1_217' title='bbox 1276 1771 1358 1794; x_wconf 89' lang='lat' dir='ltr'><strong>eum</strong></span> <span class='ocrx_word' id='word_1_218' title='bbox 1384 1760 1593 1796; x_wconf 82' lang='lat' dir='ltr'><strong>decantaret</strong></span> 
     </span>
     <span class='ocr_line' id='line_1_25' title="bbox 147 1806 1592 1853; baseline 0 -11"><span class='ocrx_word' id='word_1_219' title='bbox 147 1815 185 1843; x_wconf 89' lang='lat' dir='ltr'><strong>et</strong></span> <span class='ocrx_word' id='word_1_220' title='bbox 215 1809 254 1841; x_wconf 91' lang='lat' dir='ltr'><strong>in</strong></span> <span class='ocrx_word' id='word_1_221' title='bbox 281 1807 520 1841; x_wconf 84' lang='lat' dir='ltr'><strong>conventibus</strong></span> <span class='ocrx_word' id='word_1_222' title='bbox 546 1808 692 1841; x_wconf 89' lang='lat' dir='ltr'><strong>summis</strong></span> <span class='ocrx_word' id='word_1_223' title='bbox 727 1806 897 1840; x_wconf 80' lang='lat' dir='ltr'>laudibus</span> <span class='ocrx_word' id='word_1_224' title='bbox 923 1808 1085 1847; x_wconf 78' lang='lat' dir='ltr'><strong>efferret,</strong></span> <span class='ocrx_word' id='word_1_225' title='bbox 1125 1808 1241 1840; x_wconf 84' lang='lat' dir='ltr'><strong>veluti</strong></span> <span class='ocrx_word' id='word_1_226' title='bbox 1274 1807 1319 1840; x_wconf 87' lang='lat' dir='ltr'><strong>ab</strong></span> <span class='ocrx_word' id='word_1_227' title='bbox 1346 1809 1410 1841; x_wconf 91' lang='lat' dir='ltr'><strong>illo</strong></span> <span class='ocrx_word' id='word_1_228' title='bbox 1437 1810 1592 1853; x_wconf 85' lang='lat' dir='ltr'><strong>apertis-</strong></span> 
     </span>
     <span class='ocr_line' id='line_1_26' title="bbox 145 1853 1593 1900; baseline 0 -12"><span class='ocrx_word' id='word_1_229' title='bbox 145 1857 236 1889; x_wconf 87' lang='lat' dir='ltr'><strong>sime</strong></span> <span class='ocrx_word' id='word_1_230' title='bbox 269 1859 517 1895; x_wconf 83' lang='lat' dir='ltr'><strong>conservatus,</strong></span> <span class='ocrx_word' id='word_1_231' title='bbox 559 1853 754 1887; x_wconf 81' lang='lat' dir='ltr'>momordit</span> <span class='ocrx_word' id='word_1_232' title='bbox 788 1864 872 1887; x_wconf 87' lang='lat' dir='ltr'><strong>vero</strong></span> <span class='ocrx_word' id='word_1_233' title='bbox 910 1853 949 1886; x_wconf 85' lang='lat' dir='ltr'><strong>id</strong></span> <span class='ocrx_word' id='word_1_234' title='bbox 980 1854 1208 1898; x_wconf 75' lang='lat' dir='ltr'><strong>pessimeque</strong></span> <span class='ocrx_word' id='word_1_235' title='bbox 1237 1854 1369 1888; x_wconf 87' lang='lat' dir='ltr'><strong>habuit</strong></span> <span class='ocrx_word' id='word_1_236' title='bbox 1399 1855 1593 1900; x_wconf 87' lang='lat' dir='ltr'><strong>plerosque</strong></span> 
     </span>
     <span class='ocr_line' id='line_1_27' title="bbox 146 1900 1642 1948; baseline 0.001 -14"><span class='ocrx_word' id='word_1_237' title='bbox 146 1902 322 1948; x_wconf 83' lang='lat' dir='ltr'><strong>primores</strong></span> <span class='ocrx_word' id='word_1_238' title='bbox 349 1900 465 1942; x_wconf 79' lang='lat' dir='ltr'><strong>urbis,</strong></span> <span class='ocrx_word' id='word_1_239' title='bbox 489 1901 629 1934; x_wconf 85' lang='lat' dir='ltr'><strong>invidia</strong></span> <span class='ocrx_word' id='word_1_240' title='bbox 662 1906 698 1933; x_wconf 90' lang='lat' dir='ltr'><strong>et</strong></span> <span class='ocrx_word' id='word_1_241' title='bbox 723 1901 837 1933; x_wconf 82' lang='lat' dir='ltr'><strong>livore</strong></span> <span class='ocrx_word' id='word_1_242' title='bbox 862 1906 1074 1944; x_wconf 88' lang='lat' dir='ltr'><strong>occupatos,</strong></span> <span class='ocrx_word' id='word_1_243' title='bbox 1107 1901 1207 1933; x_wconf 86' lang='lat' dir='ltr'><strong>vitiis</strong></span> <span class='ocrx_word' id='word_1_244' title='bbox 1233 1901 1323 1934; x_wconf 84' lang='lat' dir='ltr'><strong>adeo</strong></span> <span class='ocrx_word' id='word_1_245' title='bbox 1348 1902 1530 1935; x_wconf 85' lang='lat' dir='ltr'>atrocibus</span> <span class='ocrx_word' id='word_1_246' title='bbox 1556 1907 1594 1935; x_wconf 86' lang='lat' dir='ltr'><strong>et</strong></span> <span class='ocrx_word' id='word_1_247' title='bbox 1638 1919 1642 1924; x_wconf 84' lang='lat'><em>-</em></span> 
     </span>
     <span class='ocr_line' id='line_1_28' title="bbox 148 1945 1591 1994; baseline -0.001 -12"><span class='ocrx_word' id='word_1_248' title='bbox 148 1959 288 1994; x_wconf 83' lang='lat' dir='ltr'><strong>semper</strong></span> <span class='ocrx_word' id='word_1_249' title='bbox 308 1949 445 1993; x_wconf 83' lang='lat' dir='ltr'><strong>optima</strong></span> <span class='ocrx_word' id='word_1_250' title='bbox 462 1959 627 1993; x_wconf 87' lang='lat' dir='ltr'><strong>quaeque</strong></span> <span class='ocrx_word' id='word_1_251' title='bbox 637 1946 957 1983; x_wconf 48' lang='lat' dir='ltr'><strong>labefactantibus,</strong></span> <span class='ocrx_word' id='word_1_252' title='bbox 982 1945 1201 1979; x_wconf 83' lang='lat' dir='ltr'><strong>Calumniati</strong></span> <span class='ocrx_word' id='word_1_253' title='bbox 1220 1948 1342 1992; x_wconf 85' lang='lat' dir='ltr'><strong>itaque</strong></span> <span class='ocrx_word' id='word_1_254' title='bbox 1362 1953 1446 1981; x_wconf 90' lang='lat' dir='ltr'><strong>sunt</strong></span> <span class='ocrx_word' id='word_1_255' title='bbox 1464 1949 1591 1989; x_wconf 86' lang='lat' dir='ltr'><strong>virum,</strong></span> 
     </span>
     <span class='ocr_line' id='line_1_29' title="bbox 148 1991 1592 2041; baseline 0 -13"><span class='ocrx_word' id='word_1_256' title='bbox 148 1999 191 2028; x_wconf 84' lang='lat' dir='ltr'><strong>ut</strong></span> <span class='ocrx_word' id='word_1_257' title='bbox 222 2000 447 2040; x_wconf 79' lang='lat' dir='ltr'><strong>arrogantem</strong></span> <span class='ocrx_word' id='word_1_258' title='bbox 472 1999 508 2027; x_wconf 89' lang='lat' dir='ltr'><strong>et</strong></span> <span class='ocrx_word' id='word_1_259' title='bbox 535 1994 721 2040; x_wconf 87' lang='lat' dir='ltr'><strong>popularis</strong></span> <span class='ocrx_word' id='word_1_260' title='bbox 755 2005 862 2027; x_wconf 85' lang='lat' dir='ltr'><strong>aurae</strong></span> <span class='ocrx_word' id='word_1_261' title='bbox 889 1991 1080 2026; x_wconf 84' lang='lat' dir='ltr'><strong>blanditiis</strong></span> <span class='ocrx_word' id='word_1_262' title='bbox 1106 1994 1403 2034; x_wconf 87' lang='lat' dir='ltr'><strong>insolescentem,</strong></span> <span class='ocrx_word' id='word_1_263' title='bbox 1430 1995 1592 2041; x_wconf 78' lang='lat' dir='ltr'><strong>aliasque¹</strong></span> 
     </span>
     <span class='ocr_line' id='line_1_30' title="bbox 150 2039 1592 2087; baseline 0 -12"><span class='ocrx_word' id='word_1_264' title='bbox 150 2052 231 2087; x_wconf 81' lang='lat' dir='ltr'><strong>spes</strong></span> <span class='ocrx_word' id='word_1_265' title='bbox 257 2041 377 2074; x_wconf 85' lang='lat' dir='ltr'><strong>animo</strong></span> <span class='ocrx_word' id='word_1_266' title='bbox 403 2042 610 2087; x_wconf 76' lang='lat' dir='ltr'><strong>agitantem3</strong></span> <span class='ocrx_word' id='word_1_267' title='bbox 636 2040 768 2087; x_wconf 86' lang='lat' dir='ltr'><strong>quibus</strong></span> <span class='ocrx_word' id='word_1_268' title='bbox 795 2040 944 2086; x_wconf 89' lang='lat' dir='ltr'><strong>quidem</strong></span> <span class='ocrx_word' id='word_1_269' title='bbox 967 2039 1012 2072; x_wconf 89' lang='lat' dir='ltr'><strong>de</strong></span> <span class='ocrx_word' id='word_1_270' title='bbox 1037 2041 1152 2073; x_wconf 85' lang='lat' dir='ltr'><strong>causis</strong></span> <span class='ocrx_word' id='word_1_271' title='bbox 1177 2041 1422 2086; x_wconf 78' lang='lat' dir='ltr'><strong>citissimeque</strong></span> <span class='ocrx_word' id='word_1_272' title='bbox 1447 2053 1490 2074; x_wconf 87' lang='lat' dir='ltr'><strong>eo</strong></span> <span class='ocrx_word' id='word_1_273' title='bbox 1501 2052 1592 2075; x_wconf 85' lang='lat' dir='ltr'><strong>ven-</strong></span> 
     </span>
     <span class='ocr_line' id='line_1_31' title="bbox 151 2087 1591 2134; baseline 0.001 -13"><span class='ocrx_word' id='word_1_274' title='bbox 151 2094 230 2122; x_wconf 86' lang='lat' dir='ltr'><strong>tum</strong></span> <span class='ocrx_word' id='word_1_275' title='bbox 256 2093 328 2129; x_wconf 84' lang='lat' dir='ltr'><strong>est,</strong></span> <span class='ocrx_word' id='word_1_276' title='bbox 362 2091 404 2121; x_wconf 83' lang='lat' dir='ltr'><strong>ut</strong></span> <span class='ocrx_word' id='word_1_277' title='bbox 438 2098 512 2120; x_wconf 86' lang='lat' dir='ltr'><strong>non</strong></span> <span class='ocrx_word' id='word_1_278' title='bbox 546 2087 849 2121; x_wconf 80' lang='lat' dir='ltr'><strong>absolutissimam</strong></span> <span class='ocrx_word' id='word_1_279' title='bbox 881 2087 1030 2130; x_wconf 85' lang='lat' dir='ltr'><strong>gloriam</strong></span> <span class='ocrx_word' id='word_1_280' title='bbox 1055 2092 1276 2132; x_wconf 84' lang='lat' dir='ltr'><strong>reportaret,</strong></span> <span class='ocrx_word' id='word_1_281' title='bbox 1309 2099 1430 2134; x_wconf 87' lang='lat' dir='ltr'><strong>neque</strong></span> <span class='ocrx_word' id='word_1_282' title='bbox 1463 2088 1509 2121; x_wconf 91' lang='lat' dir='ltr'><strong>ob</strong></span> <span class='ocrx_word' id='word_1_283' title='bbox 1534 2099 1591 2122; x_wconf 82' lang='lat' dir='ltr'><strong>res</strong></span> 
     </span>
     <span class='ocr_line' id='line_1_32' title="bbox 151 2133 1591 2179; baseline 0.001 -12"><span class='ocrx_word' id='word_1_284' title='bbox 151 2135 334 2179; x_wconf 83' lang='lat' dir='ltr'><strong>praeclare</strong></span> <span class='ocrx_word' id='word_1_285' title='bbox 375 2144 395 2166; x_wconf 87' lang='lat' dir='ltr'><strong>a</strong></span> <span class='ocrx_word' id='word_1_286' title='bbox 441 2144 478 2166; x_wconf 84' lang='lat' dir='ltr'><strong>se</strong></span> <span class='ocrx_word' id='word_1_287' title='bbox 508 2140 622 2179; x_wconf 83' lang='lat' dir='ltr'><strong>gestas</strong></span> <span class='ocrx_word' id='word_1_288' title='bbox 649 2134 774 2167; x_wconf 83' lang='lat' dir='ltr'><strong>debito</strong></span> <span class='ocrx_word' id='word_1_289' title='bbox 808 2134 944 2167; x_wconf 82' lang='lat' dir='ltr'><strong>honore</strong></span> <span class='ocrx_word' id='word_1_290' title='bbox 978 2133 1192 2176; x_wconf 86' lang='lat' dir='ltr'><strong>afficeretur;</strong></span> <span class='ocrx_word' id='word_1_291' title='bbox 1230 2133 1293 2167; x_wconf 86' lang='lat' dir='ltr'><strong>sed</strong></span> <span class='ocrx_word' id='word_1_292' title='bbox 1325 2135 1440 2167; x_wconf 84' lang='lat' dir='ltr'><strong>omnis</strong></span> <span class='ocrx_word' id='word_1_293' title='bbox 1473 2136 1591 2168; x_wconf 78' lang='lat' dir='ltr'><strong>victo-</strong></span> 
     </span>
     <span class='ocr_line' id='line_1_33' title="bbox 152 2179 1590 2226; baseline 0 -12"><span class='ocrx_word' id='word_1_294' title='bbox 152 2182 227 2214; x_wconf 78' lang='lat' dir='ltr'><strong>riae</strong></span> <span class='ocrx_word' id='word_1_295' title='bbox 254 2181 333 2214; x_wconf 84' lang='lat' dir='ltr'><strong>laus</strong></span> <span class='ocrx_word' id='word_1_296' title='bbox 359 2180 394 2213; x_wconf 83' lang='lat' dir='ltr'><strong>ei</strong></span> <span class='ocrx_word' id='word_1_297' title='bbox 417 2179 683 2226; x_wconf 82' lang='lat' dir='ltr'><strong>quodammodo</strong></span> <span class='ocrx_word' id='word_1_298' title='bbox 709 2191 729 2214; x_wconf 91' lang='lat' dir='ltr'><strong>e</strong></span> <span class='ocrx_word' id='word_1_299' title='bbox 752 2180 920 2213; x_wconf 85' lang='lat' dir='ltr'><strong>manibus</strong></span> <span class='ocrx_word' id='word_1_300' title='bbox 946 2179 1104 2221; x_wconf 80' lang='lat' dir='ltr'><strong>effluxit,</strong></span> <span class='ocrx_word' id='word_1_301' title='bbox 1131 2185 1303 2225; x_wconf 83' lang='lat' dir='ltr'><strong>quantum</strong></span> <span class='ocrx_word' id='word_1_302' title='bbox 1329 2182 1368 2214; x_wconf 90' lang='lat' dir='ltr'><strong>in</strong></span> <span class='ocrx_word' id='word_1_303' title='bbox 1392 2182 1466 2215; x_wconf 81' lang='lat' dir='ltr'><strong>illis</strong></span> <span class='ocrx_word' id='word_1_304' title='bbox 1501 2187 1590 2221; x_wconf 86' lang='lat' dir='ltr'><strong>erat,</strong></span> 
     </span>
     <span class='ocr_line' id='line_1_34' title="bbox 152 2227 1586 2272; baseline 0.001 -11"><span class='ocrx_word' id='word_1_305' title='bbox 152 2227 360 2261; x_wconf 76' lang='lat' dir='ltr'><strong>oblitterata</strong></span> <span class='ocrx_word' id='word_1_306' title='bbox 389 2227 611 2272; x_wconf 83' lang='lat' dir='ltr'><strong>praemiique</strong></span> <span class='ocrx_word' id='word_1_307' title='bbox 647 2238 772 2272; x_wconf 80' lang='lat' dir='ltr'><strong>expers</strong></span> <span class='ocrx_word' id='word_1_308' title='bbox 810 2232 847 2260; x_wconf 88' lang='lat' dir='ltr'><strong>et</strong></span> <span class='ocrx_word' id='word_1_309' title='bbox 877 2228 917 2260; x_wconf 91' lang='lat' dir='ltr'><strong>in</strong></span> <span class='ocrx_word' id='word_1_310' title='bbox 962 2227 1171 2260; x_wconf 86' lang='lat' dir='ltr'><strong>universum</strong></span> <span class='ocrx_word' id='word_1_311' title='bbox 1218 2228 1366 2261; x_wconf 84' lang='lat' dir='ltr'><strong>silentio</strong></span> <span class='ocrx_word' id='word_1_312' title='bbox 1409 2228 1586 2263; x_wconf 86' lang='lat' dir='ltr'><strong>involuta.</strong></span> 
     </span>
     <span class='ocr_line' id='line_1_35' title="bbox 150 2272 1590 2319; baseline 0 -12"><span class='ocrx_word' id='word_1_313' title='bbox 150 2274 260 2308; x_wconf 82' lang='lat' dir='ltr'><strong>Porro</strong></span> <span class='ocrx_word' id='word_1_314' title='bbox 288 2272 387 2319; x_wconf 87' lang='lat' dir='ltr'><strong>quod</strong></span> <span class='ocrx_word' id='word_1_315' title='bbox 409 2274 798 2318; x_wconf 78' lang='lat' dir='ltr'><strong>praestantissimorum</strong></span> <span class='ocrx_word' id='word_1_316' title='bbox 821 2274 1023 2307; x_wconf 78' lang='lat' dir='ltr'><strong>animorum</strong></span> <span class='ocrx_word' id='word_1_317' title='bbox 1039 2273 1234 2306; x_wconf 85' lang='lat' dir='ltr'><strong>acrimonia</strong></span> <span class='ocrx_word' id='word_1_318' title='bbox 1258 2273 1492 2315; x_wconf 85' lang='lat' dir='ltr'><strong>obtundatur,</strong></span> <span class='ocrx_word' id='word_1_319' title='bbox 1510 2286 1590 2307; x_wconf 87' lang='lat' dir='ltr'><strong>cum</strong></span> 
     </span>
     <span class='ocr_line' id='line_1_36' title="bbox 151 2318 1591 2367; baseline 0 -14"><span class='ocrx_word' id='word_1_320' title='bbox 151 2331 227 2353; x_wconf 88' lang='lat' dir='ltr'><strong>non</strong></span> <span class='ocrx_word' id='word_1_321' title='bbox 252 2318 504 2354; x_wconf 78' lang='lat' dir='ltr'><strong>collaudantur</strong></span> <span class='ocrx_word' id='word_1_322' title='bbox 538 2331 658 2366; x_wconf 87' lang='lat' dir='ltr'><strong>neque</strong></span> <span class='ocrx_word' id='word_1_323' title='bbox 692 2319 817 2353; x_wconf 87' lang='lat' dir='ltr'><strong>debito</strong></span> <span class='ocrx_word' id='word_1_324' title='bbox 851 2319 990 2354; x_wconf 89' lang='lat' dir='ltr'><strong>honore</strong></span> <span class='ocrx_word' id='word_1_325' title='bbox 1014 2320 1234 2361; x_wconf 86' lang='lat' dir='ltr'><strong>afficiuntur,</strong></span> <span class='ocrx_word' id='word_1_326' title='bbox 1264 2321 1435 2367; x_wconf 89' lang='lat' dir='ltr'><strong>quodque</strong></span> <span class='ocrx_word' id='word_1_327' title='bbox 1453 2333 1498 2355; x_wconf 74' lang='lat' dir='ltr'><strong>ex</strong></span> <span class='ocrx_word' id='word_1_328' title='bbox 1520 2320 1591 2354; x_wconf 87' lang='lat' dir='ltr'><strong>hoc</strong></span> 
     </span>
     <span class='ocr_line' id='line_1_37' title="bbox 151 2365 1589 2413; baseline 0.001 -14"><span class='ocrx_word' id='word_1_329' title='bbox 151 2378 208 2400; x_wconf 88' lang='lat' dir='ltr'><strong>res</strong></span> <span class='ocrx_word' id='word_1_330' title='bbox 223 2366 391 2412; x_wconf 84' lang='lat' dir='ltr'><strong>publicae</strong></span> <span class='ocrx_word' id='word_1_331' title='bbox 407 2366 663 2400; x_wconf 85' lang='lat' dir='ltr'><strong>detrimentum</strong></span> <span class='ocrx_word' id='word_1_332' title='bbox 687 2367 877 2411; x_wconf 81' lang='lat' dir='ltr'><strong>accipiant,</strong></span> <span class='ocrx_word' id='word_1_333' title='bbox 898 2365 997 2413; x_wconf 89' lang='lat' dir='ltr'><strong>quod</strong></span> <span class='ocrx_word' id='word_1_334' title='bbox 1014 2378 1088 2400; x_wconf 89' lang='lat' dir='ltr'><strong>non</strong></span> <span class='ocrx_word' id='word_1_335' title='bbox 1115 2372 1210 2400; x_wconf 85' lang='lat' dir='ltr'><strong>recte</strong></span> <span class='ocrx_word' id='word_1_336' title='bbox 1229 2373 1398 2401; x_wconf 82' lang='lat' dir='ltr'><strong>curentur</strong></span> <span class='ocrx_word' id='word_1_337' title='bbox 1422 2373 1458 2400; x_wconf 87' lang='lat' dir='ltr'><strong>et</strong></span> <span class='ocrx_word' id='word_1_338' title='bbox 1480 2367 1589 2400; x_wconf 82' lang='lat' dir='ltr'><strong>deco-</strong></span> 
     </span>
     <span class='ocr_line' id='line_1_38' title="bbox 152 2413 1587 2458; baseline 0 -12"><span class='ocrx_word' id='word_1_339' title='bbox 152 2419 279 2446; x_wconf 84' lang='lat' dir='ltr'><strong>rentur</strong></span> <span class='ocrx_word' id='word_1_340' title='bbox 305 2423 372 2453; x_wconf 82' lang='lat' dir='ltr'><strong>ea,</strong></span> <span class='ocrx_word' id='word_1_341' title='bbox 400 2424 491 2458; x_wconf 84' lang='lat' dir='ltr'><strong>quae</strong></span> <span class='ocrx_word' id='word_1_342' title='bbox 515 2419 694 2447; x_wconf 87' lang='lat' dir='ltr'><strong>contemta</strong></span> <span class='ocrx_word' id='word_1_343' title='bbox 720 2414 851 2454; x_wconf 71' lang='lat' dir='ltr'><strong>iacent,</strong></span> <span class='ocrx_word' id='word_1_344' title='bbox 890 2415 965 2446; x_wconf 87' lang='lat' dir='ltr'><strong>sive</strong></span> <span class='ocrx_word' id='word_1_345' title='bbox 989 2413 1116 2447; x_wconf 88' lang='lat' dir='ltr'><strong>bellici</strong></span> <span class='ocrx_word' id='word_1_346' title='bbox 1140 2415 1215 2447; x_wconf 81' lang='lat' dir='ltr'><strong>sint</strong></span> <span class='ocrx_word' id='word_1_347' title='bbox 1238 2413 1392 2454; x_wconf 83' lang='lat' dir='ltr'><strong>labores,</strong></span> <span class='ocrx_word' id='word_1_348' title='bbox 1419 2415 1494 2446; x_wconf 85' lang='lat' dir='ltr'><strong>sive</strong></span> <span class='ocrx_word' id='word_1_349' title='bbox 1522 2414 1587 2446; x_wconf 89' lang='lat' dir='ltr'><strong>lit-</strong></span> 
     </span>
     <span class='ocr_line' id='line_1_39' title="bbox 151 2458 1588 2506; baseline 0 -13"><span class='ocrx_word' id='word_1_350' title='bbox 151 2465 325 2499; x_wconf 83' lang='lat' dir='ltr'><strong>terarum,</strong></span> <span class='ocrx_word' id='word_1_351' title='bbox 355 2458 580 2504; x_wconf 87' lang='lat' dir='ltr'><strong>disciplinae,</strong></span> <span class='ocrx_word' id='word_1_352' title='bbox 605 2461 678 2494; x_wconf 86' lang='lat' dir='ltr'><strong>sive</strong></span> <span class='ocrx_word' id='word_1_353' title='bbox 706 2459 809 2494; x_wconf 83' lang='lat' dir='ltr'><strong>aliud</strong></span> <span class='ocrx_word' id='word_1_354' title='bbox 837 2459 1024 2506; x_wconf 83' lang='lat' dir='ltr'><strong>quippiam</strong></span> <span class='ocrx_word' id='word_1_355' title='bbox 1050 2471 1184 2500; x_wconf 85' lang='lat' dir='ltr'><strong>eorum,</strong></span> <span class='ocrx_word' id='word_1_356' title='bbox 1213 2471 1304 2506; x_wconf 87' lang='lat' dir='ltr'><strong>quae</strong></span> <span class='ocrx_word' id='word_1_357' title='bbox 1331 2460 1477 2492; x_wconf 84' lang='lat' dir='ltr'><strong>maximi</strong></span> <span class='ocrx_word' id='word_1_358' title='bbox 1505 2465 1588 2493; x_wconf 82' lang='lat' dir='ltr'><strong>sunt</strong></span> 
     </span>
     <span class='ocr_line' id='line_1_40' title="bbox 151 2505 1585 2552; baseline 0 -13"><span class='ocrx_word' id='word_1_359' title='bbox 151 2506 349 2546; x_wconf 83' lang='lat' dir='ltr'><strong>momenti,</strong></span> <span class='ocrx_word' id='word_1_360' title='bbox 381 2505 518 2539; x_wconf 90' lang='lat' dir='ltr'><strong>dictum</strong></span> <span class='ocrx_word' id='word_1_361' title='bbox 542 2506 614 2539; x_wconf 78' lang='lat' dir='ltr'><strong>iam</strong></span> <span class='ocrx_word' id='word_1_362' title='bbox 640 2512 748 2539; x_wconf 85' lang='lat' dir='ltr'><strong>antea</strong></span> <span class='ocrx_word' id='word_1_363' title='bbox 772 2510 826 2539; x_wconf 88' lang='lat' dir='ltr'><strong>est</strong></span> <span class='ocrx_word' id='word_1_364' title='bbox 853 2517 874 2538; x_wconf 90' lang='lat' dir='ltr'><strong>a</strong></span> <span class='ocrx_word' id='word_1_365' title='bbox 903 2506 1087 2540; x_wconf 84' lang='lat' dir='ltr'><strong>veteribus</strong></span> <span class='ocrx_word' id='word_1_366' title='bbox 1120 2507 1346 2552; x_wconf 83' lang='lat' dir='ltr'><strong>sapientibus</strong></span> <span class='ocrx_word' id='word_1_367' title='bbox 1372 2511 1408 2539; x_wconf 87' lang='lat' dir='ltr'><strong>et</strong></span> <span class='ocrx_word' id='word_1_368' title='bbox 1433 2506 1585 2539; x_wconf 85' lang='lat' dir='ltr'><strong>‹lemon-</strong></span> 
     </span>
     <span class='ocr_line' id='line_1_41' title="bbox 153 2552 1583 2598; baseline -0.001 -12"><span class='ocrx_word' id='word_1_369' title='bbox 153 2557 327 2595; x_wconf 77' lang='lat' dir='ltr'><strong>stratum3</strong></span> <span class='ocrx_word' id='word_1_370' title='bbox 351 2552 531 2598; x_wconf 86' lang='lat' dir='ltr'><strong>facileque</strong></span> <span class='ocrx_word' id='word_1_371' title='bbox 555 2563 575 2585; x_wconf 84' lang='lat' dir='ltr'><strong>a</strong></span> <span class='ocrx_word' id='word_1_372' title='bbox 595 2553 720 2598; x_wconf 80' lang='lat' dir='ltr'><strong>quovis</strong></span> <span class='ocrx_word' id='word_1_373' title='bbox 744 2563 788 2585; x_wconf 86' lang='lat' dir='ltr'><strong>ex</strong></span> <span class='ocrx_word' id='word_1_374' title='bbox 811 2552 1037 2598; x_wconf 84' lang='lat' dir='ltr'><strong>quotidianis</strong></span> <span class='ocrx_word' id='word_1_375' title='bbox 1061 2554 1250 2587; x_wconf 86' lang='lat' dir='ltr'><strong>eventibus</strong></span> <span class='ocrx_word' id='word_1_376' title='bbox 1275 2552 1431 2597; x_wconf 84' lang='lat' dir='ltr'><strong>intelligi</strong></span> <span class='ocrx_word' id='word_1_377' title='bbox 1454 2556 1583 2596; x_wconf 66' lang='lat' dir='ltr'><strong>potesta</strong></span> 
     </span>
     <span class='ocr_line' id='line_1_42' title="bbox 153 2599 1584 2644; baseline 0 -12"><span class='ocrx_word' id='word_1_378' title='bbox 153 2599 278 2632; x_wconf 82' lang='lat' dir='ltr'><strong>Hunni</strong></span> <span class='ocrx_word' id='word_1_379' title='bbox 313 2610 398 2632; x_wconf 88' lang='lat' dir='ltr'><strong>vero</strong></span> <span class='ocrx_word' id='word_1_380' title='bbox 437 2599 592 2643; x_wconf 86' lang='lat' dir='ltr'><strong>primum</strong></span> <span class='ocrx_word' id='word_1_381' title='bbox 622 2599 769 2644; x_wconf 88' lang='lat' dir='ltr'><strong>quidem</strong></span> <span class='ocrx_word' id='word_1_382' title='bbox 801 2599 1078 2633; x_wconf 81' lang='lat' dir='ltr'><strong>insectationem</strong></span> <span class='ocrx_word' id='word_1_383' title='bbox 1107 2599 1286 2644; x_wconf 79' lang='lat' dir='ltr'><strong>quandam</strong></span> <span class='ocrx_word' id='word_1_384' title='bbox 1319 2600 1513 2644; x_wconf 86' lang='lat' dir='ltr'><strong>suspicati,</strong></span> <span class='ocrx_word' id='word_1_385' title='bbox 1546 2603 1584 2632; x_wconf 82' lang='lat' dir='ltr'><strong>et</strong></span> 
     </span>
     <span class='ocr_line' id='line_1_43' title="bbox 154 2645 1583 2692; baseline 0.001 -15"><span class='ocrx_word' id='word_1_386' title='bbox 154 2645 269 2678; x_wconf 85' lang='lat' dir='ltr'><strong>multo</strong></span> <span class='ocrx_word' id='word_1_387' title='bbox 294 2655 374 2678; x_wconf 88' lang='lat' dir='ltr'><strong>cum</strong></span> <span class='ocrx_word' id='word_1_388' title='bbox 402 2646 560 2679; x_wconf 84' lang='lat' dir='ltr'><strong>tumultu</strong></span> <span class='ocrx_word' id='word_1_389' title='bbox 594 2645 711 2690; x_wconf 81' lang='lat' dir='ltr'><strong>longis</strong></span> <span class='ocrx_word' id='word_1_390' title='bbox 747 2655 836 2691; x_wconf 82' lang='lat' dir='ltr'><strong>quos</strong></span> <span class='ocrx_word' id='word_1_391' title='bbox 859 2651 990 2679; x_wconf 84' lang='lat' dir='ltr'><strong>vocant</strong></span> <span class='ocrx_word' id='word_1_392' title='bbox 1015 2646 1127 2679; x_wconf 85' lang='lat' dir='ltr'><strong>muris</strong></span> <span class='ocrx_word' id='word_1_393' title='bbox 1165 2646 1314 2690; x_wconf 81' lang='lat' dir='ltr'><strong>egressi,</strong></span> <span class='ocrx_word' id='word_1_394' title='bbox 1347 2650 1583 2692; x_wconf 84' lang='lat' dir='ltr'><strong>posteaquam</strong></span> 
     </span>
     <span class='ocr_line' id='line_1_44' title="bbox 154 2691 1582 2740; baseline 0.001 -17"><span class='ocrx_word' id='word_1_395' title='bbox 154 2691 367 2726; x_wconf 79' lang='lat' dir='ltr'><strong>Belisarium</strong></span> <span class='ocrx_word' id='word_1_396' title='bbox 403 2698 606 2725; x_wconf 85' lang='lat' dir='ltr'><strong>revocatum</strong></span> <span class='ocrx_word' id='word_1_397' title='bbox 638 2691 750 2724; x_wconf 79' lang='lat' dir='ltr'><strong>fuisse</strong></span> <span class='ocrx_word' id='word_1_398' title='bbox 785 2697 1006 2736; x_wconf 83' lang='lat' dir='ltr'><strong>cognorunt,</strong></span> <span class='ocrx_word' id='word_1_399' title='bbox 1051 2702 1172 2740; x_wconf 84' lang='lat' dir='ltr'><strong>neque</strong></span> <span class='ocrx_word' id='word_1_400' title='bbox 1203 2693 1295 2728; x_wconf 82' lang='lat' dir='ltr'><strong>alius</strong></span> <span class='ocrx_word' id='word_1_401' title='bbox 1319 2693 1510 2740; x_wconf 76' lang='lat' dir='ltr'><strong>quisquam</strong></span> <span class='ocrx_word' id='word_1_402' title='bbox 1541 2692 1582 2725; x_wconf 84' lang='lat' dir='ltr'><strong>in</strong></span> 
     </span>
     <span class='ocr_line' id='line_1_45' title="bbox 156 2738 1538 2783; baseline 0.001 -14"><span class='ocrx_word' id='word_1_403' title='bbox 156 2738 254 2782; x_wconf 73' lang='lat' dir='ltr'><strong>ipso·</strong></span> <span class='ocrx_word' id='word_1_404' title='bbox 276 2743 460 2779; x_wconf 77' lang='lat' dir='ltr'><strong>moveret,</strong></span> <span class='ocrx_word' id='word_1_405' title='bbox 489 2738 624 2772; x_wconf 83' lang='lat' dir='ltr'><strong>lentius</strong></span> <span class='ocrx_word' id='word_1_406' title='bbox 649 2749 786 2773; x_wconf 71' lang='lat' dir='ltr'><strong>rursum</strong></span> <span class='ocrx_word' id='word_1_407' title='bbox 808 2738 1062 2783; x_wconf 64' lang='lat' dir='ltr'><strong>procedebant⁴</strong></span> <span class='ocrx_word' id='word_1_408' title='bbox 1535 2747 1538 2753; x_wconf 93' lang='lat'>·</span> 
     </span>
    </p>
   </div>
  </div>
 </body>
</html>
