1722 3146
597 117 912 160 PRAEFATIO.
1413 115 1465 157 IX

37 221 429 261 rutinetVulcaniano,
453 231 671 267 quamquam
680 222 808 267 exigna
826 233 906 267 spes
931 220 976 255 de
990 221 1086 256 libro
1108 226 1202 256 esset
1223 223 1287 269 qui
1309 222 1375 256 sub
1399 233 1464 256 an·-

35 305 122 329 nnm
142 291 240 338 1594.
251 283 386 324 frustra·
400 289 528 323 fuisset
551 289 758 335 requisitus,
779 289 854 324 adii
875 296 997 324 tamen
1015 303 1079 336 per
1099 291 1238 325 litteras
1253 292 1464 334 Passovium3

35 373 71 400 v.
97 361 216 403 cl.‚·si
237 359 331 393 forte
351 356 465 393 codex
488 359 556 391 iste
578 358 755 400 inveniri,
779 363 910 404 atque,
934 358 999 391 illo
1020 361 1257 401 conciliante,
1281 372 1365 394 usus
1388 360 1467 394 eius

35 441 58 464 a
82 431 248 464 Praetore
275 432 385 474 atque
414 427 680 460 Decurionibus
708 427 868 460 obtineri
896 431 1029 472 posset.
1064 427 1146 472 Egit
1166 429 1348 462 Passovius
1377 434 1468 462 stre·

34 498 211 532 unissime
224 506 266 530 ac
284 495 491 530 felicissime
511 506 652 528 causam
671 506 804 537 meam,
830 507 894 529 seu
914 495 1036 541 potius
1063 495 1285 535 litterarum.
1318 508 1470 543 quarum

34 566 145 610 lande
159 565 265 600 floret
273 565 370 610 ipse:
396 574 515 609 neque
531 565 670 599 minore
684 565 871 598 voluntate
887 575 971 598 usus
985 575 1062 597 sum
1080 569 1224 597 senatus
1247 565 1467 610 splendidis-

35 635 119 668 simi
155 633 366 678 municipfi3
396 643 469 678 quo
501 632 652 666 iubente
692 632 806 666 codex
824 631 895 666 huc
926 633 1153 666 transmissus
1190 638 1252 666 est.
1299 634 1389 666 Eum
1412 634 1470 667 bis

35 702 273 743 contulimus,
313 711 361 734 ne
382 700 472 747 quid
493 713 567 735 non
596 701 885 736 animadversum
914 706 1136 735 remaneret:
1172 711 1256 735 narn
1280 702 1395 746 primo
1428 701 1468 735 id

35 771 322 806 feeitclassenus
335 770 431 804 solus
445 783 452 804 :
477 768 610 804 deinde
622 770 752 803 iterum
765 774 802 803 et
819 770 883 803 ille
901 774 938 803 et
955 781 1031 815 eg03
1045 768 1111 803 hac
1121 770 1261 803 ratione
1273 774 1314 803 ut
1329 780 1394 814 per
1410 768 1463 803 vi—

34 850 95 873 ces
109 839 200 873 alter
213 839 424 884 impressum
443 833 535 872 alter
551 839 722 884 scriptum
741 837 900 872 codicem
912 842 974 872 aut
989 838 1213 884 praelegeret
1225 843 1288 871 aut
1311 837 1470 881 inspice*

37 911 102 942 ret.
129 907 255 954 ltaque
267 906 308 941 id
323 902 502 953 spondere
519 907 634 941 audeo
645 907 683 940 in
702 906 771 941 hoc
783 918 913 952 genere
930 905 1024 941 nihil
1047 907 1125 940 fieri
1135 917 1241 952 posse
1261 906 1468 940 accuratius.

128 976 203 1010 lam
219 986 305 1010 vero
325 975 476 1009 collecta
493 975 712 1022 amplissima
730 975 898 1009 lectionis
912 977 1097 1016 varietate,
1118 986 1228 1021 quum
1252 986 1296 1008 ex
1306 974 1362 1008 his
1377 986 1470 1021 quae

34 1044 335 1090 ipse-Vulcanius
360 1045 495 1079 fatetur
516 1044 723 1089 colligerem
742 1043 948 1090 typothetas
973 1054 1235 1090 nonnunquam
1262 1044 1301 1076 in
1322 1043 1472 1088 expedi-

36 1112 132 1148 enda
150 1113 308 1155 codicis,
331 1114 396 1160 qui
425 1124 522 1147 nunc
542 1114 581 1146 in
603 1112 831 1158 Lugdunensi
851 1112 1077 1146 bibliotheca
1100 1117 1271 1154 servatur,
1296 1112 1473 1157 scriptura

34 1191 189 1223 errasse,
210 1181 316 1216 valde
335 1181 505 1228 optabam
525 1187 567 1216 ut
582 1181 735 1215 varietas
757 1179 996 1226 Rehdigerani
1017 1181 1104 1214 libri
1136 1192 1216 1214 cum
1240 1179 1473 1226 Lugdunensi

36 1249 193 1284 conferri
221 1255 354 1295 posset.
412 1250 539 1297 Neque
569 1250 640 1284 hoc
670 1261 789 1284 meum
814 1249 1035 1283 desiderium
1065 1249 1197 1283 frustra
1228 1260 1305 1283 esse
1329 1259 1474 1293 passum

36 1323 93 1352 est
117 1317 333 1353 incredibile
357 1318 500 1360 Geelii,
521 1329 552 1351 v.
576 1319 619 1352 el.
646 1318 861 1358 litterarum,
897 1328 985 1363 quas
1010 1323 1083 1352 tam
1106 1318 1246 1364 egregie
1279 1321 1385 1351 ornat
1411 1327 1474 1349 ex-

37 1387 210 1432 oolitque,
238 1387 338 1421 omni
361 1389 548 1421 occasione
574 1386 696 1420 oblata
718 1386 953 1420 iuvandarum
974 1385 1207 1427 desiderium,
1234 1397 1313 1420 cum
1338 1396 1473 1419 summa

36 1465 120 1500 erga
129 1465 186 1488 me
204 1454 460 1490 benevolentia
475 1456 719 1491 coniunctum.
743 1456 786 1489 Ei
806 1455 918 1500 igitur
935 1474 971 1480 —
992 1456 1062 1496 cui,
1076 1454 1174 1501 quod
1188 1466 1299 1489 unum
1315 1465 1473 1500 possum,

36 1522 203 1569 ingentes
229 1524 360 1569 gratias
386 1535 444 1557 me
469 1523 604 1557 habere
628 1522 718 1557 mihi
741 1524 904 1558 conscius
926 1535 1022 1564 sum,
1039 1542 1080 1550 —-
1126 1522 1197 1557 hoc
1229 1523 1345 1557 debeo
1375 1521 1474 1568 quod

34 1592 188 1626 varietas
211 1591 459 1638 Rehdigerana
485 1603 565 1625 cum
584 1592 815 1637 Lugdunensi
840 1592 934 1625 libro
960 1592 1226 1625 accuratissime
1245 1592 1376 1625 collata
1399 1596 1472 1634 est3

36 1659 159 1707 idque·
177 1671 260 1694 cum
276 1671 403 1706 magna
427 1660 548 1705 operis
568 1660 640 1692 mei
662 1660 845 1693 utilitate:
872 1661 1038 1694 constitit
1055 1662 1151 1694 enirn
1175 1662 1215 1693 in
1233 1659 1330 1694 haud
1349 1660 1473 1705 paucis

33 1728 125 1762 loeis
141 1722 353 1770 dissensum,
376 1730 440 1775 qui
461 1728 558 1762 inter
576 1727 853 1773 scriptoslibros
875 1739 951 1761 esse
962 1726 1166 1768 videbatur,
1193 1733 1310 1761 ortum
1335 1722 1412 1762 esse
1434 1728 1473 1762 iu

36 1797 200 1832 editione
210 1797 443 1831 Vulcaniana.
469 1798 726 1832 Verumtamen
745 1797 796 1830 sic
810 1807 956 1844 quoque
970 1801 1091 1831 manet
1109 1801 1208 1830 tanta
1221 1797 1317 1830 inter
1335 1801 1472 1830 utrum-

36 1868 110 1914 que
132 1866 294 1901 codicem
310 1866 510 1908 diversitas,
533 1871 586 1908 ut,
605 1866 634 1900 si
648 1876 808 1912 unquam
831 1864 892 1899 hic
918 1870 1027 1907 certe,
1049 1865 1136 1900 duas
1148 1865 1326 1899 librorum
1341 1866 1471 1911 stirpes

38 1946 235 1970 cernamus.
294 1935 445 1970 variant
483 1935 579 1969 enim
614 1936 710 1969 inter
750 1946 788 1968 se
823 1935 1031 1980 saepissime
1064 1946 1139 1969 non
1175 1934 1290 1968 solum
1332 1933 1397 1967 ubi
1432 1934 1471 1967 in

35 2003 150 2038 altero
188 2004 364 2050 scriptura
398 2010 566 2050 corrupta
603 2008 676 2045 est,
712 2014 836 2037 verum
871 2005 980 2038 etiam
1015 2003 1079 2038 nbi
1119 2002 1213 2036 nihil
1246 2003 1357 2036 refert
1390 2008 1470 2036 utro

37 2071 144 2107 modo
171 2073 318 2118 legatur,
343 2074 385 2108 In
410 2073 468 2107 his
489 2073 656 2119 vulgatae
680 2072 880 2115 inhaerere,
909 2083 1019 2119 quum
1046 2073 1154 2117 plane
1177 2076 1348 2117 appareat
1370 2070 1472 2104 codi-

39 2151 116 2175 cem
139 2153 185 2176 ex
214 2154 286 2188 quo
320 2142 495 2188 originem
521 2142 622 2176 ducit
644 2141 827 2176 inferioris
853 2152 928 2175 esse
953 2146 1062 2175 notae
1078 2166 1087 2181 ,
1122 2139 1229 2173 nimis
1253 2139 1374 2174 timidi
1410 2145 1471 2172 aut

40 2212 299 2256 superstitiosi3
315 2230 361 2237 —
392 2221 436 2244 ex
483 2215 638 2258 utroque
671 2223 736 2257 pro
776 2211 926 2244 arbitrio
969 2210 1216 2244 recensionem
1255 2210 1470 2254 confingere,

39 2279 220 2313 temerarii
240 2280 335 2315 foret
356 2277 524 2318 hominis,
584 2280 658 2324 Ego
684 2279 723 2313 id
742 2279 833 2312 mihi
854 2278 1057 2313 faciendum
1082 2289 1158 2312 esse
1185 2277 1261 2311 vidi
1290 2276 1388 2323 quod
1413 2277 1473 2310 se—

39 2347 150 2380 eisset
170 2349 415 2395 unusquisque
439 2349 618 2384 cordatior
643 2347 769 2390 homo,
815 2349 872 2382 cui
903 2347 964 2381 hic
990 2349 1143 2393 scriptor
1174 2347 1329 2392 primum
1357 2344 1470 2379 eden-

40 2415 107 2448 dus
136 2416 175 2448 in
197 2421 351 2462 utroque
375 2416 498 2452 codice
522 2418 666 2452 oblatus
693 2417 845 2451 suisset:
874 2418 1169 2461 praestantiorem
1197 2417 1235 2448 in
1264 2415 1470 2448 universum

40 2482 132 2517 mihi
160 2484 383 2531 sequendum
411 2487 503 2532 elegi
526 2512 536 2528 ,
569 2487 623 2520 ita
653 2492 775 2520 tamen
805 2491 846 2519 ut
870 2487 1008 2519 animus
1034 2485 1128 2519 liber
1160 2496 1180 2518 a
1215 2483 1470 2528 superstitione

40 2558 206 2598 corrupta
231 2564 274 2586 ex
295 2553 409 2588 altero
433 2556 650 2591 emendaret.

131 2620 215 2667 Qua
238 2622 317 2666 lege
341 2633 452 2668 quum
475 2624 514 2658 in
526 2625 749 2660 conficienda
768 2626 977 2660 recensione
998 2634 1167 2662 versarer,
1201 2621 1421 2653 coniecturas
1433 2619 1472 2651 in

40 2698 120 2729 eam
141 2689 202 2725 vix
227 2689 373 2725 admisi:
415 2697 498 2726 sunt
525 2698 642 2728 tamen
667 2694 762 2728 inter-
787 2695 885 2733 locos
912 2693 975 2728 ubi
1003 2698 1153 2737 uterque
1180 2688 1291 2723 codex
1317 2687 1355 2721 in
1382 2687 1471 2720 vitio
