1794 3112
231 130 299 183 32
783 146 1054 188 AGATmAE

33 246 71 280 A.
91 245 129 282 C.
152 246 216 280 552
231 245 355 299 χώρῳ
379 241 544 290 πίσυνος
563 244 633 283 καί
651 244 702 298 τῇ
728 244 808 284 τῶν
835 240 1062 297 ἇναγκαίων
1087 243 1255 302 εὐπορίᾳ
1271 279 1284 297 ,
1311 245 1470 301 θρασύς
1501 261 1546 288 τε
1573 244 1625 302 ἦν

103 293 220 326 1'1‘26
229 306 288 348 ἔτι
312 308 383 347 καί
404 305 600 360 ὖψαύχην
623 308 693 347 καί
709 303 792 355 οἶος
816 307 1074 359 ἀμύνεσθαι,
1100 302 1151 361 ἦν
1173 324 1233 356 τις
1262 310 1379 350 ἐπίοι.

331 368 384 410 θ’.
438 366 580 417 Εὐθὺς
605 368 654 423 δὴ
677 366 730 410 οὗ
730 386 750 411 ν
771 368 791 410 ὅ
813 371 983 425 Ναρσῆς
1007 369 1338 423 ἐγκελευσάμενος
1361 376 1538 428 προσῆγε
1560 371 1626 416 τὸν

227 433 416 488 στρατόν.
470 431 506 473 οἱ
529 435 574 474 δὲ
591 432 669 474 σὺν
691 437 824 490 πολλῷ
839 433 944 489 πόνῳ
963 435 1005 482 ἐς
1023 432 1068 474 τὸ
1082 436 1288 490 γεώλοφον
1305 432 1538 491 ἀναβάντες,
1557 439 1629 479 καί

227 500 284 553 τῷ
302 495 484 553 φρουρίῳ
506 496 751 545 πελάσαντες
765 530 777 549 ,
815 497 960 538 αὐτίκα
994 502 1078 546 τοῖς
1102 499 1301 551 δορατίοις
1323 497 1530 552 ἠκόντιζον
1546 501 1650 550 τῶν5

227 563 271 602 ἐν
298 566 387 608 ταῖς
411 560 598 610 ἐπάλξεσι
616 565 896 616 φαινομένων,
925 559 995 601 καί
1015 559 1065 601 τὰ
1087 561 1185 610 τόξα
1215 559 1394 614 ἐπήχουν
1410 561 1527 615 θαμά
1546 563 1627 603 τῶν

230 627 359 678 βελῶν
385 625 730 676 ιῖναπεμπομένων
746 658 757 676 ,
785 623 1004 679 σφενδόναι
1025 640 1067 664 τε
1093 626 1286 679 ἐφέροντο
1303 625 1529 679 μετάρσιοι,
1558 625 1631 667 καὶ

231 688 507 743 μηχανήματα
533 687 664 728 ὁπόσα
685 687 787 741 πρὸς
807 687 1075 740 τειχομαχίαν
1101 688 1278 739 ἀνεῖται,
1306 686 1467 729 ἅπαντα
1486 690 1629 745 ἐκινεῖ-

192 764 218 796 Β
232 769 288 795 το.
317 751 353 792 οἱ
379 754 423 792 δὲ
448 752 560 806 οἷμφί
589 749 661 792 τὸν
677 748 910 805 Ἀλίγερνον
930 749 1008 791 οἷνά
1031 750 1080 791 τὰ
1097 750 1356 805 μεταπύργια
1375 754 1450 792 τοῦ
1471 754 1630 804 τείχους

228 816 542 868 ξυνειλεγμένοι,
572 812 618 855 οὔ
646 815 908 869 σχολαίτερον
950 813 1294 864 οἷντακοντίζοντές
1315 810 1358 855 τε
1380 817 1451 856 καί
1474 815 1682 863 ‹intro-10

228 879 407 930 ξεύοντες
431 877 684 930 διεμάχοντο,
714 878 858 926 λίθους
873 894 918 919 τε
936 879 980 918 ἐκ
997 880 1149 933 χειρῶν
1160 877 1360 931 μεγάλους
1378 881 1629 934 ἐπαφιέντες,

228 945 300 984 καί
323 941 490 997 φιτροὺς
514 941 584 982 καί
610 944 811 994 πελέκεις,
840 943 911 982 καί
938 939 1034 995 ὅπερ
1063 938 1114 982 ἂν
1150 942 1198 982 οὔ
1223 940 1364 997 πόρ’ῥω
1393 945 1463 997 τῆς
1488 943 1631 998 χρείας

228 1004 378 1058 ἐδόκει,
405 1012 611 1059 μηχαναῖς
637 1022 678 1047 τε
705 1008 883 1061 ἐχρῶντο
916 1005 988 1046 καί
1011 1005 1293 1060 ἀμυντηρίοις,
1331 1007 1399 1047 καί
1432 1003 1550 1049 οὐδὲν
1583 1004 1631 1060 ὅ,

228 1086 268 1111 τι
303 1076 485 1124 παρεῖτο.
519 1068 569 1110 τά
606 1085 650 1123 γε
676 1068 757 1124 μὴν
788 1067 1024 1124 ’Λλιγέρνου
1063 1069 1288 1121 τοξεύματα
1315 1069 1387 1110 καί
1409 1071 1522 1123 μα’λα
1549 1078 1633 1120 τοῖς

224 1133 442 1186 Ῥωμαίοις
461 1130 634 1187 ἀρίδηλα
668 1129 728 1187 ἧν.
771 1133 891 1189 ῥοίζῳ
923 1149 966 1173 τε
999 1131 1075 1186 γὰρ
1103 1135 1234 1189 πολλῷ
1259 1133 1329 1174 καί
1351 1137 1548 1190 ταχυτῆτι
1583 1135 1684 1182 0615

196 1243 203 1250 ,
230 1199 447 1251 σταθμητῇ
474 1195 524 1238 τὰ
550 1198 700 1238 ἐκείνου
713 1198 882 1252 ἐφέρετο
899 1198 1010 1250 βέλη·
1039 1195 1093 1244 ὥς
1107 1195 1219 1252 εἴπερ
1245 1196 1314 1238 καί
1333 1199 1375 1246 ἐς
1404 1199 1522 1239 λίθον
1541 1197 1631 1240 τινὰ

231 1262 453 1313 ἐμπέσοιεν,
479 1256 506 1314 ἢ
533 1259 667 1314 ἕτερόν
695 1277 736 1301 τι
756 1259 927 1314 σκληρὸν
941 1262 1011 1301 καί
1032 1257 1273 1314 ἀτέραμνον,
1303 1261 1633 1316 διαρῥήγνυσθαι

230 1323 340 1366 ἅπαν
357 1326 407 1380 τῇ
422 1325 492 1380 βίᾳ
522 1325 593 1377 τῆς
620 1321 762 1378 ῥύμης.
790 1323 1031 1365 Παλλάδιον
1047 1326 1144 1377 γοῦν
1164 1325 1314 1366 ἐκεῖνον
1337 1322 1406 1379 (ἢν
1425 1326 1470 1365 δὲ
1491 1324 1540 1365 οὔ
1551 1327 1634 1367 τῶν

193 1385 585 1444 οέῥρᾳθυμημένων
608 1385 720 1441 παρὰ
743 1389 799 1442 τῷ
822 1389 969 1442 Ναρσῇ
994 1386 1014 1426 ὅ
1033 1387 1292 1440 Παλλάδιος,
1320 1386 1424 1429 ἀλλὰ
1443 1387 1636 1443 στρατεύ-

229 1452 359 1504 ματός
379 1466 423 1491 τε
444 1449 576 1505 ἡγεῖτο
595 1450 827 1503 Ῥωμαϊκοῦ
833 1483 846 1502 ,
874 1449 946 1491 καὶ
973 1452 1018 1492 ἐν
1046 1456 1132 1499 τοῖς
1162 1452 1368 1504 μεγίστοις
1402 1450 1687 1506 ταξιάρχοιςαο

323 1555 350 1577 1.
376 1551 414 1575 τε
438 1544 474 1574 R.
490 1568 499 1583 ,
525 1551 567 1587 γε
589 1543 680 1587 vulg.
780 1544 830 1576 15.
862 1541 908 1576 ου’
935 1545 1030 1576 σταθ
1061 1545 1124 1587 ητῇ
1148 1544 1185 1575 R.
1202 1542 1310 1587 Lugd.
1339 1544 1377 1576 in
1397 1554 1462 1588 mg.
1481 1549 1518 1577 et
1535 1544 1633 1578 Suid.

321 1599 346 1620 s.
371 1599 400 1620 v.
425 1588 646 1632 Ἀλιγέρνης,
675 1587 742 1621 ov'x
766 1587 952 1634 ἅριθμητῇ
977 1555 1058 1621 ediis
1143 1600 1192 1632 ¹7·
1216 1589 1459 1633 ἐμπέσοιενΒ.
1476 1594 1512 1621 et
1525 1589 1638 1630 Suid„

320 1633 517 1678 ἓμπέσειεν
547 1635 637 1678 vulg.
745 1636 794 1668 18.
819 1637 893 1667 τῶν
925 1634 1242 1679 ἐρ’ῥᾳθυμημένων
1278 1634 1315 1665 R.
1350 1639 1386 1666 et
1417 1634 1551 1678 Intpr.,
1585 1635 1634 1678 τῷ

321 1678 613 1723 ἐρῥςιθυμημένῳ
637 1679 729 1721 vulg.
781 1691 830 1722 ¹9-
855 1680 936 1711 Post
958 1680 1090 1724 Ναρσῇ
1112 1680 1150 1711 R.
1173 1689 1241 1711 om.
1268 1678 1289 1712 ὅ
1311 1677 1533 1716 Παλλάδιος.
1581 1691 1637 1714 20.

321 1724 534 1768 ταξιάρχοις
556 1725 592 1756 R.
607 1747 617 1763 ,
639 1721 854 1768 ταξιάρχαις
876 1725 966 1768 vulg.

237 1810 314 1832 rum
346 1802 620 1833 necessariarum
659 1801 835 1833 affluentia
865 1802 941 1833 eius
973 1799 1223 1833 confidentiam
1254 1801 1554 1849 arrogantiamque
1585 1804 1635 1836 ita

236 1845 405 1888 augebat,
429 1851 469 1877 ut
493 1846 597 1878 facile
621 1845 768 1878 hostiles
793 1847 944 1879 insultus
969 1857 1005 1878 se
1029 1846 1249 1889 repulsurum
1276 1853 1440 1890 speraret.

327 1902 358 1934 9.
407 1891 532 1924 Statim
554 1891 675 1935 itaque
699 1890 825 1923 Narses
847 1903 927 1923 suos
952 1890 1178 1930 adhortatus,
1202 1893 1394 1924 exercitum
1417 1893 1548 1936 oppido
1573 1893 1637 1926 ad·-

236 1936 356 1968 movit.
403 1937 460 1968 Illi
478 1947 560 1970 vero
582 1947 660 1967 cum
680 1937 717 1968 in
739 1936 926 1968 editiorem
949 1937 1074 1968 collem
1090 1936 1239 1969 maximo
1261 1937 1382 1970 labore
1409 1939 1638 1971 conscendis-

237 1987 334 2023 sent,
357 1987 393 2014 et
415 1982 676 2026 propugnaculo
702 1983 1062 2025 appropinquassent,
1088 1982 1203 2014 iacula
1227 1983 1265 2014 in
1287 1993 1346 2014 eos
1364 1984 1426 2027 qui
1443 1982 1487 2015 ad
1510 1984 1636 2027 pinnas

236 2037 414 2059 murorum
438 2027 677 2060 consistebant
700 2027 926 2071 torquebant,
951 2031 988 2059 et
1010 2037 1107 2058 arcus
1122 2026 1258 2060 assidua
1286 2029 1484 2072 sagittarum
1509 2031 1636 2062 remis-

239 2073 339 2104 sione
368 2072 599 2116 clangebant,
624 2070 755 2104 fundae
774 2073 811 2104 in
835 2073 944 2104 altum
961 2071 1247 2112 excutiebantur,
1273 2078 1308 2105 et
1326 2073 1508 2106 machinae
1530 2080 1636 2120 quot-

238 2122 327 2162 quot
349 2117 603 2162 oppugnationi
627 2128 807 2150 murorum
834 2118 1049 2156 inserviunt,
1083 2127 1203 2150 omnes
1228 2117 1510 2151 admovebantur.
1557 2120 1638 2152 Ali-

238 2163 336 2204 gerni
361 2173 442 2196 vero
471 2163 602 2195 milites
627 2174 646 2195 e
668 2163 776 2194 muris
792 2162 836 2194 ad
852 2162 1063 2195 intermedia
1083 2163 1231 2195 turrium
1257 2164 1369 2207 spatia
1404 2165 1556 2204 collecti,
1581 2165 1640 2198 ni-

239 2207 314 2239 hilo
339 2209 478 2251 segnius
503 2207 617 2240 iacula
640 2207 783 2251 telaque
811 2212 1054 2252 retorquentes
1077 2209 1356 2252 propugnabant,
1381 2221 1459 2242 saxa
1482 2211 1639 2254 ingentia

240 2252 401 2285 manibus
427 2255 466 2286 in
489 2253 682 2286 subeuntes
706 2253 914 2291 mittebant,
936 2257 972 2285 et
993 2258 1134 2287 truncos
1161 2259 1196 2286 et
1231 2265 1368 2287 secures
1403 2260 1438 2288 et
1461 2255 1638 2300 quidquid

242 2303 480 2342 opportunum
503 2299 581 2330 usui
604 2297 806 2338 videbatur;
830 2297 998 2330 machinis
1020 2297 1143 2330 itidem
1160 2299 1352 2332 utebantur
1375 2300 1638 2334 instrumentis-

243 2354 312 2387 que
337 2343 595 2387 propulsandae
619 2343 742 2375 hostili
762 2344 954 2375 violentiae
976 2343 1127 2382 idoneis,
1151 2343 1314 2389 nihilque
1338 2345 1480 2378 omnino
1495 2347 1637 2379 omitte—

242 2388 356 2421 batur.
404 2389 492 2421 Tela
509 2400 591 2421 vero
609 2398 699 2433 quae
710 2386 866 2432 Aliger-ui
883 2389 994 2432 ipsius
1014 2388 1175 2420 manibus
1200 2390 1464 2431 emittebantur,
1492 2391 1638 2423 Romani

242 2444 328 2478 prae
348 2434 496 2467 aliorum
515 2434 595 2466 telis
617 2433 720 2465 facile
741 2433 1006 2477 cognoscebant.
1052 2434 1180 2477 Magno
1202 2435 1295 2467 enim
1313 2435 1463 2469 stridore
1487 2441 1522 2468 et
1539 2437 1637 2469 velo-

243 2481 349 2512 citate
370 2480 512 2512 immani
530 2479 626 2511 illius
649 2479 795 2521 sagittae
820 2477 1086 2519 deferebantur,
1119 2479 1206 2512 adeo
1229 2486 1270 2514 ut
1290 2481 1329 2513 in
1346 2492 1466 2515 saxum
1490 2480 1638 2525 aliquod

243 2530 304 2557 aut
315 2523 414 2556 aliud
439 2523 608 2570 quiddam
633 2523 758 2556 durum
781 2524 964 2567 fractuque
989 2523 1128 2557 difficile
1153 2524 1303 2566 delatae,
1326 2532 1439 2560 totum
1461 2525 1552 2559 illud
1570 2526 1639 2558 im-

243 2574 345 2612 petus
363 2570 534 2603 violentia
550 2569 814 2613 perfringerent.
861 2568 1054 2602 Palladium
1076 2571 1196 2615 itaque
1225 2572 1325 2604 illum
1351 2573 1440 2617 (erat
1467 2575 1583 2604 autem
1606 2571 1638 2604 is

244 2625 317 2646 non
352 2615 486 2659 vulgari
518 2614 612 2659 apud
642 2613 822 2647 Narsetem
851 2614 952 2654 loco,
987 2614 1049 2647 sed
1080 2620 1116 2647 et
1149 2617 1294 2650 Romani
1320 2616 1492 2650 exercitus
1515 2615 1639 2649 ductor

246 2663 338 2698 erat,
367 2665 403 2692 et
427 2672 446 2694 e
478 2660 675 2706 praecipuis
699 2659 896 2694 cohortium
917 2660 1140 2706 praefectis,)
1161 2661 1283 2703 illum,
1309 2662 1474 2708 inquam,
1497 2662 1639 2707 conspi-
