<?xml version="1.0" encoding="UTF-8"?>
<!DOCTYPE html PUBLIC "-//W3C//DTD XHTML 1.0 Transitional//EN"
    "http://www.w3.org/TR/xhtml1/DTD/xhtml1-transitional.dtd">
<html xmlns="http://www.w3.org/1999/xhtml" xml:lang="en" lang="en">
 <head>
  <title>
</title>
<meta http-equiv="Content-Type" content="text/html;charset=utf-8" />
  <meta name='ocr-system' content='tesseract 3.04.00' />
  <meta name='ocr-capabilities' content='ocr_page ocr_carea ocr_par ocr_line ocrx_word'/>
</head>
<body>
  <div class='ocr_page' id='page_1' title='image "./corpusscriptorum01niebuoft_0029.png"; bbox 0 0 1722 3146; ppageno 0'>
   <div class='ocr_carea' id='block_1_1' title="bbox 133 367 1570 505">
    <p class='ocr_par' dir='ltr' id='par_1_1' title="bbox 133 367 1570 505">
     <span class='ocr_line' id='line_1_1' title="bbox 133 367 1570 422; baseline 0.001 -2"><span class='ocrx_word' id='word_1_1' title='bbox 133 368 519 421; x_wconf 88' lang='lat' dir='ltr'>SPECIMEN</span> <span class='ocrx_word' id='word_1_2' title='bbox 543 367 963 418; x_wconf 88' lang='lat' dir='ltr'>VERSIONIS</span> <span class='ocrx_word' id='word_1_3' title='bbox 997 369 1570 422; x_wconf 87' lang='lat' dir='ltr'>CHRISTOPHORI</span> 
     </span>
     <span class='ocr_line' id='line_1_2' title="bbox 640 455 1079 505; baseline -0.005 -1"><span class='ocrx_word' id='word_1_4' title='bbox 640 455 1079 505; x_wconf 85' lang='lat' dir='ltr'>PERSONAE.</span> 
     </span>
    </p>
   </div>
   <div class='ocr_carea' id='block_1_2' title="bbox 525 550 1177 608">
    <p class='ocr_par' dir='ltr' id='par_1_2' title="bbox 525 550 1177 608">
     <span class='ocr_line' id='line_1_3' title="bbox 525 550 1177 608; baseline 0.002 -16"><span class='ocrx_word' id='word_1_5' title='bbox 525 550 646 593; x_wconf 89' lang='lat' dir='ltr'><strong>Lib.</strong></span> <span class='ocrx_word' id='word_1_6' title='bbox 686 551 744 594; x_wconf 87' lang='lat'>11.</span> <span class='ocrx_word' id='word_1_7' title='bbox 778 550 962 605; x_wconf 87' lang='lat' dir='ltr'>capita</span> <span class='ocrx_word' id='word_1_8' title='bbox 1003 551 1070 594; x_wconf 74' lang='lat'>28.</span> <span class='ocrx_word' id='word_1_9' title='bbox 1111 563 1177 608; x_wconf 76' lang='lat'>29·</span> 
     </span>
    </p>
   </div>
   <div class='ocr_carea' id='block_1_3' title="bbox 763 653 950 662">
    <p class='ocr_par' dir='ltr' id='par_1_3' title="bbox 763 653 950 662">
     <span class='ocr_line' id='line_1_4' title="bbox 763 653 950 662; baseline 0 2484"><span class='ocrx_word' id='word_1_10' title='bbox 763 653 950 662; x_wconf 95' lang='lat' dir='ltr'> </span> 
     </span>
    </p>
   </div>
   <div class='ocr_carea' id='block_1_4' title="bbox 127 709 1623 2709">
    <p class='ocr_par' dir='ltr' id='par_1_4' title="bbox 127 709 1623 2709">
     <span class='ocr_line' id='line_1_5' title="bbox 222 709 1569 755; baseline 0 -8"><span class='ocrx_word' id='word_1_11' title='bbox 222 712 327 747; x_wconf 66' lang='lat' dir='ltr'>Nunc</span> <span class='ocrx_word' id='word_1_12' title='bbox 340 716 461 746; x_wconf 89' lang='lat' dir='ltr'>autem</span> <span class='ocrx_word' id='word_1_13' title='bbox 485 711 549 745; x_wconf 89' lang='lat' dir='ltr'>ubi</span> <span class='ocrx_word' id='word_1_14' title='bbox 570 710 616 745; x_wconf 90' lang='lat' dir='ltr'>de</span> <span class='ocrx_word' id='word_1_15' title='bbox 632 710 790 744; x_wconf 78' lang='lat' dir='ltr'>chosroe</span> <span class='ocrx_word' id='word_1_16' title='bbox 810 720 989 755; x_wconf 89' lang='lat' dir='ltr'>perpauca</span> <span class='ocrx_word' id='word_1_17' title='bbox 1005 709 1234 755; x_wconf 82' lang='lat' dir='ltr'>explicarim,</span> <span class='ocrx_word' id='word_1_18' title='bbox 1259 711 1448 745; x_wconf 81' lang='lat' dir='ltr'><strong>confestim</strong></span> <span class='ocrx_word' id='word_1_19' title='bbox 1463 712 1508 746; x_wconf 86' lang='lat' dir='ltr'>ad</span> <span class='ocrx_word' id='word_1_20' title='bbox 1526 724 1569 747; x_wconf 82' lang='lat' dir='ltr'>ca</span> 
     </span>
     <span class='ocr_line' id='line_1_6' title="bbox 130 765 1563 815; baseline -0.001 -11"><span class='ocrx_word' id='word_1_21' title='bbox 130 781 188 804; x_wconf 83' lang='lat' dir='ltr'>me</span> <span class='ocrx_word' id='word_1_22' title='bbox 205 771 380 810; x_wconf 80' lang='lat' dir='ltr'>referam,</span> <span class='ocrx_word' id='word_1_23' title='bbox 405 780 499 815; x_wconf 89' lang='lat' dir='ltr'>quae</span> <span class='ocrx_word' id='word_1_24' title='bbox 527 779 674 811; x_wconf 80' lang='lat' dir='ltr'>narrare</span> <span class='ocrx_word' id='word_1_25' title='bbox 702 768 773 800; x_wconf 89' lang='lat' dir='ltr'>iam</span> <span class='ocrx_word' id='word_1_26' title='bbox 791 767 903 812; x_wconf 92' lang='lat' dir='ltr'>coepi.</span> <span class='ocrx_word' id='word_1_27' title='bbox 946 765 1028 799; x_wconf 81' lang='lat' dir='ltr'>Non</span> <span class='ocrx_word' id='word_1_28' title='bbox 1059 768 1157 800; x_wconf 86' lang='lat' dir='ltr'>enim</span> <span class='ocrx_word' id='word_1_29' title='bbox 1175 766 1274 801; x_wconf 90' lang='lat' dir='ltr'>hunc</span> <span class='ocrx_word' id='word_1_30' title='bbox 1297 769 1423 802; x_wconf 84' lang='lat' dir='ltr'>Persae</span> <span class='ocrx_word' id='word_1_31' title='bbox 1446 770 1563 802; x_wconf 86' lang='lat' dir='ltr'>solum</span> 
     </span>
     <span class='ocr_line' id='line_1_7' title="bbox 132 824 1572 873; baseline -0.001 -11"><span class='ocrx_word' id='word_1_32' title='bbox 132 828 240 868; x_wconf 86' lang='lat' dir='ltr'>ultra,</span> <span class='ocrx_word' id='word_1_33' title='bbox 266 838 374 873; x_wconf 89' lang='lat' dir='ltr'>quam</span> <span class='ocrx_word' id='word_1_34' title='bbox 402 826 529 868; x_wconf 89' lang='lat' dir='ltr'>decet,</span> <span class='ocrx_word' id='word_1_35' title='bbox 551 825 723 859; x_wconf 83' lang='lat' dir='ltr'><strong>laudibus</strong></span> <span class='ocrx_word' id='word_1_36' title='bbox 751 825 875 858; x_wconf 84' lang='lat' dir='ltr'>ferunt</span> <span class='ocrx_word' id='word_1_37' title='bbox 903 829 940 858; x_wconf 87' lang='lat' dir='ltr'>et</span> <span class='ocrx_word' id='word_1_38' title='bbox 970 824 1214 868; x_wconf 79' lang='lat' dir='ltr'>demirantur3</span> <span class='ocrx_word' id='word_1_39' title='bbox 1248 825 1311 858; x_wconf 87' lang='lat' dir='ltr'>sed</span> <span class='ocrx_word' id='word_1_40' title='bbox 1334 828 1572 860; x_wconf 88' lang='lat' dir='ltr'>Romanorum</span> 
     </span>
     <span class='ocr_line' id='line_1_8' title="bbox 130 881 1573 930; baseline -0.001 -11"><span class='ocrx_word' id='word_1_41' title='bbox 130 885 298 930; x_wconf 82' lang='lat' dir='ltr'><strong>plerique</strong></span> <span class='ocrx_word' id='word_1_42' title='bbox 328 889 370 918; x_wconf 85' lang='lat' dir='ltr'>nt</span> <span class='ocrx_word' id='word_1_43' title='bbox 404 883 636 930; x_wconf 84' lang='lat' dir='ltr'>eloquentiae</span> <span class='ocrx_word' id='word_1_44' title='bbox 655 882 875 922; x_wconf 89' lang='lat' dir='ltr'>studiosum,</span> <span class='ocrx_word' id='word_1_45' title='bbox 909 886 946 915; x_wconf 80' lang='lat' dir='ltr'>et</span> <span class='ocrx_word' id='word_1_46' title='bbox 980 882 1043 927; x_wconf 90' lang='lat' dir='ltr'>qui</span> <span class='ocrx_word' id='word_1_47' title='bbox 1069 881 1115 915; x_wconf 90' lang='lat' dir='ltr'>ad</span> <span class='ocrx_word' id='word_1_48' title='bbox 1147 887 1291 915; x_wconf 86' lang='lat' dir='ltr'>nostrae</span> <span class='ocrx_word' id='word_1_49' title='bbox 1319 882 1573 927; x_wconf 81' lang='lat' dir='ltr'>philosophiae</span> 
     </span>
     <span class='ocr_line' id='line_1_9' title="bbox 131 938 1574 987; baseline -0.001 -12"><span class='ocrx_word' id='word_1_50' title='bbox 131 952 303 976; x_wconf 79' lang='lat' dir='ltr'>summam</span> <span class='ocrx_word' id='word_1_51' title='bbox 321 942 528 986; x_wconf 76' lang='lat' dir='ltr'>pervenerit</span> <span class='ocrx_word' id='word_1_52' title='bbox 550 941 760 981; x_wconf 84' lang='lat' dir='ltr'>notionem,</span> <span class='ocrx_word' id='word_1_53' title='bbox 786 945 822 972; x_wconf 86' lang='lat' dir='ltr'>et</span> <span class='ocrx_word' id='word_1_54' title='bbox 845 938 983 972; x_wconf 88' lang='lat' dir='ltr'>Graeca</span> <span class='ocrx_word' id='word_1_55' title='bbox 1007 950 1115 984; x_wconf 88' lang='lat' dir='ltr'>opera</span> <span class='ocrx_word' id='word_1_56' title='bbox 1142 939 1182 973; x_wconf 86' lang='lat' dir='ltr'>in</span> <span class='ocrx_word' id='word_1_57' title='bbox 1209 940 1385 973; x_wconf 85' lang='lat' dir='ltr'>Persicam</span> <span class='ocrx_word' id='word_1_58' title='bbox 1412 941 1574 987; x_wconf 82' lang='lat' dir='ltr'>linguam</span> 
     </span>
     <span class='ocr_line' id='line_1_10' title="bbox 131 996 1574 1043; baseline 0 -11"><span class='ocrx_word' id='word_1_59' title='bbox 131 999 308 1033; x_wconf 87' lang='lat' dir='ltr'>nonnulla</span> <span class='ocrx_word' id='word_1_60' title='bbox 328 998 571 1031; x_wconf 77' lang='lat' dir='ltr'>transtulerit:</span> <span class='ocrx_word' id='word_1_61' title='bbox 605 996 763 1043; x_wconf 82' lang='lat' dir='ltr'>(addunt</span> <span class='ocrx_word' id='word_1_62' title='bbox 780 1002 902 1030; x_wconf 87' lang='lat' dir='ltr'>tamen</span> <span class='ocrx_word' id='word_1_63' title='bbox 925 1001 961 1028; x_wconf 93' lang='lat' dir='ltr'>et</span> <span class='ocrx_word' id='word_1_64' title='bbox 981 997 1185 1041; x_wconf 82' lang='lat' dir='ltr'>stagiretem</span> <span class='ocrx_word' id='word_1_65' title='bbox 1200 1021 1209 1037; x_wconf 95' lang='lat'>,</span> <span class='ocrx_word' id='word_1_66' title='bbox 1239 997 1277 1030; x_wconf 90' lang='lat' dir='ltr'>id</span> <span class='ocrx_word' id='word_1_67' title='bbox 1301 1003 1356 1031; x_wconf 91' lang='lat' dir='ltr'>est</span> <span class='ocrx_word' id='word_1_68' title='bbox 1369 1023 1378 1038; x_wconf 90' lang='lat'>‚</span> <span class='ocrx_word' id='word_1_69' title='bbox 1401 999 1477 1032; x_wconf 87' lang='lat' dir='ltr'>vini</span> <span class='ocrx_word' id='word_1_70' title='bbox 1497 1010 1574 1032; x_wconf 89' lang='lat' dir='ltr'>am-</span> 
     </span>
     <span class='ocr_line' id='line_1_11' title="bbox 129 1053 1575 1102; baseline 0 -13"><span class='ocrx_word' id='word_1_71' title='bbox 129 1055 279 1102; x_wconf 66' lang='lat' dir='ltr'>phoram</span> <span class='ocrx_word' id='word_1_72' title='bbox 297 1080 307 1096; x_wconf 88' lang='lat'>,</span> <span class='ocrx_word' id='word_1_73' title='bbox 337 1055 443 1100; x_wconf 82' lang='lat' dir='ltr'>longe</span> <span class='ocrx_word' id='word_1_74' title='bbox 468 1055 599 1088; x_wconf 88' lang='lat' dir='ltr'>melius</span> <span class='ocrx_word' id='word_1_75' title='bbox 617 1060 848 1099; x_wconf 79' lang='lat' dir='ltr'>perpotasse,</span> <span class='ocrx_word' id='word_1_76' title='bbox 873 1065 982 1099; x_wconf 89' lang='lat' dir='ltr'>quam</span> <span class='ocrx_word' id='word_1_77' title='bbox 1006 1053 1129 1087; x_wconf 82' lang='lat' dir='ltr'>rhetor</span> <span class='ocrx_word' id='word_1_78' title='bbox 1159 1055 1353 1098; x_wconf 85' lang='lat' dir='ltr'>paeanicus</span> <span class='ocrx_word' id='word_1_79' title='bbox 1377 1055 1468 1091; x_wconf 88' lang='lat' dir='ltr'>olori</span> <span class='ocrx_word' id='word_1_80' title='bbox 1491 1067 1575 1100; x_wconf 91' lang='lat' dir='ltr'>per-</span> 
     </span>
     <span class='ocr_line' id='line_1_12' title="bbox 130 1111 1575 1158; baseline 0.001 -12"><span class='ocrx_word' id='word_1_81' title='bbox 130 1113 316 1158; x_wconf 77' lang='lat' dir='ltr'>scripserit</span> <span class='ocrx_word' id='word_1_82' title='bbox 346 1111 548 1158; x_wconf 84' lang='lat' dir='ltr'>fabulam):</span> <span class='ocrx_word' id='word_1_83' title='bbox 582 1112 782 1157; x_wconf 85' lang='lat' dir='ltr'>quinetiam</span> <span class='ocrx_word' id='word_1_84' title='bbox 810 1111 1002 1145; x_wconf 84' lang='lat' dir='ltr'>Platonicis</span> <span class='ocrx_word' id='word_1_85' title='bbox 1029 1111 1209 1144; x_wconf 84' lang='lat' dir='ltr'>imbutum</span> <span class='ocrx_word' id='word_1_86' title='bbox 1237 1111 1462 1157; x_wconf 81' lang='lat' dir='ltr'>dogmatibus</span> <span class='ocrx_word' id='word_1_87' title='bbox 1499 1119 1575 1147; x_wconf 88' lang='lat' dir='ltr'>tra-</span> 
     </span>
     <span class='ocr_line' id='line_1_13' title="bbox 130 1167 1574 1215; baseline -0.001 -11"><span class='ocrx_word' id='word_1_88' title='bbox 130 1170 245 1211; x_wconf 82' lang='lat' dir='ltr'>dunt,</span> <span class='ocrx_word' id='word_1_89' title='bbox 271 1175 381 1215; x_wconf 88' lang='lat' dir='ltr'>atque</span> <span class='ocrx_word' id='word_1_90' title='bbox 404 1168 517 1210; x_wconf 84' lang='lat' dir='ltr'>adeo,</span> <span class='ocrx_word' id='word_1_91' title='bbox 542 1173 583 1202; x_wconf 88' lang='lat' dir='ltr'>ut</span> <span class='ocrx_word' id='word_1_92' title='bbox 609 1180 655 1202; x_wconf 89' lang='lat' dir='ltr'>ne</span> <span class='ocrx_word' id='word_1_93' title='bbox 678 1170 849 1202; x_wconf 86' lang='lat' dir='ltr'>Timaeus</span> <span class='ocrx_word' id='word_1_94' title='bbox 871 1168 970 1203; x_wconf 91' lang='lat' dir='ltr'>hunc</span> <span class='ocrx_word' id='word_1_95' title='bbox 1001 1167 1149 1214; x_wconf 88' lang='lat' dir='ltr'>quidem</span> <span class='ocrx_word' id='word_1_96' title='bbox 1167 1174 1394 1214; x_wconf 87' lang='lat' dir='ltr'>praetereat,</span> <span class='ocrx_word' id='word_1_97' title='bbox 1430 1171 1574 1204; x_wconf 83' lang='lat' dir='ltr'>tametsi</span> 
     </span>
     <span class='ocr_line' id='line_1_14' title="bbox 129 1225 1574 1272; baseline 0.001 -12"><span class='ocrx_word' id='word_1_98' title='bbox 129 1227 263 1261; x_wconf 79' lang='lat' dir='ltr'>lineari</span> <span class='ocrx_word' id='word_1_99' title='bbox 292 1227 542 1272; x_wconf 84' lang='lat' dir='ltr'>speculatione</span> <span class='ocrx_word' id='word_1_100' title='bbox 563 1225 784 1267; x_wconf 82' lang='lat' dir='ltr'>divarietur,</span> <span class='ocrx_word' id='word_1_101' title='bbox 809 1231 846 1259; x_wconf 88' lang='lat' dir='ltr'>et</span> <span class='ocrx_word' id='word_1_102' title='bbox 859 1231 1010 1259; x_wconf 88' lang='lat' dir='ltr'>naturae</span> <span class='ocrx_word' id='word_1_103' title='bbox 1034 1227 1187 1260; x_wconf 87' lang='lat' dir='ltr'>rimetur</span> <span class='ocrx_word' id='word_1_104' title='bbox 1213 1232 1351 1267; x_wconf 89' lang='lat' dir='ltr'>motus,</span> <span class='ocrx_word' id='word_1_105' title='bbox 1375 1238 1442 1260; x_wconf 84' lang='lat' dir='ltr'>nec</span> <span class='ocrx_word' id='word_1_106' title='bbox 1460 1227 1574 1261; x_wconf 88' lang='lat' dir='ltr'>Phae-</span> 
     </span>
     <span class='ocr_line' id='line_1_15' title="bbox 131 1283 1575 1331; baseline 0 -12"><span class='ocrx_word' id='word_1_107' title='bbox 131 1284 204 1319; x_wconf 80' lang='lat' dir='ltr'>don</span> <span class='ocrx_word' id='word_1_108' title='bbox 224 1287 322 1330; x_wconf 83' lang='lat' dir='ltr'>ipse,</span> <span class='ocrx_word' id='word_1_109' title='bbox 346 1295 467 1331; x_wconf 88' lang='lat' dir='ltr'>neque</span> <span class='ocrx_word' id='word_1_110' title='bbox 493 1283 668 1329; x_wconf 83' lang='lat' dir='ltr'>Gorgias,</span> <span class='ocrx_word' id='word_1_111' title='bbox 691 1283 750 1318; x_wconf 83' lang='lat' dir='ltr'>vel</span> <span class='ocrx_word' id='word_1_112' title='bbox 779 1283 1006 1329; x_wconf 80' lang='lat' dir='ltr'>dialogorum</span> <span class='ocrx_word' id='word_1_113' title='bbox 1033 1289 1138 1317; x_wconf 87' lang='lat' dir='ltr'>autor</span> <span class='ocrx_word' id='word_1_114' title='bbox 1166 1284 1260 1317; x_wconf 90' lang='lat' dir='ltr'>alius</span> <span class='ocrx_word' id='word_1_115' title='bbox 1290 1284 1506 1330; x_wconf 86' lang='lat' dir='ltr'>quisquam,</span> <span class='ocrx_word' id='word_1_116' title='bbox 1535 1291 1575 1319; x_wconf 86' lang='lat' dir='ltr'>ut</span> 
     </span>
     <span class='ocr_line' id='line_1_16' title="bbox 129 1340 1572 1386; baseline 0 -10"><span class='ocrx_word' id='word_1_117' title='bbox 129 1341 359 1377; x_wconf 81' lang='lat' dir='ltr'>Parmenides</span> <span class='ocrx_word' id='word_1_118' title='bbox 373 1367 382 1383; x_wconf 92' lang='lat'>,</span> <span class='ocrx_word' id='word_1_119' title='bbox 410 1346 448 1375; x_wconf 88' lang='lat' dir='ltr'>et</span> <span class='ocrx_word' id='word_1_120' title='bbox 470 1342 602 1375; x_wconf 88' lang='lat' dir='ltr'>caeteri</span> <span class='ocrx_word' id='word_1_121' title='bbox 623 1342 732 1382; x_wconf 86' lang='lat' dir='ltr'>item,</span> <span class='ocrx_word' id='word_1_122' title='bbox 757 1340 892 1386; x_wconf 91' lang='lat' dir='ltr'>quibus</span> <span class='ocrx_word' id='word_1_123' title='bbox 911 1340 1011 1375; x_wconf 87' lang='lat' dir='ltr'>varia</span> <span class='ocrx_word' id='word_1_124' title='bbox 1039 1342 1302 1375; x_wconf 87' lang='lat' dir='ltr'>sententiarum</span> <span class='ocrx_word' id='word_1_125' title='bbox 1322 1342 1572 1386; x_wconf 84' lang='lat' dir='ltr'>profunditate</span> 
     </span>
     <span class='ocr_line' id='line_1_17' title="bbox 131 1397 1573 1444; baseline 0 -12"><span class='ocrx_word' id='word_1_126' title='bbox 131 1404 218 1432; x_wconf 78' lang='lat' dir='ltr'>sunt</span> <span class='ocrx_word' id='word_1_127' title='bbox 241 1399 356 1432; x_wconf 87' lang='lat' dir='ltr'>multa</span> <span class='ocrx_word' id='word_1_128' title='bbox 385 1398 595 1443; x_wconf 83' lang='lat' dir='ltr'>conscripta.</span> <span class='ocrx_word' id='word_1_129' title='bbox 645 1399 726 1443; x_wconf 86' lang='lat' dir='ltr'>Ipse</span> <span class='ocrx_word' id='word_1_130' title='bbox 752 1409 835 1431; x_wconf 87' lang='lat' dir='ltr'>vero</span> <span class='ocrx_word' id='word_1_131' title='bbox 863 1409 937 1430; x_wconf 90' lang='lat' dir='ltr'>non</span> <span class='ocrx_word' id='word_1_132' title='bbox 967 1399 1107 1444; x_wconf 81' lang='lat' dir='ltr'>egregie</span> <span class='ocrx_word' id='word_1_133' title='bbox 1138 1398 1230 1432; x_wconf 91' lang='lat' dir='ltr'>adeo</span> <span class='ocrx_word' id='word_1_134' title='bbox 1260 1397 1359 1432; x_wconf 91' lang='lat' dir='ltr'>hunc</span> <span class='ocrx_word' id='word_1_135' title='bbox 1389 1399 1573 1433; x_wconf 88' lang='lat' dir='ltr'>eruditum</span> 
     </span>
     <span class='ocr_line' id='line_1_18' title="bbox 130 1454 1573 1502; baseline 0 -12"><span class='ocrx_word' id='word_1_136' title='bbox 130 1456 244 1490; x_wconf 82' lang='lat' dir='ltr'>fuisse</span> <span class='ocrx_word' id='word_1_137' title='bbox 271 1456 576 1496; x_wconf 86' lang='lat' dir='ltr'>existimaverim,</span> <span class='ocrx_word' id='word_1_138' title='bbox 599 1460 640 1489; x_wconf 88' lang='lat' dir='ltr'>ut</span> <span class='ocrx_word' id='word_1_139' title='bbox 664 1466 838 1488; x_wconf 85' lang='lat' dir='ltr'>summam</span> <span class='ocrx_word' id='word_1_140' title='bbox 871 1454 1144 1499; x_wconf 84' lang='lat' dir='ltr'>disciplinarum</span> <span class='ocrx_word' id='word_1_141' title='bbox 1173 1462 1325 1494; x_wconf 86' lang='lat' dir='ltr'>teneret.</span> <span class='ocrx_word' id='word_1_142' title='bbox 1374 1456 1449 1502; x_wconf 86' lang='lat' dir='ltr'>Qui</span> <span class='ocrx_word' id='word_1_143' title='bbox 1479 1458 1573 1494; x_wconf 81' lang='lat' dir='ltr'>enim</span> 
     </span>
     <span class='ocr_line' id='line_1_19' title="bbox 130 1511 1572 1558; baseline 0.001 -12"><span class='ocrx_word' id='word_1_144' title='bbox 130 1514 211 1547; x_wconf 85' lang='lat' dir='ltr'>fieri</span> <span class='ocrx_word' id='word_1_145' title='bbox 235 1513 273 1547; x_wconf 87' lang='lat' dir='ltr'>id</span> <span class='ocrx_word' id='word_1_146' title='bbox 293 1518 460 1557; x_wconf 85' lang='lat' dir='ltr'>poterat,</span> <span class='ocrx_word' id='word_1_147' title='bbox 487 1524 610 1546; x_wconf 86' lang='lat' dir='ltr'>veram</span> <span class='ocrx_word' id='word_1_148' title='bbox 637 1513 738 1546; x_wconf 86' lang='lat' dir='ltr'>illam</span> <span class='ocrx_word' id='word_1_149' title='bbox 766 1517 802 1546; x_wconf 87' lang='lat' dir='ltr'>et</span> <span class='ocrx_word' id='word_1_150' title='bbox 834 1511 987 1545; x_wconf 85' lang='lat' dir='ltr'>liberam</span> <span class='ocrx_word' id='word_1_151' title='bbox 1010 1518 1052 1546; x_wconf 93' lang='lat' dir='ltr'>ut</span> <span class='ocrx_word' id='word_1_152' title='bbox 1079 1519 1243 1547; x_wconf 80' lang='lat' dir='ltr'>veterum</span> <span class='ocrx_word' id='word_1_153' title='bbox 1266 1515 1456 1549; x_wconf 87' lang='lat' dir='ltr'>nominum</span> <span class='ocrx_word' id='word_1_154' title='bbox 1485 1526 1572 1558; x_wconf 84' lang='lat' dir='ltr'>pro-</span> 
     </span>
     <span class='ocr_line' id='line_1_20' title="bbox 128 1569 1574 1617; baseline 0.001 -14"><span class='ocrx_word' id='word_1_155' title='bbox 128 1570 403 1603; x_wconf 84' lang='lat' dir='ltr'>nunciationem</span> <span class='ocrx_word' id='word_1_156' title='bbox 417 1595 428 1611; x_wconf 91' lang='lat'>‚</span> <span class='ocrx_word' id='word_1_157' title='bbox 453 1571 504 1603; x_wconf 89' lang='lat' dir='ltr'>ita</span> <span class='ocrx_word' id='word_1_158' title='bbox 521 1575 559 1603; x_wconf 91' lang='lat' dir='ltr'>et</span> <span class='ocrx_word' id='word_1_159' title='bbox 576 1569 684 1603; x_wconf 86' lang='lat' dir='ltr'>rebus</span> <span class='ocrx_word' id='word_1_160' title='bbox 712 1571 799 1615; x_wconf 85' lang='lat' dir='ltr'>ipsis</span> <span class='ocrx_word' id='word_1_161' title='bbox 818 1571 972 1603; x_wconf 79' lang='lat' dir='ltr'>maxime</span> <span class='ocrx_word' id='word_1_162' title='bbox 1001 1577 1256 1615; x_wconf 86' lang='lat' dir='ltr'>congruentem</span> <span class='ocrx_word' id='word_1_163' title='bbox 1270 1597 1280 1611; x_wconf 90' lang='lat'>,</span> <span class='ocrx_word' id='word_1_164' title='bbox 1307 1572 1431 1616; x_wconf 87' lang='lat' dir='ltr'>lingua</span> <span class='ocrx_word' id='word_1_165' title='bbox 1458 1583 1574 1617; x_wconf 88' lang='lat' dir='ltr'>quae-</span> 
     </span>
     <span class='ocr_line' id='line_1_21' title="bbox 130 1626 1571 1673; baseline 0 -12"><span class='ocrx_word' id='word_1_166' title='bbox 130 1626 214 1662; x_wconf 89' lang='lat' dir='ltr'>dam</span> <span class='ocrx_word' id='word_1_167' title='bbox 233 1632 274 1660; x_wconf 88' lang='lat' dir='ltr'>ut</span> <span class='ocrx_word' id='word_1_168' title='bbox 295 1626 467 1672; x_wconf 84' lang='lat' dir='ltr'>agrestis,</span> <span class='ocrx_word' id='word_1_169' title='bbox 492 1631 529 1659; x_wconf 88' lang='lat' dir='ltr'>et</span> <span class='ocrx_word' id='word_1_170' title='bbox 548 1627 694 1668; x_wconf 87' lang='lat' dir='ltr'>rudior,</span> <span class='ocrx_word' id='word_1_171' title='bbox 720 1631 756 1659; x_wconf 88' lang='lat' dir='ltr'>et</span> <span class='ocrx_word' id='word_1_172' title='bbox 784 1638 804 1658; x_wconf 92' lang='lat' dir='ltr'>a</span> <span class='ocrx_word' id='word_1_173' title='bbox 827 1627 941 1659; x_wconf 88' lang='lat' dir='ltr'>Musis</span> <span class='ocrx_word' id='word_1_174' title='bbox 962 1628 1109 1671; x_wconf 75' lang='lat' dir='ltr'>penitus</span> <span class='ocrx_word' id='word_1_175' title='bbox 1140 1628 1260 1660; x_wconf 90' lang='lat' dir='ltr'>aliena</span> <span class='ocrx_word' id='word_1_176' title='bbox 1284 1627 1463 1661; x_wconf 80' lang='lat' dir='ltr'>servaret?</span> <span class='ocrx_word' id='word_1_177' title='bbox 1499 1639 1571 1673; x_wconf 90' lang='lat' dir='ltr'>quo</span> 
     </span>
     <span class='ocr_line' id='line_1_22' title="bbox 129 1683 1572 1730; baseline 0 -12"><span class='ocrx_word' id='word_1_178' title='bbox 129 1685 280 1730; x_wconf 74' lang='lat' dir='ltr'>inquam</span> <span class='ocrx_word' id='word_1_179' title='bbox 303 1688 410 1728; x_wconf 85' lang='lat' dir='ltr'>pacto</span> <span class='ocrx_word' id='word_1_180' title='bbox 428 1684 483 1718; x_wconf 86' lang='lat' dir='ltr'>vir</span> <span class='ocrx_word' id='word_1_181' title='bbox 513 1685 613 1728; x_wconf 86' lang='lat' dir='ltr'>regio</span> <span class='ocrx_word' id='word_1_182' title='bbox 634 1683 730 1716; x_wconf 81' lang='lat' dir='ltr'>fastu</span> <span class='ocrx_word' id='word_1_183' title='bbox 754 1693 799 1716; x_wconf 81' lang='lat' dir='ltr'>ex</span> <span class='ocrx_word' id='word_1_184' title='bbox 819 1683 1021 1716; x_wconf 88' lang='lat' dir='ltr'>immodicis</span> <span class='ocrx_word' id='word_1_185' title='bbox 1043 1683 1315 1717; x_wconf 83' lang='lat' dir='ltr'>adulationibus</span> <span class='ocrx_word' id='word_1_186' title='bbox 1341 1684 1386 1717; x_wconf 92' lang='lat' dir='ltr'>ab</span> <span class='ocrx_word' id='word_1_187' title='bbox 1420 1685 1572 1718; x_wconf 86' lang='lat' dir='ltr'>ineunte</span> 
     </span>
     <span class='ocr_line' id='line_1_23' title="bbox 129 1739 1570 1786; baseline 0 -11"><span class='ocrx_word' id='word_1_188' title='bbox 129 1746 250 1779; x_wconf 74' lang='lat' dir='ltr'>aetate</span> <span class='ocrx_word' id='word_1_189' title='bbox 270 1741 437 1782; x_wconf 85' lang='lat' dir='ltr'>illectus,</span> <span class='ocrx_word' id='word_1_190' title='bbox 462 1751 504 1773; x_wconf 87' lang='lat' dir='ltr'>ae</span> <span class='ocrx_word' id='word_1_191' title='bbox 525 1739 673 1774; x_wconf 84' lang='lat' dir='ltr'>vivendi</span> <span class='ocrx_word' id='word_1_192' title='bbox 694 1739 998 1774; x_wconf 88' lang='lat' dir='ltr'>consuetudinem</span> <span class='ocrx_word' id='word_1_193' title='bbox 1021 1746 1147 1774; x_wconf 86' lang='lat' dir='ltr'>nactus</span> <span class='ocrx_word' id='word_1_194' title='bbox 1166 1753 1274 1786; x_wconf 87' lang='lat' dir='ltr'>supra</span> <span class='ocrx_word' id='word_1_195' title='bbox 1303 1741 1452 1775; x_wconf 90' lang='lat' dir='ltr'>modum</span> <span class='ocrx_word' id='word_1_196' title='bbox 1484 1742 1570 1776; x_wconf 82' lang='lat' dir='ltr'>bar-</span> 
     </span>
     <span class='ocr_line' id='line_1_24' title="bbox 129 1797 1571 1844; baseline 0 -12"><span class='ocrx_word' id='word_1_197' title='bbox 129 1799 310 1839; x_wconf 80' lang='lat' dir='ltr'>baricam,</span> <span class='ocrx_word' id='word_1_198' title='bbox 333 1804 370 1832; x_wconf 90' lang='lat' dir='ltr'>et</span> <span class='ocrx_word' id='word_1_199' title='bbox 391 1799 455 1844; x_wconf 91' lang='lat' dir='ltr'>qui</span> <span class='ocrx_word' id='word_1_200' title='bbox 472 1797 571 1831; x_wconf 88' lang='lat' dir='ltr'>bella</span> <span class='ocrx_word' id='word_1_201' title='bbox 591 1808 732 1842; x_wconf 87' lang='lat' dir='ltr'>semper</span> <span class='ocrx_word' id='word_1_202' title='bbox 758 1803 794 1831; x_wconf 88' lang='lat' dir='ltr'>et</span> <span class='ocrx_word' id='word_1_203' title='bbox 820 1798 914 1830; x_wconf 83' lang='lat' dir='ltr'>acies</span> <span class='ocrx_word' id='word_1_204' title='bbox 933 1798 1054 1830; x_wconf 89' lang='lat' dir='ltr'>animo</span> <span class='ocrx_word' id='word_1_205' title='bbox 1075 1798 1241 1842; x_wconf 85' lang='lat' dir='ltr'>agitarit,</span> <span class='ocrx_word' id='word_1_206' title='bbox 1266 1799 1427 1831; x_wconf 86' lang='lat' dir='ltr'>exerceri</span> <span class='ocrx_word' id='word_1_207' title='bbox 1453 1799 1493 1831; x_wconf 89' lang='lat' dir='ltr'>in</span> <span class='ocrx_word' id='word_1_208' title='bbox 1514 1799 1571 1832; x_wconf 81' lang='lat' dir='ltr'>his</span> 
     </span>
     <span class='ocr_line' id='line_1_25' title="bbox 127 1854 1573 1902; baseline 0 -12"><span class='ocrx_word' id='word_1_209' title='bbox 127 1861 274 1902; x_wconf 83' lang='lat' dir='ltr'>poterat</span> <span class='ocrx_word' id='word_1_210' title='bbox 297 1856 513 1901; x_wconf 88' lang='lat' dir='ltr'>disciplinis,</span> <span class='ocrx_word' id='word_1_211' title='bbox 539 1866 584 1888; x_wconf 77' lang='lat' dir='ltr'>ex</span> <span class='ocrx_word' id='word_1_212' title='bbox 599 1854 731 1900; x_wconf 89' lang='lat' dir='ltr'>hisque</span> <span class='ocrx_word' id='word_1_213' title='bbox 748 1854 819 1889; x_wconf 87' lang='lat' dir='ltr'>sibi</span> <span class='ocrx_word' id='word_1_214' title='bbox 838 1855 974 1891; x_wconf 88' lang='lat' dir='ltr'>fructus</span> <span class='ocrx_word' id='word_1_215' title='bbox 1002 1855 1144 1900; x_wconf 88' lang='lat' dir='ltr'>aliquid</span> <span class='ocrx_word' id='word_1_216' title='bbox 1163 1855 1378 1888; x_wconf 81' lang='lat' dir='ltr'>vendicare?</span> <span class='ocrx_word' id='word_1_217' title='bbox 1410 1855 1519 1900; x_wconf 84' lang='lat' dir='ltr'>Quod</span> <span class='ocrx_word' id='word_1_218' title='bbox 1541 1856 1573 1890; x_wconf 83' lang='lat' dir='ltr'>si</span> 
     </span>
     <span class='ocr_line' id='line_1_26' title="bbox 130 1913 1571 1962; baseline -0.001 -14"><span class='ocrx_word' id='word_1_219' title='bbox 130 1916 216 1962; x_wconf 87' lang='lat' dir='ltr'>quis</span> <span class='ocrx_word' id='word_1_220' title='bbox 237 1913 371 1948; x_wconf 88' lang='lat' dir='ltr'>idcirco</span> <span class='ocrx_word' id='word_1_221' title='bbox 386 1913 486 1946; x_wconf 92' lang='lat' dir='ltr'>hunc</span> <span class='ocrx_word' id='word_1_222' title='bbox 506 1913 644 1953; x_wconf 88' lang='lat' dir='ltr'>laudet,</span> <span class='ocrx_word' id='word_1_223' title='bbox 671 1914 758 1958; x_wconf 88' lang='lat' dir='ltr'>quia</span> <span class='ocrx_word' id='word_1_224' title='bbox 777 1924 886 1959; x_wconf 87' lang='lat' dir='ltr'>quum</span> <span class='ocrx_word' id='word_1_225' title='bbox 910 1924 972 1946; x_wconf 82' lang='lat' dir='ltr'>rex</span> <span class='ocrx_word' id='word_1_226' title='bbox 995 1918 1099 1953; x_wconf 88' lang='lat' dir='ltr'>esset,</span> <span class='ocrx_word' id='word_1_227' title='bbox 1128 1918 1164 1946; x_wconf 86' lang='lat' dir='ltr'>et</span> <span class='ocrx_word' id='word_1_228' title='bbox 1184 1913 1571 1958; x_wconf 85' lang='lat' dir='ltr'>Persa‚tantarumque</span> 
     </span>
     <span class='ocr_line' id='line_1_27' title="bbox 130 1969 1572 2017; baseline -0.002 -12"><span class='ocrx_word' id='word_1_229' title='bbox 130 1971 292 2017; x_wconf 82' lang='lat' dir='ltr'>gentium</span> <span class='ocrx_word' id='word_1_230' title='bbox 326 1976 363 2004; x_wconf 87' lang='lat' dir='ltr'>et</span> <span class='ocrx_word' id='word_1_231' title='bbox 387 1971 624 2004; x_wconf 81' lang='lat' dir='ltr'>maximarum</span> <span class='ocrx_word' id='word_1_232' title='bbox 648 1982 767 2004; x_wconf 89' lang='lat' dir='ltr'>rerum</span> <span class='ocrx_word' id='word_1_233' title='bbox 792 1982 913 2004; x_wconf 84' lang='lat' dir='ltr'>curam</span> <span class='ocrx_word' id='word_1_234' title='bbox 936 1969 1107 2011; x_wconf 86' lang='lat' dir='ltr'>haberet,</span> <span class='ocrx_word' id='word_1_235' title='bbox 1142 1975 1331 2016; x_wconf 84' lang='lat' dir='ltr'>utcunque</span> <span class='ocrx_word' id='word_1_236' title='bbox 1359 1975 1478 2002; x_wconf 91' lang='lat' dir='ltr'>tamen</span> <span class='ocrx_word' id='word_1_237' title='bbox 1507 1970 1572 2003; x_wconf 90' lang='lat' dir='ltr'>de·-</span> 
     </span>
     <span class='ocr_line' id='line_1_28' title="bbox 130 2016 1623 2073; baseline -0.002 -11"><span class='ocrx_word' id='word_1_238' title='bbox 130 2034 275 2073; x_wconf 75' lang='lat' dir='ltr'>gustare</span> <span class='ocrx_word' id='word_1_239' title='bbox 292 2033 386 2061; x_wconf 81' lang='lat' dir='ltr'>artes</span> <span class='ocrx_word' id='word_1_240' title='bbox 407 2028 587 2067; x_wconf 84' lang='lat' dir='ltr'>literarias</span> <span class='ocrx_word' id='word_1_241' title='bbox 606 2029 803 2069; x_wconf 82' lang='lat' dir='ltr'>voluisset,</span> <span class='ocrx_word' id='word_1_242' title='bbox 836 2039 880 2061; x_wconf 74' lang='lat' dir='ltr'>ex</span> <span class='ocrx_word' id='word_1_243' title='bbox 899 2039 1014 2073; x_wconf 86' lang='lat' dir='ltr'>eaque</span> <span class='ocrx_word' id='word_1_244' title='bbox 1042 2034 1084 2061; x_wconf 86' lang='lat' dir='ltr'>ut</span> <span class='ocrx_word' id='word_1_245' title='bbox 1109 2027 1278 2072; x_wconf 85' lang='lat' dir='ltr'>gloriam,</span> <span class='ocrx_word' id='word_1_246' title='bbox 1312 2028 1364 2060; x_wconf 87' lang='lat' dir='ltr'>ita</span> <span class='ocrx_word' id='word_1_247' title='bbox 1387 2033 1424 2060; x_wconf 91' lang='lat' dir='ltr'>et</span> <span class='ocrx_word' id='word_1_248' title='bbox 1459 2028 1573 2060; x_wconf 85' lang='lat' dir='ltr'>animi</span> <span class='ocrx_word' id='word_1_249' title='bbox 1619 2016 1623 2020; x_wconf 30' lang='grc' dir='ltr'>ι</span> 
     </span>
     <span class='ocr_line' id='line_1_29' title="bbox 130 2084 1572 2131; baseline -0.001 -12"><span class='ocrx_word' id='word_1_250' title='bbox 130 2096 260 2131; x_wconf 80' lang='lat' dir='ltr'>capere</span> <span class='ocrx_word' id='word_1_251' title='bbox 282 2085 529 2130; x_wconf 79' lang='lat' dir='ltr'>voluptatem,</span> <span class='ocrx_word' id='word_1_252' title='bbox 564 2086 728 2130; x_wconf 86' lang='lat' dir='ltr'>profecto</span> <span class='ocrx_word' id='word_1_253' title='bbox 759 2091 796 2125; x_wconf 77' lang='lat' dir='ltr'>et</span> <span class='ocrx_word' id='word_1_254' title='bbox 826 2085 903 2129; x_wconf 89' lang='lat' dir='ltr'>ipse</span> <span class='ocrx_word' id='word_1_255' title='bbox 935 2085 1032 2118; x_wconf 89' lang='lat' dir='ltr'>hunc</span> <span class='ocrx_word' id='word_1_256' title='bbox 1064 2084 1266 2126; x_wconf 82' lang='lat' dir='ltr'>laudarem,</span> <span class='ocrx_word' id='word_1_257' title='bbox 1303 2084 1456 2129; x_wconf 88' lang='lat' dir='ltr'>perinde</span> <span class='ocrx_word' id='word_1_258' title='bbox 1483 2095 1572 2129; x_wconf 84' lang='lat' dir='ltr'>prae</span> 
     </span>
     <span class='ocr_line' id='line_1_30' title="bbox 131 2142 1570 2188; baseline -0.003 -11"><span class='ocrx_word' id='word_1_259' title='bbox 131 2143 281 2177; x_wconf 79' lang='lat' dir='ltr'>caeteris</span> <span class='ocrx_word' id='word_1_260' title='bbox 300 2142 464 2177; x_wconf 87' lang='lat' dir='ltr'>barbaris</span> <span class='ocrx_word' id='word_1_261' title='bbox 491 2143 751 2177; x_wconf 86' lang='lat' dir='ltr'>admirandum.</span> <span class='ocrx_word' id='word_1_262' title='bbox 802 2143 874 2176; x_wconf 87' lang='lat' dir='ltr'>Sed</span> <span class='ocrx_word' id='word_1_263' title='bbox 898 2143 962 2188; x_wconf 90' lang='lat' dir='ltr'>qui</span> <span class='ocrx_word' id='word_1_264' title='bbox 983 2143 1081 2175; x_wconf 90' lang='lat' dir='ltr'>hunc</span> <span class='ocrx_word' id='word_1_265' title='bbox 1103 2142 1257 2175; x_wconf 87' lang='lat' dir='ltr'>nimium</span> <span class='ocrx_word' id='word_1_266' title='bbox 1279 2143 1479 2186; x_wconf 88' lang='lat' dir='ltr'>sapientem</span> <span class='ocrx_word' id='word_1_267' title='bbox 1506 2153 1570 2186; x_wconf 53' lang='lat' dir='ltr'>ap,</span> 
     </span>
     <span class='ocr_line' id='line_1_31' title="bbox 129 2200 1572 2246; baseline -0.002 -12"><span class='ocrx_word' id='word_1_268' title='bbox 129 2201 289 2245; x_wconf 85' lang='lat' dir='ltr'>pellant,</span> <span class='ocrx_word' id='word_1_269' title='bbox 318 2206 355 2234; x_wconf 87' lang='lat' dir='ltr'>et</span> <span class='ocrx_word' id='word_1_270' title='bbox 376 2202 478 2246; x_wconf 84' lang='lat' dir='ltr'>quasi</span> <span class='ocrx_word' id='word_1_271' title='bbox 500 2201 736 2246; x_wconf 84' lang='lat' dir='ltr'>philosophos</span> <span class='ocrx_word' id='word_1_272' title='bbox 768 2206 927 2237; x_wconf 85' lang='lat' dir='ltr'>caeteros</span> <span class='ocrx_word' id='word_1_273' title='bbox 956 2200 1214 2244; x_wconf 87' lang='lat' dir='ltr'>praestitisset,</span> <span class='ocrx_word' id='word_1_274' title='bbox 1247 2200 1409 2233; x_wconf 89' lang='lat' dir='ltr'>omnium</span> <span class='ocrx_word' id='word_1_275' title='bbox 1441 2200 1572 2232; x_wconf 82' lang='lat' dir='ltr'>artium</span> 
     </span>
     <span class='ocr_line' id='line_1_32' title="bbox 131 2255 1570 2304; baseline -0.002 -13"><span class='ocrx_word' id='word_1_276' title='bbox 131 2255 478 2304; x_wconf 79' lang='lat' dir='ltr'>disciplinarumque</span> <span class='ocrx_word' id='word_1_277' title='bbox 502 2270 626 2291; x_wconf 85' lang='lat' dir='ltr'>causas</span> <span class='ocrx_word' id='word_1_278' title='bbox 645 2269 752 2291; x_wconf 85' lang='lat' dir='ltr'>nosse</span> <span class='ocrx_word' id='word_1_279' title='bbox 779 2258 984 2298; x_wconf 85' lang='lat' dir='ltr'>affirmant,</span> <span class='ocrx_word' id='word_1_280' title='bbox 1011 2263 1048 2290; x_wconf 89' lang='lat' dir='ltr'>et</span> <span class='ocrx_word' id='word_1_281' title='bbox 1082 2257 1225 2302; x_wconf 80' lang='lat' dir='ltr'>qualem</span> <span class='ocrx_word' id='word_1_282' title='bbox 1251 2258 1400 2290; x_wconf 79' lang='lat' dir='ltr'>sortasse</span> <span class='ocrx_word' id='word_1_283' title='bbox 1426 2256 1570 2301; x_wconf 83' lang='lat' dir='ltr'>peripa-</span> 
     </span>
     <span class='ocr_line' id='line_1_33' title="bbox 129 2313 1570 2359; baseline 0 -13"><span class='ocrx_word' id='word_1_284' title='bbox 129 2313 231 2347; x_wconf 77' lang='lat' dir='ltr'>tetici</span> <span class='ocrx_word' id='word_1_285' title='bbox 262 2315 415 2349; x_wconf 76' lang='lat' dir='ltr'>maxime</span> <span class='ocrx_word' id='word_1_286' title='bbox 445 2315 628 2351; x_wconf 87' lang='lat' dir='ltr'>eruditum</span> <span class='ocrx_word' id='word_1_287' title='bbox 661 2314 901 2359; x_wconf 85' lang='lat' dir='ltr'>praefiniunt:</span> <span class='ocrx_word' id='word_1_288' title='bbox 944 2313 1236 2358; x_wconf 85' lang='lat' dir='ltr'>deprehendetur</span> <span class='ocrx_word' id='word_1_289' title='bbox 1263 2315 1294 2347; x_wconf 88' lang='lat' dir='ltr'>is</span> <span class='ocrx_word' id='word_1_290' title='bbox 1330 2313 1428 2347; x_wconf 89' lang='lat' dir='ltr'>haud</span> <span class='ocrx_word' id='word_1_291' title='bbox 1459 2313 1570 2346; x_wconf 85' lang='lat' dir='ltr'>dubie</span> 
     </span>
     <span class='ocr_line' id='line_1_34' title="bbox 130 2370 1571 2418; baseline -0.002 -13"><span class='ocrx_word' id='word_1_292' title='bbox 130 2370 227 2405; x_wconf 85' lang='lat' dir='ltr'>nihil</span> <span class='ocrx_word' id='word_1_293' title='bbox 258 2382 401 2416; x_wconf 85' lang='lat' dir='ltr'>prorsus</span> <span class='ocrx_word' id='word_1_294' title='bbox 432 2384 494 2414; x_wconf 80' lang='lat' dir='ltr'>ea,</span> <span class='ocrx_word' id='word_1_295' title='bbox 527 2384 620 2418; x_wconf 85' lang='lat' dir='ltr'>quae</span> <span class='ocrx_word' id='word_1_296' title='bbox 660 2383 742 2406; x_wconf 85' lang='lat' dir='ltr'>vera</span> <span class='ocrx_word' id='word_1_297' title='bbox 771 2378 878 2413; x_wconf 88' lang='lat' dir='ltr'>sunt,</span> <span class='ocrx_word' id='word_1_298' title='bbox 919 2372 1135 2417; x_wconf 88' lang='lat' dir='ltr'>pervidisse;</span> <span class='ocrx_word' id='word_1_299' title='bbox 1178 2372 1242 2407; x_wconf 85' lang='lat' dir='ltr'>sed</span> <span class='ocrx_word' id='word_1_300' title='bbox 1268 2371 1365 2416; x_wconf 85' lang='lat' dir='ltr'>vulgi</span> <span class='ocrx_word' id='word_1_301' title='bbox 1394 2371 1571 2404; x_wconf 81' lang='lat' dir='ltr'>duntaxat</span> 
     </span>
     <span class='ocr_line' id='line_1_35' title="bbox 130 2427 1570 2475; baseline 0.002 -16"><span class='ocrx_word' id='word_1_302' title='bbox 130 2427 263 2462; x_wconf 79' lang='lat' dir='ltr'>famam</span> <span class='ocrx_word' id='word_1_303' title='bbox 297 2430 438 2464; x_wconf 84' lang='lat' dir='ltr'>sectari.</span> <span class='ocrx_word' id='word_1_304' title='bbox 487 2429 552 2468; x_wconf 83' lang='lat' dir='ltr'>Vir</span> <span class='ocrx_word' id='word_1_305' title='bbox 571 2429 721 2474; x_wconf 86' lang='lat' dir='ltr'>quidam</span> <span class='ocrx_word' id='word_1_306' title='bbox 750 2441 879 2475; x_wconf 79' lang='lat' dir='ltr'>genere</span> <span class='ocrx_word' id='word_1_307' title='bbox 907 2429 1033 2472; x_wconf 84' lang='lat' dir='ltr'>Syrus,</span> <span class='ocrx_word' id='word_1_308' title='bbox 1066 2429 1218 2466; x_wconf 80' lang='lat' dir='ltr'>Uranius</span> <span class='ocrx_word' id='word_1_309' title='bbox 1246 2430 1450 2468; x_wconf 78' lang='lat' dir='ltr'>vocitatus,</span> <span class='ocrx_word' id='word_1_310' title='bbox 1484 2427 1570 2462; x_wconf 85' lang='lat' dir='ltr'>dum</span> 
     </span>
     <span class='ocr_line' id='line_1_36' title="bbox 130 2484 1570 2532; baseline 0 -15"><span class='ocrx_word' id='word_1_311' title='bbox 130 2484 295 2528; x_wconf 80' lang='lat' dir='ltr'>Byzantii</span> <span class='ocrx_word' id='word_1_312' title='bbox 308 2491 527 2527; x_wconf 83' lang='lat' dir='ltr'>versaretur,</span> <span class='ocrx_word' id='word_1_313' title='bbox 554 2493 667 2521; x_wconf 89' lang='lat' dir='ltr'>artem</span> <span class='ocrx_word' id='word_1_314' title='bbox 684 2487 834 2532; x_wconf 86' lang='lat' dir='ltr'>quidem</span> <span class='ocrx_word' id='word_1_315' title='bbox 851 2487 1029 2522; x_wconf 81' lang='lat' dir='ltr'>medicam</span> <span class='ocrx_word' id='word_1_316' title='bbox 1053 2486 1309 2532; x_wconf 84' lang='lat' dir='ltr'>profitebatur,</span> <span class='ocrx_word' id='word_1_317' title='bbox 1344 2485 1407 2518; x_wconf 85' lang='lat' dir='ltr'>sed</span> <span class='ocrx_word' id='word_1_318' title='bbox 1427 2485 1570 2519; x_wconf 84' lang='lat' dir='ltr'>Aristo-</span> 
     </span>
     <span class='ocr_line' id='line_1_37' title="bbox 128 2541 1567 2590; baseline 0 -16"><span class='ocrx_word' id='word_1_319' title='bbox 128 2541 264 2579; x_wconf 76' lang='lat' dir='ltr'>telicae</span> <span class='ocrx_word' id='word_1_320' title='bbox 284 2541 497 2586; x_wconf 85' lang='lat' dir='ltr'>disciplinae</span> <span class='ocrx_word' id='word_1_321' title='bbox 518 2555 664 2590; x_wconf 81' lang='lat' dir='ltr'>prorsus</span> <span class='ocrx_word' id='word_1_322' title='bbox 690 2545 855 2590; x_wconf 82' lang='lat' dir='ltr'>ignarus,</span> <span class='ocrx_word' id='word_1_323' title='bbox 880 2545 935 2582; x_wconf 86' lang='lat' dir='ltr'>nil</span> <span class='ocrx_word' id='word_1_324' title='bbox 955 2545 1114 2590; x_wconf 88' lang='lat' dir='ltr'>denique</span> <span class='ocrx_word' id='word_1_325' title='bbox 1135 2556 1218 2578; x_wconf 85' lang='lat' dir='ltr'>vera</span> <span class='ocrx_word' id='word_1_326' title='bbox 1238 2544 1442 2588; x_wconf 86' lang='lat' dir='ltr'>cognitione</span> <span class='ocrx_word' id='word_1_327' title='bbox 1463 2547 1567 2574; x_wconf 88' lang='lat' dir='ltr'>tene-</span> 
     </span>
     <span class='ocr_line' id='line_1_38' title="bbox 129 2597 1567 2647; baseline -0.008 -5"><span class='ocrx_word' id='word_1_328' title='bbox 129 2597 213 2641; x_wconf 62' lang='lat' dir='ltr'>bati</span> <span class='ocrx_word' id='word_1_329' title='bbox 239 2598 497 2634; x_wconf 83' lang='lat' dir='ltr'>fremebundus</span> <span class='ocrx_word' id='word_1_330' title='bbox 517 2606 639 2635; x_wconf 85' lang='lat' dir='ltr'>tamen</span> <span class='ocrx_word' id='word_1_331' title='bbox 665 2607 702 2636; x_wconf 91' lang='lat' dir='ltr'>et</span> <span class='ocrx_word' id='word_1_332' title='bbox 724 2602 884 2635; x_wconf 88' lang='lat' dir='ltr'>insolens</span> <span class='ocrx_word' id='word_1_333' title='bbox 910 2602 1133 2647; x_wconf 87' lang='lat' dir='ltr'>quammulta</span> <span class='ocrx_word' id='word_1_334' title='bbox 1157 2613 1194 2634; x_wconf 85' lang='lat' dir='ltr'>se</span> <span class='ocrx_word' id='word_1_335' title='bbox 1222 2600 1418 2645; x_wconf 84' lang='lat' dir='ltr'>percallere</span> <span class='ocrx_word' id='word_1_336' title='bbox 1454 2599 1567 2631; x_wconf 86' lang='lat' dir='ltr'>iacta-</span> 
     </span>
     <span class='ocr_line' id='line_1_39' title="bbox 129 2653 1570 2709; baseline -0.004 -13"><span class='ocrx_word' id='word_1_337' title='bbox 129 2653 212 2696; x_wconf 59' lang='lat' dir='ltr'>bata</span> <span class='ocrx_word' id='word_1_338' title='bbox 239 2661 277 2693; x_wconf 84' lang='lat' dir='ltr'>et</span> <span class='ocrx_word' id='word_1_339' title='bbox 300 2667 412 2709; x_wconf 82' lang='lat' dir='ltr'>quum</span> <span class='ocrx_word' id='word_1_340' title='bbox 437 2657 530 2695; x_wconf 78' lang='lat' dir='ltr'>sorte</span> <span class='ocrx_word' id='word_1_341' title='bbox 551 2658 648 2698; x_wconf 72' lang='lat' dir='ltr'>iuter</span> <span class='ocrx_word' id='word_1_342' title='bbox 677 2664 799 2696; x_wconf 86' lang='lat' dir='ltr'>coetus</span> <span class='ocrx_word' id='word_1_343' title='bbox 824 2657 1012 2697; x_wconf 81' lang='lat' dir='ltr'>homiuum</span> <span class='ocrx_word' id='word_1_344' title='bbox 1033 2663 1249 2699; x_wconf 79' lang='lat' dir='ltr'>versarctur,</span> <span class='ocrx_word' id='word_1_345' title='bbox 1280 2661 1322 2692; x_wconf 87' lang='lat' dir='ltr'>ut</span> <span class='ocrx_word' id='word_1_346' title='bbox 1346 2661 1424 2690; x_wconf 82' lang='lat' dir='ltr'>erat</span> <span class='ocrx_word' id='word_1_347' title='bbox 1441 2660 1570 2706; x_wconf 71' lang='lat' dir='ltr'>suapte</span> 
     </span>
    </p>
   </div>
  </div>
 </body>
</html>
