1794 3112
205 107 274 163 28
655 158 656 161 ,
760 124 1032 168 AGA‘rmAE

22 236 61 274 Α,
75 240 113 274 c,
130 242 194 275 552
305 224 348 275 ζ’.
378 223 548 275 Νόμιμα
566 223 611 264 δὲ
636 218 779 273 αὕτοῖς
797 227 876 266 εἶσι
897 227 974 277 μέν
985 240 1064 266 που
1085 225 1156 267 καὶ
1179 225 1341 279 πάτρια,
1353 225 1467 268 τὸδὲ
1493 243 1535 280 γε
1549 229 1595 269 ἐν

57 287 81 318 Ῑ·
97 288 122 318 Ῑ-
141 289 184 319 ²6
195 290 313 344 κοινῷ
330 289 575 341 ἐπικρατοῦν
594 303 638 327 τε
660 290 731 329 καί
759 284 809 343 ἄρ
811 305 885 342 χον
906 291 952 345 τῇ
977 291 1188 344 Φραγγικῇ
1214 291 1372 330 ἕπονται
1398 291 1593 347 πολιτείᾳ,

195 349 300 403 μόνα
324 353 368 391 δέ
386 366 430 403 γε
453 349 504 390 τά
527 352 571 398 ἐς
592 349 690 392 θεὸν
707 352 847 401 αὐτοῖς
876 349 924 392 οὗ
940 349 1068 392 ταῦτα
1087 354 1277 402 ξυνδοκεῖ.
1299 354 1444 407 δένδρα
1461 370 1503 394 τε
1516 353 1593 408 γάρ

197 431 286 456 τινα
309 413 554 466 ἱλάσκονται,
569 415 640 456 καί
652 413 801 470 ῥεῖθρα
819 418 1013 467 ποταμῶν
1035 416 1106 456 καί
1118 415 1272 470 λόφους
1287 417 1358 456 καί
1369 415 1594 471 φάραγγας,

197 480 268 519 καί
294 476 476 530 τούτοις,
513 476 649 534 ὥσπερ
687 476 781 520 ὅσια
811 481 1008 534 δρῶντες,
1045 480 1193 527 ἵππους
1226 494 1268 520 τε
1301 482 1371 520 καί
1397 478 1499 531 βόας
1527 481 1621 529 καὶὸ

86 547 127 581 V.
153 548 186 590 il,
201 537 305 582 ἄλλα
341 536 444 582 ἄττα
488 542 618 596 μυριά
657 544 974 597 καρατομοῦντες
1017 541 1331 591 ἑπιθειάζουσιν.
1376 539 1480 583 ἀλλὰ
1517 541 1593 596 γὰρ

158 605 221 658 Βῆ
246 608 328 646 τῶν
367 606 564 660 Φράγγων
597 603 746 654 αὖτοὺς
779 606 980 658 ἐπιμιξία,
1021 599 1067 645 εὖ
1103 608 1297 656 ποιοῦσα,
1337 604 1407 645 καὶ
1434 607 1477 653 ἐς
1506 603 1596 647 τόδε

193 675 462 722 μετακοσμεῖ,
494 671 565 710 καί
584 666 663 724 ἤδη
687 671 903 724 ἐφέλκεται
923 667 1019 717 τούς
1036 671 1404 724 ἑμφρονεστέρους,
1434 666 1482 709 οὗ
1499 673 1598 710 πολ-

194 735 269 774 λοῦ
289 734 334 774 δὲ
356 731 471 785 οἶμαι
499 733 650 788 χρόνου
680 736 752 774 καί
781 730 935 774 ἅπασιν
959 733 1168 787 ε’κνικήσει.
1196 730 1243 773 τὸ
1276 731 1352 788 γὰρ
1379 735 1453 787 τῆς
1479 730 1597 785 δόξης

193 797 422 850 παράλογόν
443 812 487 836 τε
504 799 574 837 καί
596 795 826 850 ἔκπληκτον,
854 799 924 837 καί
945 793 1084 844 αὐτοῖς
1112 792 1226 848 οἶμαι
1249 803 1334 844 τοῖς
1352 797 1648 849 χρωμένοιςμο

194 861 234 900 εἰ
251 858 308 913 μὴ
329 858 500 911 πάμπαν
519 858 599 900 εἷεν
621 857 799 914 ἧλίθιοι,
827 858 1034 913 γνώριμόν
1062 861 1106 900 τέ
1131 861 1219 900 ἐστι
1244 861 1314 900 καί
1345 859 1597 914 εὐφώρατον,

193 925 264 965 καί
287 921 371 966 οἷον
395 924 622 978 ἀποσβῆναι
654 923 819 981 ῥᾳδίως.
846 926 1050 965 ἐλεεῖσθαι
1079 926 1156 976 μὲν
1183 920 1256 964 οὖν
1283 925 1438 975 μᾶλλον
1467 919 1496 977 ἦ
1516 938 1598 975 χα-

193 989 457 1029 λεπαίνεσθαι
483 990 634 1029 δι’καιοι
659 986 710 1029 ἂν
739 986 831 1040 εἷεν,
859 989 930 1028 καί
947 989 1132 1042 πλείστης
1147 987 1478 1040 μεταλαχχάνειν
1499 1002 1598 1040 συγ-

193 1050 354 1106 γνώμης
391 1048 562 1100 ἅπαντες
591 1049 678 1093 ὅσοι
709 1051 758 1106 δὴ
794 1054 867 1093 τοῦ
892 1052 1074 1105 ἀληθοῦς
1098 1048 1416 1105 ἁμαρτάνουσιν.
1446 1047 1494 1090 οὗ
1518 1049 1596 1104 γὰρ

195 1115 326 1167 δήπου
365 1113 520 1163 ἑκόντες
556 1113 661 1157 εἶναι
701 1116 876 1156 ἀλῶνται
908 1117 980 1156 καί
1016 1112 1350 1166 ὄλισθαίνουσιν,
1387 1113 1492 1155 ἄλλα
1522 1114 1649 1155 τοῧιό

194 1174 354 1230 ἀγαθοῦ
375 1179 595 1233 ἐφιέμενοι,
623 1178 761 1220 ἔπειτα
784 1181 1006 1234 σφαλέντες
1035 1180 1084 1234 τῇ
1110 1178 1241 1233 κρίσει
1267 1175 1453 1218 τολοιπὸν
1482 1175 1599 1230 ἔχον-

156 1258 262 1290 ρται
284 1243 364 1283 τῶν
386 1243 637 1296 δοκηθέντων
662 1239 806 1297 ἆπρίξ,
836 1241 956 1283 ὁποῖα
983 1237 1083 1283 ἅττα
1109 1242 1178 1282 καί
1198 1242 1362 1294 τύχοιεν
1387 1235 1497 1282 ὅντα.
1524 1239 1599 1294 τήν

195 1322 239 1359 γε
265 1305 349 1360 μὴν
369 1309 451 1346 τῶν
476 1308 637 1347 θυσιῶν
659 1305 850 1360 ὠμότητα
875 1305 945 1346 καί
971 1305 1312 1357 κακοδαιμονίαν,
1341 1305 1416 1344 οὔκ
1447 1301 1538 1344 οἶδα
1561 1305 1601 1344 εἰ

196 1366 282 1411 οἶόν
307 1385 351 1409 τε
366 1367 469 1426 λόγῳ
494 1369 724 1410 ἀκέσασθαι
737 1403 749 1422 ,
777 1370 855 1410 εἴτε
881 1365 1046 1410 ἄλσεσιν
1065 1370 1311 1409 ἐπιτελοῖντο
1335 1363 1472 1422 ὥσπερ
1496 1367 1600 1418 α’μέ-

195 1437 257 1473 λει
276 1431 388 1487 παρὰ
404 1434 642 1487 βαρβάροις,
672 1432 749 1474 εἴτε
777 1439 861 1482 τοῖς
881 1432 1008 1473 πάλαι
1026 1434 1324 1484 νενομισμένοις
1341 1434 1464 1483 θεοῖς,
1478 1429 1651 1472 &nermo

196 1496 340 1540 αἰτῶν
358 1496 557 1551 Ἑλλήνων
594 1497 806 1538 ἐθέλουσιν
838 1497 1049 1550 ἁγιστεῖαι.
1100 1493 1178 1549 ἐγώ
1207 1496 1285 1548 μὲν
1306 1494 1384 1550 γὰρ
1421 1495 1600 1549 ἡγοῦμαι

284 1584 315 1607 a.
338 1572 563 1618 ἐπικρατοῦν
591 1582 629 1606 τε
654 1575 715 1606 καὶ
740 1572 858 1618 ἄρχον
876 1591 915 1599 -
942 1573 1106 1606 ἕπονται.
1130 1573 1188 1605 Sic
1219 1573 1256 1604 R.
1278 1578 1316 1606 et
1344 1572 1466 1616 Lug‹1.,
1489 1573 1600 1615 Intpr.

282 1630 425 1664 quoque
437 1627 633 1659 sectantur,
656 1619 942 1662 ἐπικρατοῦνται
957 1619 1018 1650 καὶ
1038 1617 1219 1663 ἄρχονται
1233 1617 1435 1654 -ῑὲπονῐες
1451 1617 1530 1652 edd.
1556 1629 1599 1650 ex

281 1675 347 1708 mg.
361 1664 466 1707 Lugd.
515 1668 549 1700 3,
562 1663 661 1708 μόνα
676 1665 711 1696 R.
725 1662 930 1709 ((11.),μο’νῳ
943 1664 1035 1707 vulg.
1082 1665 1112 1696 5.
1133 1665 1194 1694 καὶ
1211 1662 1297 1706 βόας
1305 1661 1384 1695 add.
1397 1665 1434 1695 R.
1446 1668 1482 1695 et
1490 1664 1598 1707 Intpr.

286 1720 316 1752 7.
338 1708 420 1742 τόδε
442 1711 478 1742 R.
499 1715 536 1742 ct
553 1709 674 1752 Lugd„
695 1707 736 1742 τὸ
760 1708 846 1742 δέον
861 1708 938 1741 cdd.
953 1720 993 1741 ex
1017 1719 1082 1751 mg.
1104 1707 1214 1752 Lugd.
1283 1719 1315 1752 9.
1339 1707 1443 1753 οἶμαι
1455 1708 1598 1753 χρόνου

283 1755 336 1794 R„
358 1753 498 1797 χρόνου
525 1753 629 1799 οἶμαι
648 1755 737 1798 vulg.
821 1766 869 1788 io.
891 1763 928 1786 τε
946 1755 1008 1785 καὶ
1027 1755 1063 1786 Β.
1087 1752 1216 1797 Lugd.,
1244 1762 1286 1796 γε
1306 1756 1368 1786 καὶ
1391 1753 1470 1788 edd»
1546 1765 1598 1787 12.

284 1800 431 1844 μᾶλλον
452 1799 529 1832 add.
547 1801 583 1831 R.
601 1799 695 1843 (CL),
713 1801 821 1842 Intpr.
841 1799 972 1843 potius.
1046 1798 1095 1832 15.
1111 1798 1206 1832 εἶναι
1220 1799 1298 1832 add.
1315 1798 1436 1844 Lugd„
1457 1798 1537 1832 edd.
1562 1804 1600 1833 et

285 1846 321 1878 R.
341 1857 410 1878 om.
506 1846 555 1878 ¹8.
581 1845 686 1890 οἶμαι
701 1846 740 1880 R.
755 1855 818 1888 pro
838 1843 934 1880 οἶδα.

286 1928 320 1961 7.
354 1917 444 1950 Sunt
464 1927 546 1950 vero
568 1917 673 1950 etiam
696 1916 751 1950 his
767 1917 881 1960 patria
901 1917 1072 1962 quaedam
1094 1918 1274 1951 instituta:
1306 1918 1346 1949 in
1365 1917 1417 1949 rei
1434 1917 1598 1960 publicae

195 1973 276 1996 vero
302 1962 608 1995 administratione
630 1963 844 1995 Francorum
877 1963 1038 2004 politiam
1065 1968 1276 2008 sequuntur:
1311 1968 1447 1996 tantum
1478 1963 1515 1994 in
1539 1964 1599 2003 iis,

196 2019 286 2052 quae
306 2009 350 2041 ad
370 2009 484 2040 Deum
505 2009 707 2052 pertinent,
736 2008 911 2040 sententia
938 2010 1084 2041 variant.
1126 2008 1277 2040 Arbores
1305 2008 1399 2040 enim
1426 2007 1599 2052 quasdam

195 2054 329 2092 colunt,
356 2058 391 2086 et
410 2053 594 2086 fluminum
611 2054 730 2097 lapsus
745 2058 781 2086 et
797 2054 904 2086 colles
923 2057 959 2085 et
979 2054 1106 2086 saltus:
1131 2059 1236 2098 atque
1257 2053 1325 2092 his,
1348 2058 1518 2097 tanquam
1539 2054 1598 2085 iu—

195 2103 248 2130 sta
267 2099 435 2131 facientes
451 2122 460 2137 ‚
497 2109 605 2143 equos
623 2099 803 2143 bovesque
821 2099 963 2143 aliaque
981 2099 1237 2143 quamplurima
1258 2099 1401 2131 resectis
1423 2098 1598 2140 capitibus

196 2144 389 2176 immolant.
425 2145 529 2176 Porro
551 2143 780 2183 consuetudo,
802 2155 908 2188 quam
933 2155 1010 2175 eum
1028 2145 1171 2176 Francis
1194 2143 1340 2182 habent,
1358 2143 1445 2186 ipsis
1464 2142 1600 2176 condu-

197 2189 256 2228 cit,
275 2189 312 2220 in
327 2189 451 2222 melius
469 2190 682 2222 transferens
704 2194 741 2221 et
767 2188 1026 2234 quodammodo
1053 2188 1258 2232 pertrahens
1287 2188 1498 2221 cordatiores
1519 2201 1528 2220 τ
1563 2193 1600 2222 et

195 2234 308 2273 brevi,
333 2234 386 2266 uti
407 2245 520 2277 spero,
554 2240 711 2278 tempore
729 2233 796 2266 hoc
819 2235 933 2278 ipsum
951 2233 1045 2276 apud
1073 2245 1192 2266 omnes
1215 2235 1362 2266 evincet.
1409 2233 1599 2277 Opinionis

198 2280 292 2311 enim
309 2279 507 2312 absurditas
524 2285 560 2312 et
574 2280 716 2312 vesania
736 2281 843 2312 etiam
862 2279 906 2312 ab
926 2280 1013 2322 ipsis
1035 2279 1196 2318 arbitror,
1213 2281 1275 2324 qui
1297 2290 1337 2311 ea
1355 2279 1483 2311 imbuti
1503 2285 1598 2318 sunt,

197 2325 267 2357 nisi
285 2325 391 2368 plane
409 2324 532 2357 stolidi
549 2325 630 2364 sint,
657 2325 894 2368 cognoscitur,
911 2324 1087 2369 facileque
1106 2325 1149 2357 iis
1168 2325 1273 2356 eximi
1297 2325 1418 2368 possit.
1454 2325 1500 2356 Et
1517 2334 1598 2357 sane

197 2371 499 2402 commiseratione
530 2375 566 2403 et
599 2371 702 2403 venia
726 2371 857 2413 potius,
893 2381 998 2414 quam
1031 2370 1115 2402 odio
1149 2369 1245 2413 digni
1272 2375 1353 2402 sunt
1377 2373 1552 2414 quotquot
1576 2379 1597 2400 a

196 2426 278 2448 vero
296 2416 469 2448 aberrant.
517 2415 641 2459 Neque
666 2417 761 2448 enim
780 2415 939 2448 volentes
957 2420 1076 2447 errant
1095 2420 1130 2447 et
1147 2415 1336 2453 labuntur,
1373 2413 1435 2446 sed
1456 2414 1598 2447 boniac

197 2461 283 2493 recti
303 2459 470 2502 studiosi3
503 2460 638 2493 iudicio
662 2466 779 2493 autem
799 2460 938 2504 decepti
959 2465 1145 2503 conceptas
1167 2461 1273 2492 semel
1293 2460 1480 2504 opiniones
1503 2469 1600 2493 mor-

197 2505 295 2538 dicus
314 2511 448 2545 tenent,
473 2507 723 2552 cuiuscumque
743 2507 882 2550 generis
897 2506 1038 2538 fuerint.
1074 2507 1178 2537 Porro
1201 2506 1448 2538 sacrificiorum
1472 2505 1598 2536 imma-

197 2552 288 2583 nitas
309 2556 344 2584 et
363 2550 503 2583 sinister
523 2551 656 2591 cultus,
690 2562 762 2584 non
783 2551 867 2583 satis
889 2551 961 2586 scio
983 2562 1026 2582 an
1050 2550 1165 2582 verbis
1190 2552 1302 2585 curari
1327 2551 1488 2594 possint,
1525 2549 1598 2581 sive

197 2596 344 2628 saltibus
369 2602 406 2629 et
425 2597 512 2629 lucis
534 2601 746 2640 praestetur,
770 2601 811 2628 ut
827 2595 921 2640 apud
941 2595 1132 2636 barbaros3
1167 2597 1241 2630 sivc
1262 2597 1326 2634 iis,
1351 2595 1412 2640 qui
1433 2594 1518 2626 olim
1533 2593 1598 2625 ha-

197 2640 264 2674 biti
288 2646 371 2674 sunt
394 2641 468 2683 dii,
500 2643 620 2686 quales
643 2642 855 2675 Graecorum
879 2641 1002 2685 religio
1016 2641 1142 2674 tenuit.
1200 2641 1384 2685 Equidem,
1400 2641 1448 2672 ita
1478 2644 1596 2672 statuo
