1832 3152
254 112 361 176 284
847 126 1117 168 AGATHIAE

62 239 107 271 Α.
127 239 162 271 C.
180 239 242 282 557
257 228 336 270 εἴτε
359 226 491 276 ’ξύλοις
507 225 726 279 ἐτύγχανον
755 225 1072 278 ἐσκευασμέναι,
1102 227 1318 278 διέστησαν
1351 220 1423 264 ἄπ’
1458 223 1657 279 ἀλλήλων,

117 286 142 315 1.
159 285 186 320 Ῑ·
201 287 237 318 3¹
255 289 526 345 ἅρνησάμεναι
542 288 614 342 την
635 290 842 340 ξυνέχειαν
863 289 933 330 καὶ
973 292 1040 330 δια
1042 292 1255 342 χανοῦσαι,
1290 289 1346 336 ὧς
1372 289 1443 329 τόν
1479 305 1523 329 τε
1553 289 1658 343 ἀέρα

253 358 324 396 καί
349 353 444 402 τοὺς
463 354 638 406 ἀστέρας
664 352 850 406 καθάπερ
886 354 930 392 ἐν
949 353 1142 410 «inas-3913)
1157 357 1298 411 χωρίῳ
1323 355 1554 408 διορᾶσθαι,
1585 350 1657 392 καί

253 414 376 466 αὖθις
406 415 556 471 ἀθρόον
579 419 621 465 ἐς
645 415 718 470 την
743 418 943 471 προτέραν
968 415 1162 472 ξυνῄεσαν
1173 419 1382 471 ἁρμονίαν·
1410 416 1464 471 πή
1501 419 1547 458 δὲ
1571 419 1655 458 κίο-

245 491 318 530 ’νες
349 484 393 522 ἐν
433 479 600 537 ὑπερῴῳ
642 479 726 522 τινί
765 481 957 536 δωματίῳ
1006 479 1238 535 ἱδρυμένοι,
1279 478 1680 536 &mengono-'1255

211 547 323 602 Ββίςι
349 546 419 586 τοῦ
444 547 659 599 βρασμοῦ,
701 543 773 585 καί
808 543 904 591 τοὺς
940 545 1159 597 ἐχομένους
1193 543 1327 592 οἴκους
1357 544 1655 599 ὖπεραλάμενοι

250 612 320 651 ἐπὶ
358 608 454 657 τοὺς
494 609 767 664 πορρωτέρω,
808 607 992 662 καθάπερ
1031 609 1466 663 διασφενδονηθέντες,
1488 609 1540 649 ’ἐκ
1581 609 1655 650 τοῦ

249 671 453 728 μετεώρου
501 674 793 727 κατεφέροντο,
853 671 925 712 καὶ
969 667 1131 713 ἅπαντα
1178 671 1465 726 διερρήγνυον·
1511 671 1567 726 πῆ
1607 673 1655 712 δὲ

251 734 354 779 ἄλλα
393 732 495 778 ἅττα
542 739 846 792 φρικωδέστερα
881 737 1111 789 ξυνέβαινε,
1146 735 1342 789 γενόμενα
1385 738 1462 789 μὲν
1504 733 1654 776 πολλά-

250 818 312 850 κις
343 801 556 857 πρότερον,
593 802 664 842 καί
691 800 759 842 ἀεὶ
796 800 968 852 ἐσόμενα
1003 800 1084 841 ἔστ’
1121 796 1171 842 ἂν
1200 803 1251 855 γῆ
1273 795 1368 856 τεῇ
1399 802 1469 842 καί
1490 799 1705 856 φύσεωςιο

249 866 547 920 ἁμαρτήματα,
573 865 660 907 τότε
698 867 743 907 δὲ
781 864 884 906 κατὰ
921 862 965 906 τὸ
990 868 1145 917 μᾶλλον
1175 862 1337 906 ἅπαντα
1373 862 1459 917 ἅμα
1488 879 1655 919 συνενη-

247 931 430 982 νεγμένα.
480 946 531 970 συ
533 930 628 982 χνοί
667 930 711 970 δὲ
737 924 950 983 ἄνθρωποι
975 927 1193 983 τεθνήκασι
1219 931 1302 969 τῶν
1334 930 1493 970 πολλῶν
1519 944 1562 969 τε
1585 928 1658 970 καί

247 993 516 1047 ἠγνοημένων·
544 994 625 1034 τῶν
649 1009 693 1046 γε
719 991 800 1047 μὴν
823 994 1007 1034 δυνατῶν
1033 993 1105 1034 καί
1134 995 1179 1034 ἒν
1208 995 1259 1047 τῇ
1287 991 1494 1048 συγκλήτῳ
1526 995 1653 1048 βουλῇ

248 1053 612 1111 ἀναγεγραμμένων
656 1056 892 1098 Ἀνατόλιον
925 1054 1048 1108 μόνον
1074 1057 1360 1111 διαφθαρῆναι
1383 1057 1550 1110 ξυνέβη,
1579 1050 1652 1096 ἅν·-

249 1122 328 1174 δρα
364 1123 413 1176 τῇ
445 1137 489 1160 τε
525 1123 606 1161 τῶν
639 1121 805 1161 ὑπάτων
835 1117 928 1177 ἀξία
960 1122 1245 1175 τετιμημένον,
1291 1119 1363 1161 καί
1392 1118 1494 1175 πρός
1527 1135 1571 1174 γε
1604 1118 1703 1165 τὸιὸ

249 1186 448 1239 φροντίδα
468 1186 658 1226 τιΉεσθαι
694 1184 766 1226 καί
803 1185 1035 1237 ἐπιμέλειαν
1058 1187 1137 1226 τῶν
1157 1186 1357 1238 βασιλέως
1370 1184 1487 1225 οἴκων
1510 1199 1553 1224 τε
1582 1186 1654 1238 καί

247 1247 460 1302 κτημάτων
495 1247 627 1303 ἀρχὴν
662 1248 863 1304 εἰληχότα.
893 1250 1156 1304 κουράτωρας
1185 1251 1231 1290 δὲ
1270 1250 1441 1297 τούτους
1483 1249 1653 1288 καλοῦσι

238 1312 446 1363 Ῥωμαῖοι.
489 1315 638 1361 ἐκεῖνος
672 1313 722 1366 δη
753 1309 828 1354 οὖν
857 1312 878 1353 ὁ
910 1309 1143 1360 Ἀνατόλιος
1173 1312 1370 1366 ἐτύγχανε
1394 1314 1471 1365 μὲν
1499 1312 1653 1352 καθεύ-

130 1388 163 1420 Ρ.
179 1378 333 1424 ΙΖιΊδων
353 1377 397 1417 ἐν
421 1378 478 1432 τῷ
499 1378 716 1432 εἰθισμένη)
739 1375 915 1432 θαλάμῳ
929 1410 941 1428 ,
978 1374 1199 1431 μάρμαρον
1228 1377 1274 1418 δέ
1298 1391 1338 1417 τι
1362 1377 1443 1417 τῶν
1462 1377 1653 1430 πλησιαί-

241 1456 347 1480 τατα
369 1440 438 1494 τῆς
469 1439 602 1493 κλίνης
629 1438 968 1494 προσπεπηγότων
991 1442 1042 1494 τῇ
1068 1441 1298 1495 οἰκοδομίᾳ,
1338 1438 1410 1480 καί
1439 1436 1704 1494 εὖπρεπῶςαο

240 1505 607 1557 παρατεταμένων,
638 1503 758 1545 ὁποῖα
781 1501 910 1544 πολλὰ
937 1505 978 1553 ἐς
1005 1503 1160 1561 κόσμου
1185 1503 1256 1544 καί
1283 1503 1540 1551 πολυτελείας
1562 1502 1652 1544 ἐπί-

242 1568 366 1617 δειξιν
387 1570 666 1610 κατακολλῶσι
685 1573 771 1616 τοῖς
794 1567 947 1621 τοίχοις
974 1566 1011 1609 οἱ
1042 1567 1145 1622 πρὸς
1165 1569 1294 1609 ταῦτα
1328 1566 1377 1622 δη
1398 1566 1448 1609 τά
1479 1567 1648 1623 περιττοὶ

238 1633 311 1672 καί
337 1628 411 1672 οὐκ
435 1629 636 1686 οἷναγκαῑά
661 1631 907 1685 ποικίλματα
938 1634 1043 1686 πέρα
1069 1635 1140 1673 τοῦ
1160 1632 1328 1687 μετρίου
1357 1631 1650 1687 διακεχηνὸτες·

331 1733 363 1754 2.
377 1718 443 1754 τόν
453 1730 490 1753 τε
501 1719 590 1764 α’έρα
603 1723 654 1760 R„
679 1719 744 1754 τὸν
757 1720 838 1754 τότε
849 1720 882 1752 α’.
899 1721 987 1764 vulg.
1057 1732 1104 1755 11.
1121 1719 1198 1767 ἅμα
1210 1732 1274 1753 om.
1294 1722 1331 1753 R.
1397 1721 1651 1766 συνηνεγμέιά

331 1766 409 1798 cdd.
499 1767 547 1810 14.
568 1766 829 1810 διαφθαρῆναι
853 1768 903 1807 R„
923 1765 1118 1811 φθαρῆναι
1145 1768 1235 1811 vulg.
1336 1767 1385 1800 16.
1409 1767 1590 1810 βασιλέων
1613 1768 1649 1799 R.

330 1823 385 1845 21.
402 1815 705 1856 παρατεταμὲνον
721 1814 759 1847 R.

239 1890 363 1922 stellae
393 1890 504 1924 veluti
533 1892 571 1924 in
601 1890 749 1924 subdivo
778 1891 856 1924 loco
882 1902 945 1935 per
976 1897 1068 1924 tecta
1105 1893 1395 1935 conspicerentur
1413 1917 1423 1932 ,
1455 1901 1647 1936 rursusque

237 1935 423 1968 confestim
448 1937 486 1968 in
521 1938 707 1980 pristinam
735 1947 935 1981 compagem
969 1937 1125 1979 coirent3
1155 1938 1242 1970 alibi
1272 1949 1355 1970 vero
1388 1937 1574 1970 columnae
1608 1938 1648 1969 in

232 1981 379 2025 pergula
402 1982 552 2015 alicuius
577 1983 700 2016 domus
719 1982 856 2025 positae
871 2007 880 2022 ,
901 1982 936 2015 vi
960 1983 1192 2015 succussionis
1221 1983 1500 2022 excutiebantur,
1526 1982 1649 2026 proxi-

234 2037 378 2071 masque
413 2027 535 2060 domos
573 2034 825 2072 supervectae,
860 2028 898 2059 in
935 2029 1140 2060 remotiores
1174 2028 1278 2061 aedes
1310 2029 1424 2062 veluti
1458 2026 1570 2061 sunda
1603 2038 1648 2060 ex

232 2073 304 2104 alto
331 2073 487 2114 emissae,
520 2075 636 2106 onmia
672 2073 958 2117 perfringebant3
994 2073 1081 2106 alibi
1111 2083 1193 2106 vero
1228 2074 1298 2106 alia
1335 2073 1507 2106 nonnulla
1541 2072 1649 2105 etiam

231 2117 463 2151 horribiliora
493 2119 717 2159 acciderunt,
757 2129 849 2164 quae
878 2117 1022 2162 quidem
1047 2119 1252 2164 frequenter
1279 2124 1381 2152 antea
1413 2118 1648 2162 contigerunt,

233 2173 442 2208 semperque
475 2166 703 2209 contingent,
740 2163 910 2208 quamdiu
937 2168 971 2195 et
999 2168 1091 2196 terra
1121 2165 1189 2198 erit
1237 2170 1274 2197 et
1301 2169 1447 2197 naturae
1486 2169 1647 2207 peccata3

233 2207 295 2240 sed
310 2214 382 2240 tum
396 2210 453 2242 vel
467 2211 617 2242 maxime
642 2211 760 2243 omnia
776 2210 880 2242 simul
894 2208 1106 2242 acciderunt.
1133 2210 1245 2243 Multa
1267 2221 1408 2255 quoque
1428 2209 1649 2255 plebeiorum

233 2259 340 2297 atque
365 2254 592 2288 obscurorum
618 2254 801 2288 hominum
825 2253 928 2287 turba
952 2255 1080 2296 periit3
1105 2257 1348 2299 potentiorum
1374 2255 1479 2296 vero}
1515 2255 1649 2299 quique

232 2300 402 2332 senatorii
432 2301 566 2334 ordinis
600 2307 718 2340 erant,
750 2301 844 2332 solus
870 2299 1055 2331 Anatolius
1080 2301 1209 2343 periit,
1242 2301 1296 2333 vir
1319 2301 1494 2334 consulari
1529 2299 1648 2344 digni-

232 2349 305 2377 tate
329 2345 454 2386 clarus,
482 2347 614 2392 quique
638 2351 822 2390 praeterea
846 2344 1019 2388 regiarum
1030 2347 1189 2378 aularum
1217 2357 1333 2379 curam
1359 2347 1522 2390 gerebat,
1549 2346 1646 2378 eius—

233 2401 302 2434 que
335 2391 519 2424 facultates
542 2391 824 2433 admiuistrabat3
849 2392 1024 2422 curatores
1051 2402 1111 2424 eos
1131 2397 1258 2424 vocant
1282 2392 1438 2425 Romani.
1486 2392 1551 2424 Ille
1572 2391 1644 2422 ita—

233 2447 302 2479 que
340 2436 526 2470 Anatolius
562 2439 598 2469 in
632 2441 798 2470 consueto
835 2435 904 2468 sibi
937 2435 1100 2469 cubiculo
1140 2435 1359 2476 dormiebat,
1395 2448 1472 2469 cum
1496 2445 1645 2468 maunor

233 2481 409 2525 quoddam
433 2494 475 2515 ex
510 2484 576 2522 iis,
603 2493 694 2526 quae
724 2481 883 2524 proxime
911 2486 987 2513 toro
1015 2493 1077 2514 suo
1107 2482 1270 2515 aedificio
1290 2482 1360 2525 ipsi
1384 2482 1491 2516 infixa
1517 2484 1616 2515 erant
1634 2505 1643 2519 ‚

234 2533 429 2572 ornateque
453 2534 616 2572 protensa
633 2553 642 2566 ‚
677 2527 793 2573 qualia
816 2527 925 2558 multa
951 2532 1095 2559 ornatus
1120 2533 1158 2560 et
1179 2527 1462 2571 magnificentiae
1486 2530 1642 2559 ostenta-

234 2573 416 2617 tionisque
440 2585 543 2606 causa
567 2573 672 2605 muris
696 2573 854 2616 adaptari
873 2572 988 2604 solent
1014 2572 1058 2604 ab
1084 2572 1145 2612 iis,
1170 2574 1231 2617 qui
1258 2573 1523 2616 supervacaneis
1547 2569 1643 2603 hisee.

236 2618 452 2663 minimeque
487 2620 691 2651 necessariis
721 2618 935 2650 ornamentis
967 2628 1070 2660 supra
1098 2618 1243 2651 modum
1268 2619 1514 2652 oblectantur:
1540 2614 1642 2655 illud,

231 2663 387 2706 inquam,
413 2675 642 2698 marmoreum
678 2662 837 2708 pondus,
856 2662 1052 2706 <abruptum
1079 2663 1113 2694 vi
1148 2663 1379 2698 succussionis
1410 2668 1445 2696 et
1468 2663 1546 2695 loco
1580 2673 1642 2694 suo
