<?xml version="1.0" encoding="UTF-8"?>
<!DOCTYPE html PUBLIC "-//W3C//DTD XHTML 1.0 Transitional//EN"
    "http://www.w3.org/TR/xhtml1/DTD/xhtml1-transitional.dtd">
<html xmlns="http://www.w3.org/1999/xhtml" xml:lang="en" lang="en">
 <head>
  <title>
</title>
<meta http-equiv="Content-Type" content="text/html;charset=utf-8" />
  <meta name='ocr-system' content='tesseract 3.04.00' />
  <meta name='ocr-capabilities' content='ocr_page ocr_carea ocr_par ocr_line ocrx_word'/>
</head>
<body>
  <div class='ocr_page' id='page_1' title='image "./corpusscriptorum01niebuoft_0038.png"; bbox 0 0 1794 3112; ppageno 0'>
   <div class='ocr_carea' id='block_1_1' title="bbox 319 123 1311 171">
    <p class='ocr_par' dir='ltr' id='par_1_1' title="bbox 319 123 1311 171">
     <span class='ocr_line' id='line_1_1' title="bbox 319 123 1311 171; baseline 0 -1"><span class='ocrx_word' id='word_1_1' title='bbox 319 130 461 171; x_wconf 87' lang='lat' dir='ltr'>XXXII</span> <span class='ocrx_word' id='word_1_2' title='bbox 728 127 968 169; x_wconf 86' lang='lat' dir='ltr'>CARMINA</span> <span class='ocrx_word' id='word_1_3' title='bbox 1005 123 1058 168; x_wconf 84' lang='lat' dir='ltr'><strong><em>IN</em></strong></span> <span class='ocrx_word' id='word_1_4' title='bbox 1097 129 1311 170; x_wconf 83' lang='lat' dir='ltr'><strong>LAUDEM</strong></span> 
     </span>
    </p>
   </div>
   <div class='ocr_carea' id='block_1_2' title="bbox 731 238 1307 263">
    <p class='ocr_par' dir='ltr' id='par_1_2' title="bbox 731 238 1307 263">
     <span class='ocr_line' id='line_1_2' title="bbox 731 238 1307 263; baseline 0.003 -3"><span class='ocrx_word' id='word_1_5' title='bbox 731 238 782 261; x_wconf 67' lang='lat' dir='ltr'><strong><em>An</em></strong></span> <span class='ocrx_word' id='word_1_6' title='bbox 830 239 1133 262; x_wconf 66' lang='lat' dir='ltr'><strong><em>CLARISSIMUM</em></strong></span> <span class='ocrx_word' id='word_1_7' title='bbox 1170 241 1307 263; x_wconf 56' lang='lat' dir='ltr'><strong><em>vntum</em></strong></span> 
     </span>
    </p>
   </div>
   <div class='ocr_carea' id='block_1_3' title="bbox 555 292 1488 330">
    <p class='ocr_par' dir='ltr' id='par_1_3' title="bbox 555 292 1488 330">
     <span class='ocr_line' id='line_1_3' title="bbox 555 292 1488 330; baseline 0.005 -5"><span class='ocrx_word' id='word_1_8' title='bbox 555 293 598 325; x_wconf 88' lang='lat' dir='ltr'><strong><em>D.</em></strong></span> <span class='ocrx_word' id='word_1_9' title='bbox 635 292 1110 329; x_wconf 86' lang='lat' dir='ltr'><strong><em>BONAVENTURAM</em></strong></span> <span class='ocrx_word' id='word_1_10' title='bbox 1143 295 1488 330; x_wconf 86' lang='lat' dir='ltr'><strong>VULCANIUM.</strong></span> 
     </span>
    </p>
   </div>
   <div class='ocr_carea' id='block_1_4' title="bbox 317 373 1428 1274">
    <p class='ocr_par' dir='ltr' id='par_1_4' title="bbox 320 373 1428 459">
     <span class='ocr_line' id='line_1_4' title="bbox 320 373 1428 410; baseline 0.004 -4"><span class='ocrx_word' id='word_1_11' title='bbox 320 374 550 409; x_wconf 62' lang='lat' dir='ltr'><strong><em>Comnucnm</em></strong></span> <span class='ocrx_word' id='word_1_12' title='bbox 574 373 693 407; x_wconf 83' lang='lat' dir='ltr'><strong><em>Marti</em></strong></span> <span class='ocrx_word' id='word_1_13' title='bbox 719 374 885 406; x_wconf 83' lang='lat' dir='ltr'><strong><em>Venerem</em></strong></span> <span class='ocrx_word' id='word_1_14' title='bbox 945 373 1100 408; x_wconf 88' lang='lat' dir='ltr'><strong><em>uondam</em></strong></span> <span class='ocrx_word' id='word_1_15' title='bbox 1125 374 1247 409; x_wconf 84' lang='lat' dir='ltr'><strong><em>indice</em></strong></span> <span class='ocrx_word' id='word_1_16' title='bbox 1285 376 1428 410; x_wconf 84' lang='lat' dir='ltr'><strong><em>Phoebo</em></strong></span> 
     </span>
     <span class='ocr_line' id='line_1_5' title="bbox 369 419 1100 459; baseline 0.003 -9"><span class='ocrx_word' id='word_1_17' title='bbox 369 419 548 452; x_wconf 81' lang='lat' dir='ltr'><em>Vulcanus</em></span> <span class='ocrx_word' id='word_1_18' title='bbox 570 426 664 452; x_wconf 78' lang='lat' dir='ltr'><strong><em>tecto</em></strong></span> <span class='ocrx_word' id='word_1_19' title='bbox 690 426 730 451; x_wconf 83' lang='lat' dir='ltr'><strong><em>ut</em></strong></span> <span class='ocrx_word' id='word_1_20' title='bbox 751 420 863 451; x_wconf 83' lang='lat' dir='ltr'><strong><em>sensit</em></strong></span> <span class='ocrx_word' id='word_1_21' title='bbox 891 431 926 458; x_wconf 75' lang='lat' dir='ltr'><strong><em>a⁴</em></strong></span> <span class='ocrx_word' id='word_1_22' title='bbox 941 420 1072 453; x_wconf 90' lang='lat' dir='ltr'><strong><em>ulterio</em></strong></span> <span class='ocrx_word' id='word_1_23' title='bbox 1087 445 1100 459; x_wconf 89' lang='lat'><em>,</em></span> 
     </span>
    </p>

    <p class='ocr_par' dir='ltr' id='par_1_5' title="bbox 318 463 1344 552">
     <span class='ocr_line' id='line_1_6' title="bbox 318 463 1344 510; baseline -0.001 -13"><span class='ocrx_word' id='word_1_24' title='bbox 318 464 506 508; x_wconf 76' lang='lat' dir='ltr'><strong><em>Extemplo</em></strong></span> <span class='ocrx_word' id='word_1_25' title='bbox 530 465 690 505; x_wconf 76' lang='lat' dir='ltr'><strong><em>exarsit‚·</em></strong></span> <span class='ocrx_word' id='word_1_26' title='bbox 715 464 931 510; x_wconf 85' lang='lat' dir='ltr'><strong><em>laqueosque</em></strong></span> <span class='ocrx_word' id='word_1_27' title='bbox 957 472 992 497; x_wconf 85' lang='lat' dir='ltr'><strong><em>et</em></strong></span> <span class='ocrx_word' id='word_1_28' title='bbox 1016 463 1174 498; x_wconf 86' lang='lat' dir='ltr'><strong><em>daedala</em></strong></span> <span class='ocrx_word' id='word_1_29' title='bbox 1198 473 1344 498; x_wconf 79' lang='lat' dir='ltr'><strong><em>nectens</em></strong></span> 
     </span>
     <span class='ocr_line' id='line_1_7' title="bbox 364 508 1088 552; baseline 0.001 -11"><span class='ocrx_word' id='word_1_30' title='bbox 364 510 488 547; x_wconf 80' lang='lat' dir='ltr'><strong><em>Retia,</em></strong></span> <span class='ocrx_word' id='word_1_31' title='bbox 515 510 554 540; x_wconf 87' lang='lat' dir='ltr'><strong><em>in</em></strong></span> <span class='ocrx_word' id='word_1_32' title='bbox 579 508 744 552; x_wconf 75' lang='lat' dir='ltr'><strong><em>amplexu</em></strong></span> <span class='ocrx_word' id='word_1_33' title='bbox 769 508 924 541; x_wconf 82' lang='lat' dir='ltr'><strong><em>detinuit</em></strong></span> <span class='ocrx_word' id='word_1_34' title='bbox 948 508 1088 548; x_wconf 83' lang='lat' dir='ltr'><strong><em>medio,</em></strong></span> 
     </span>
    </p>

    <p class='ocr_par' dir='ltr' id='par_1_6' title="bbox 318 552 1181 643">
     <span class='ocr_line' id='line_1_8' title="bbox 318 552 1181 598; baseline -0.002 -10"><span class='ocrx_word' id='word_1_35' title='bbox 318 554 540 598; x_wconf 80' lang='lat' dir='ltr'><strong><em>Admisitque</em></strong></span> <span class='ocrx_word' id='word_1_36' title='bbox 564 554 670 586; x_wconf 81' lang='lat' dir='ltr'><strong><em>Deos.</em></strong></span> <span class='ocrx_word' id='word_1_37' title='bbox 715 552 858 586; x_wconf 83' lang='lat' dir='ltr'><strong><em>Dudum</em></strong></span> <span class='ocrx_word' id='word_1_38' title='bbox 885 554 1022 587; x_wconf 80' lang='lat' dir='ltr'><strong><em>latuere</em></strong></span> <span class='ocrx_word' id='word_1_39' title='bbox 1047 555 1181 598; x_wconf 79' lang='lat' dir='ltr'><strong><em>reposti</em></strong></span> 
     </span>
     <span class='ocr_line' id='line_1_9' title="bbox 363 599 1160 643; baseline 0.001 -13"><span class='ocrx_word' id='word_1_40' title='bbox 363 600 515 642; x_wconf 78' lang='lat' dir='ltr'><strong><em>Augusti</em></strong></span> <span class='ocrx_word' id='word_1_41' title='bbox 537 599 718 636; x_wconf 85' lang='lat' dir='ltr'><strong><em>Annales,</em></strong></span> <span class='ocrx_word' id='word_1_42' title='bbox 743 599 957 643; x_wconf 85' lang='lat' dir='ltr'><strong><em>Persicaque</em></strong></span> <span class='ocrx_word' id='word_1_43' title='bbox 982 599 1160 638; x_wconf 84' lang='lat' dir='ltr'><strong><em>historia,</em></strong></span> 
     </span>
    </p>

    <p class='ocr_par' dir='ltr' id='par_1_7' title="bbox 318 642 1337 733">
     <span class='ocr_line' id='line_1_10' title="bbox 318 642 1337 688; baseline -0.001 -11"><span class='ocrx_word' id='word_1_44' title='bbox 318 644 520 687; x_wconf 85' lang='lat' dir='ltr'><strong><em>Pluraque,</em></strong></span> <span class='ocrx_word' id='word_1_45' title='bbox 551 644 681 676; x_wconf 88' lang='lat' dir='ltr'><strong><em>museio</em></strong></span> <span class='ocrx_word' id='word_1_46' title='bbox 706 654 797 688; x_wconf 86' lang='lat' dir='ltr'><strong><em>quae</em></strong></span> <span class='ocrx_word' id='word_1_47' title='bbox 821 642 952 675; x_wconf 85' lang='lat' dir='ltr'><strong><em>dudum</em></strong></span> <span class='ocrx_word' id='word_1_48' title='bbox 977 645 1180 677; x_wconf 83' lang='lat' dir='ltr'><strong><em>emblemate</em></strong></span> <span class='ocrx_word' id='word_1_49' title='bbox 1204 644 1337 677; x_wconf 72' lang='lat' dir='ltr'><strong><em>struxit</em></strong></span> 
     </span>
     <span class='ocr_line' id='line_1_11' title="bbox 363 687 1041 733; baseline -0.003 -12"><span class='ocrx_word' id='word_1_50' title='bbox 363 687 586 722; x_wconf 84' lang='lat' dir='ltr'><strong><em>Indelibatus</em></strong></span> <span class='ocrx_word' id='word_1_51' title='bbox 600 689 677 733; x_wconf 86' lang='lat' dir='ltr'><strong><em>flos</em></strong></span> <span class='ocrx_word' id='word_1_52' title='bbox 696 688 823 732; x_wconf 82' lang='lat' dir='ltr'><strong><em>populi</em></strong></span> <span class='ocrx_word' id='word_1_53' title='bbox 845 689 1041 727; x_wconf 55' lang='lat' dir='ltr'><strong><em>Asamus,</em></strong></span> 
     </span>
    </p>

    <p class='ocr_par' dir='ltr' id='par_1_8' title="bbox 317 732 1308 820">
     <span class='ocr_line' id='line_1_12' title="bbox 317 732 1308 778; baseline -0.003 -11"><span class='ocrx_word' id='word_1_54' title='bbox 317 734 391 767; x_wconf 88' lang='lat' dir='ltr'><strong><em>Nec</em></strong></span> <span class='ocrx_word' id='word_1_55' title='bbox 415 745 490 776; x_wconf 87' lang='lat' dir='ltr'><strong><em>spes</em></strong></span> <span class='ocrx_word' id='word_1_56' title='bbox 513 735 590 766; x_wconf 86' lang='lat' dir='ltr'><strong><em>ulla</em></strong></span> <span class='ocrx_word' id='word_1_57' title='bbox 603 734 708 778; x_wconf 85' lang='lat' dir='ltr'><strong><em>fuit,</em></strong></span> <span class='ocrx_word' id='word_1_58' title='bbox 737 743 836 778; x_wconf 85' lang='lat' dir='ltr'><strong><em>posse</em></strong></span> <span class='ocrx_word' id='word_1_59' title='bbox 862 745 1021 778; x_wconf 81' lang='lat' dir='ltr'><strong><em>unquam</em></strong></span> <span class='ocrx_word' id='word_1_60' title='bbox 1047 734 1167 767; x_wconf 87' lang='lat' dir='ltr'><strong><em>lumen</em></strong></span> <span class='ocrx_word' id='word_1_61' title='bbox 1190 732 1308 778; x_wconf 78' lang='lat' dir='ltr'><strong><em>apisci</em></strong></span> 
     </span>
     <span class='ocr_line' id='line_1_13' title="bbox 363 777 1121 820; baseline -0.001 -9"><span class='ocrx_word' id='word_1_62' title='bbox 363 779 542 820; x_wconf 68' lang='lat' dir='ltr'><strong><em>Extracla</em></strong></span> <span class='ocrx_word' id='word_1_63' title='bbox 567 790 610 810; x_wconf 77' lang='lat' dir='ltr'><strong><em>ex</em></strong></span> <span class='ocrx_word' id='word_1_64' title='bbox 628 779 720 810; x_wconf 82' lang='lat' dir='ltr'><strong><em>utris</em></strong></span> <span class='ocrx_word' id='word_1_65' title='bbox 750 777 919 810; x_wconf 83' lang='lat' dir='ltr'><strong><em>Invidiae</em></strong></span> <span class='ocrx_word' id='word_1_66' title='bbox 942 778 1121 818; x_wconf 81' lang='lat' dir='ltr'><strong><em>tenebris,</em></strong></span> 
     </span>
    </p>

    <p class='ocr_par' dir='ltr' id='par_1_9' title="bbox 321 821 1338 912">
     <span class='ocr_line' id='line_1_14' title="bbox 321 821 1302 866; baseline -0.001 -11"><span class='ocrx_word' id='word_1_67' title='bbox 321 825 435 866; x_wconf 85' lang='lat' dir='ltr'><strong><em>Quum</em></strong></span> <span class='ocrx_word' id='word_1_68' title='bbox 459 831 498 855; x_wconf 81' lang='lat' dir='ltr'><strong><em>tu</em></strong></span> <span class='ocrx_word' id='word_1_69' title='bbox 521 824 589 855; x_wconf 87' lang='lat' dir='ltr'><strong><em>illa</em></strong></span> <span class='ocrx_word' id='word_1_70' title='bbox 617 824 657 854; x_wconf 90' lang='lat' dir='ltr'><strong><em>in</em></strong></span> <span class='ocrx_word' id='word_1_71' title='bbox 692 821 773 855; x_wconf 88' lang='lat' dir='ltr'><strong><em>dias</em></strong></span> <span class='ocrx_word' id='word_1_72' title='bbox 799 821 974 866; x_wconf 65' lang='lat' dir='ltr'><strong><em>produoeti</em></strong></span> <span class='ocrx_word' id='word_1_73' title='bbox 1004 824 1151 856; x_wconf 85' lang='lat' dir='ltr'><strong><em>luminis</em></strong></span> <span class='ocrx_word' id='word_1_74' title='bbox 1176 834 1302 861; x_wconf 76' lang='lat' dir='ltr'><strong><em>auras,</em></strong></span> 
     </span>
     <span class='ocr_line' id='line_1_15' title="bbox 364 867 1338 912; baseline 0.003 -13"><span class='ocrx_word' id='word_1_75' title='bbox 364 869 546 906; x_wconf 59' lang='lat' dir='ltr'><strong><em>Vunmm,</em></strong></span> <span class='ocrx_word' id='word_1_76' title='bbox 578 867 699 912; x_wconf 87' lang='lat' dir='ltr'><strong><em>plures</em></strong></span> <span class='ocrx_word' id='word_1_77' title='bbox 720 876 862 910; x_wconf 82' lang='lat' dir='ltr'><strong><em>pectore</em></strong></span> <span class='ocrx_word' id='word_1_78' title='bbox 891 867 1024 900; x_wconf 79' lang='lat' dir='ltr'><strong><em>liabens</em></strong></span> <span class='ocrx_word' id='word_1_79' title='bbox 1046 870 1180 912; x_wconf 78' lang='lat' dir='ltr'><strong><em>genios.</em></strong></span> <span class='ocrx_word' id='word_1_80' title='bbox 1334 907 1338 910; x_wconf 42' lang='grc'>,</span> 
     </span>
    </p>

    <p class='ocr_par' dir='ltr' id='par_1_10' title="bbox 317 911 1286 1002">
     <span class='ocr_line' id='line_1_16' title="bbox 317 911 1286 958; baseline -0.002 -11"><span class='ocrx_word' id='word_1_81' title='bbox 317 914 468 947; x_wconf 84' lang='lat' dir='ltr'><strong><em>Felicem</em></strong></span> <span class='ocrx_word' id='word_1_82' title='bbox 495 925 515 946; x_wconf 94' lang='grc' dir='ltr'><strong><em>ο</em></strong></span> <span class='ocrx_word' id='word_1_83' title='bbox 540 913 693 945; x_wconf 79' lang='lat' dir='ltr'><strong><em>sortem!</em></strong></span> <span class='ocrx_word' id='word_1_84' title='bbox 729 913 796 944; x_wconf 79' lang='lat' dir='ltr'><strong><em>Vix</em></strong></span> <span class='ocrx_word' id='word_1_85' title='bbox 819 921 851 946; x_wconf 87' lang='lat' dir='ltr'><strong><em>te</em></strong></span> <span class='ocrx_word' id='word_1_86' title='bbox 869 911 939 945; x_wconf 88' lang='lat' dir='ltr'><strong><em>duo</em></strong></span> <span class='ocrx_word' id='word_1_87' title='bbox 963 915 1112 946; x_wconf 83' lang='lat' dir='ltr'><strong><em>numina</em></strong></span> <span class='ocrx_word' id='word_1_88' title='bbox 1135 920 1286 958; x_wconf 84' lang='lat' dir='ltr'><strong><em>possunt</em></strong></span> 
     </span>
     <span class='ocr_line' id='line_1_17' title="bbox 367 957 1199 1002; baseline -0.001 -11"><span class='ocrx_word' id='word_1_89' title='bbox 367 959 501 997; x_wconf 72' lang='lat' dir='ltr'><strong><em>Unum,</em></strong></span> <span class='ocrx_word' id='word_1_90' title='bbox 527 969 604 990; x_wconf 89' lang='lat' dir='ltr'><strong><em>cum</em></strong></span> <span class='ocrx_word' id='word_1_91' title='bbox 631 957 771 990; x_wconf 79' lang='lat' dir='ltr'><strong><em>Phoebo</em></strong></span> <span class='ocrx_word' id='word_1_92' title='bbox 802 957 968 990; x_wconf 81' lang='lat' dir='ltr'><strong><em>Lemnius</em></strong></span> <span class='ocrx_word' id='word_1_93' title='bbox 994 961 1199 1002; x_wconf 74' lang='lat' dir='ltr'><strong><em>exprimere.</em></strong></span> 
     </span>
    </p>

    <p class='ocr_par' dir='ltr' id='par_1_11' title="bbox 322 1001 1366 1093">
     <span class='ocr_line' id='line_1_18' title="bbox 322 1001 1317 1048; baseline 0.001 -13"><span class='ocrx_word' id='word_1_94' title='bbox 322 1002 454 1035; x_wconf 82' lang='lat' dir='ltr'><strong><em>Vidisti</em></strong></span> <span class='ocrx_word' id='word_1_95' title='bbox 474 1003 695 1036; x_wconf 86' lang='lat' dir='ltr'><strong><em>abstrusum:</em></strong></span> <span class='ocrx_word' id='word_1_96' title='bbox 719 1002 876 1035; x_wconf 80' lang='lat' dir='ltr'><strong><em>Phoebus</em></strong></span> <span class='ocrx_word' id='word_1_97' title='bbox 900 1001 1002 1035; x_wconf 77' lang='lat' dir='ltr'><strong><em>videt</em></strong></span> <span class='ocrx_word' id='word_1_98' title='bbox 1027 1005 1146 1036; x_wconf 85' lang='lat' dir='ltr'><strong><em>omnia</em></strong></span> <span class='ocrx_word' id='word_1_99' title='bbox 1168 1005 1317 1048; x_wconf 69' lang='lat' dir='ltr'><strong><em>primus,</em></strong></span> 
     </span>
     <span class='ocr_line' id='line_1_19' title="bbox 362 1046 1366 1093; baseline 0 -13"><span class='ocrx_word' id='word_1_100' title='bbox 362 1049 431 1080; x_wconf 89' lang='lat' dir='ltr'><strong><em>Per</em></strong></span> <span class='ocrx_word' id='word_1_101' title='bbox 458 1055 490 1080; x_wconf 82' lang='lat' dir='ltr'><strong><em>le</em></strong></span> <span class='ocrx_word' id='word_1_102' title='bbox 518 1048 608 1080; x_wconf 85' lang='lat' dir='ltr'><strong><em>alii:</em></strong></span> <span class='ocrx_word' id='word_1_103' title='bbox 631 1059 750 1091; x_wconf 87' lang='lat' dir='ltr'><strong><em>nempe</em></strong></span> <span class='ocrx_word' id='word_1_104' title='bbox 784 1046 824 1079; x_wconf 82' lang='lat' dir='ltr'><strong><em>id</em></strong></span> <span class='ocrx_word' id='word_1_105' title='bbox 851 1049 1063 1080; x_wconf 81' lang='lat' dir='ltr'><strong><em>Mulciberis</em></strong></span> <span class='ocrx_word' id='word_1_106' title='bbox 1091 1050 1275 1093; x_wconf 88' lang='lat' dir='ltr'><strong><em>proprium</em></strong></span> <span class='ocrx_word' id='word_1_107' title='bbox 1306 1054 1366 1080; x_wconf 77' lang='lat' dir='ltr'><strong><em>est.</em></strong></span> 
     </span>
    </p>

    <p class='ocr_par' dir='ltr' id='par_1_12' title="bbox 317 1092 1242 1182">
     <span class='ocr_line' id='line_1_20' title="bbox 317 1092 1242 1137; baseline 0 -12"><span class='ocrx_word' id='word_1_108' title='bbox 317 1094 363 1125; x_wconf 90' lang='lat' dir='ltr'><strong><em>At</em></strong></span> <span class='ocrx_word' id='word_1_109' title='bbox 390 1101 428 1124; x_wconf 86' lang='lat' dir='ltr'><strong><em>tu</em></strong></span> <span class='ocrx_word' id='word_1_110' title='bbox 457 1092 538 1125; x_wconf 80' lang='lat' dir='ltr'><strong><em>dum</em></strong></span> <span class='ocrx_word' id='word_1_111' title='bbox 563 1093 720 1125; x_wconf 82' lang='lat' dir='ltr'><strong><em>tenebris</em></strong></span> <span class='ocrx_word' id='word_1_112' title='bbox 750 1092 828 1124; x_wconf 85' lang='lat' dir='ltr'><strong><em>alta</em></strong></span> <span class='ocrx_word' id='word_1_113' title='bbox 861 1101 895 1126; x_wconf 87' lang='lat' dir='ltr'><strong><em>et</em></strong></span> <span class='ocrx_word' id='word_1_114' title='bbox 917 1094 1075 1137; x_wconf 79' lang='lat' dir='ltr'><strong><em>caligine</em></strong></span> <span class='ocrx_word' id='word_1_115' title='bbox 1093 1105 1242 1126; x_wconf 81' lang='lat' dir='ltr'><strong><em>mersum</em></strong></span> 
     </span>
     <span class='ocr_line' id='line_1_21' title="bbox 362 1137 1154 1182; baseline 0 -12"><span class='ocrx_word' id='word_1_116' title='bbox 362 1138 549 1182; x_wconf 80' lang='lat' dir='ltr'><strong><em>Extemplo</em></strong></span> <span class='ocrx_word' id='word_1_117' title='bbox 578 1139 687 1180; x_wconf 79' lang='lat' dir='ltr'><strong><em>virga</em></strong></span> <span class='ocrx_word' id='word_1_118' title='bbox 706 1137 891 1182; x_wconf 82' lang='lat' dir='ltr'><strong><em>protrahis</em></strong></span> <span class='ocrx_word' id='word_1_119' title='bbox 917 1139 956 1170; x_wconf 82' lang='lat' dir='ltr'><strong><em>in</em></strong></span> <span class='ocrx_word' id='word_1_120' title='bbox 987 1138 1154 1178; x_wconf 85' lang='lat' dir='ltr'><strong><em>medium,</em></strong></span> 
     </span>
    </p>

    <p class='ocr_par' dir='ltr' id='par_1_13' title="bbox 317 1181 1392 1274">
     <span class='ocr_line' id='line_1_22' title="bbox 317 1181 1392 1230; baseline 0.003 -16"><span class='ocrx_word' id='word_1_121' title='bbox 317 1182 480 1226; x_wconf 73' lang='lat' dir='ltr'><strong><em>,Dumque</em></strong></span> <span class='ocrx_word' id='word_1_122' title='bbox 506 1181 599 1215; x_wconf 88' lang='lat' dir='ltr'><strong><em>idem</em></strong></span> <span class='ocrx_word' id='word_1_123' title='bbox 623 1183 799 1227; x_wconf 85' lang='lat' dir='ltr'><strong><em>interpres</em></strong></span> <span class='ocrx_word' id='word_1_124' title='bbox 823 1183 929 1215; x_wconf 88' lang='lat' dir='ltr'><strong><em>Latio</em></strong></span> <span class='ocrx_word' id='word_1_125' title='bbox 961 1182 1053 1224; x_wconf 70' lang='lat' dir='ltr'><strong><em>sacis</em></strong></span> <span class='ocrx_word' id='word_1_126' title='bbox 1080 1195 1148 1216; x_wconf 80' lang='lat' dir='ltr'><strong><em>-ore</em></strong></span> <span class='ocrx_word' id='word_1_127' title='bbox 1174 1184 1392 1230; x_wconf 85' lang='lat' dir='ltr'><strong><em>loquentem,</em></strong></span> 
     </span>
     <span class='ocr_line' id='line_1_23' title="bbox 364 1227 1132 1274; baseline 0.001 -13"><span class='ocrx_word' id='word_1_128' title='bbox 364 1228 460 1261; x_wconf 82' lang='lat' dir='ltr'><strong><em>Unus</em></strong></span> <span class='ocrx_word' id='word_1_129' title='bbox 476 1227 532 1274; x_wconf 80' lang='lat' dir='ltr'><strong><em>fis</em></strong></span> <span class='ocrx_word' id='word_1_130' title='bbox 564 1228 707 1273; x_wconf 77' lang='lat' dir='ltr'><strong><em>gemino</em></strong></span> <span class='ocrx_word' id='word_1_131' title='bbox 746 1229 888 1262; x_wconf 87' lang='lat' dir='ltr'><strong><em>nomine</em></strong></span> <span class='ocrx_word' id='word_1_132' title='bbox 917 1229 1132 1262; x_wconf 76' lang='lat' dir='ltr'><strong><em>Mercurius.</em></strong></span> 
     </span>
    </p>
   </div>
   <div class='ocr_carea' id='block_1_5' title="bbox 1254 1283 1574 1318">
    <p class='ocr_par' dir='ltr' id='par_1_14' title="bbox 1254 1283 1574 1318">
     <span class='ocr_line' id='line_1_24' title="bbox 1254 1283 1574 1318; baseline -0.006 0"><span class='ocrx_word' id='word_1_133' title='bbox 1254 1285 1386 1318; x_wconf 68' lang='lat' dir='ltr'><strong><em>Pmnus</em></strong></span> <span class='ocrx_word' id='word_1_134' title='bbox 1413 1283 1574 1316; x_wconf 72' lang='lat' dir='ltr'><strong><em>Bnnus.</em></strong></span> 
     </span>
    </p>
   </div>
   <div class='ocr_carea' id='block_1_6' title="bbox 662 1451 1343 1490">
    <p class='ocr_par' dir='ltr' id='par_1_15' title="bbox 662 1451 1343 1490">
     <span class='ocr_line' id='line_1_25' title="bbox 662 1451 1343 1490; baseline 0.004 -5"><span class='ocrx_word' id='word_1_135' title='bbox 662 1451 1009 1486; x_wconf 84' lang='lat' dir='ltr'>RICHARDUS</span> <span class='ocrx_word' id='word_1_136' title='bbox 1045 1453 1343 1490; x_wconf 89' lang='lat' dir='ltr'><strong>THOMSON.</strong></span> 
     </span>
    </p>
   </div>
   <div class='ocr_carea' id='block_1_7' title="bbox 311 1534 1239 2703">
    <p class='ocr_par' dir='ltr' id='par_1_16' title="bbox 314 1534 810 1580">
     <span class='ocr_line' id='line_1_26' title="bbox 314 1534 810 1580; baseline -0.006 -12"><span class='ocrx_word' id='word_1_137' title='bbox 314 1535 396 1580; x_wconf 85' lang='lat' dir='ltr'><strong><em>Quo</em></strong></span> <span class='ocrx_word' id='word_1_138' title='bbox 426 1544 477 1567; x_wconf 90' lang='lat' dir='ltr'><strong><em>me</em></strong></span> <span class='ocrx_word' id='word_1_139' title='bbox 509 1534 678 1566; x_wconf 54' lang='lat' dir='ltr'><strong><em>Canon</em></strong></span> <span class='ocrx_word' id='word_1_140' title='bbox 698 1545 810 1567; x_wconf 82' lang='lat' dir='ltr'><strong><em>vocas</em></strong></span> 
     </span>
    </p>

    <p class='ocr_par' dir='ltr' id='par_1_17' title="bbox 311 1577 1142 1669">
     <span class='ocr_line' id='line_1_27' title="bbox 358 1577 1142 1624; baseline 0 -11"><span class='ocrx_word' id='word_1_141' title='bbox 358 1580 565 1613; x_wconf 80' lang='lat' dir='ltr'><strong><em>Inter-missa</em></strong></span> <span class='ocrx_word' id='word_1_142' title='bbox 595 1577 687 1612; x_wconf 83' lang='lat' dir='ltr'><strong><em>diu?</em></strong></span> <span class='ocrx_word' id='word_1_143' title='bbox 706 1589 815 1624; x_wconf 87' lang='lat' dir='ltr'><strong><em>parce</em></strong></span> <span class='ocrx_word' id='word_1_144' title='bbox 836 1589 986 1622; x_wconf 88' lang='lat' dir='ltr'><strong><em>precor,</em></strong></span> <span class='ocrx_word' id='word_1_145' title='bbox 1003 1591 1142 1624; x_wconf 87' lang='lat' dir='ltr'><strong><em>precor.</em></strong></span> 
     </span>
     <span class='ocr_line' id='line_1_28' title="bbox 311 1624 879 1669; baseline -0.005 -10"><span class='ocrx_word' id='word_1_146' title='bbox 311 1626 396 1659; x_wconf 87' lang='lat' dir='ltr'><strong><em>Non</em></strong></span> <span class='ocrx_word' id='word_1_147' title='bbox 418 1636 493 1656; x_wconf 88' lang='lat' dir='ltr'><strong><em>sum</em></strong></span> <span class='ocrx_word' id='word_1_148' title='bbox 517 1624 581 1669; x_wconf 90' lang='lat' dir='ltr'><strong><em>qui</em></strong></span> <span class='ocrx_word' id='word_1_149' title='bbox 613 1624 698 1657; x_wconf 88' lang='lat' dir='ltr'><strong><em>bene</em></strong></span> <span class='ocrx_word' id='word_1_150' title='bbox 728 1625 879 1657; x_wconf 81' lang='lat' dir='ltr'><strong><em>nervias</em></strong></span> 
     </span>
    </p>

    <p class='ocr_par' dir='ltr' id='par_1_18' title="bbox 314 1667 1239 1760">
     <span class='ocr_line' id='line_1_29' title="bbox 361 1667 1239 1715; baseline -0.001 -12"><span class='ocrx_word' id='word_1_151' title='bbox 361 1669 583 1707; x_wconf 78' lang='lat' dir='ltr'><strong><em>Gubernem,</em></strong></span> <span class='ocrx_word' id='word_1_152' title='bbox 609 1669 749 1715; x_wconf 78' lang='lat' dir='ltr'><strong><em>artifici</em></strong></span> <span class='ocrx_word' id='word_1_153' title='bbox 779 1677 844 1700; x_wconf 87' lang='lat' dir='ltr'><strong><em>aut</em></strong></span> <span class='ocrx_word' id='word_1_154' title='bbox 871 1667 1039 1701; x_wconf 84' lang='lat' dir='ltr'><strong><em>barbiton</em></strong></span> <span class='ocrx_word' id='word_1_155' title='bbox 1061 1667 1239 1712; x_wconf 79' lang='lat' dir='ltr'><strong><em>harmoge.</em></strong></span> 
     </span>
     <span class='ocr_line' id='line_1_30' title="bbox 314 1713 829 1760; baseline -0.006 -12"><span class='ocrx_word' id='word_1_156' title='bbox 314 1715 532 1760; x_wconf 85' lang='lat' dir='ltr'><strong><em>Defunctam</em></strong></span> <span class='ocrx_word' id='word_1_157' title='bbox 555 1715 678 1757; x_wconf 83' lang='lat' dir='ltr'><strong><em>paries</em></strong></span> <span class='ocrx_word' id='word_1_158' title='bbox 702 1713 829 1756; x_wconf 82' lang='lat' dir='ltr'><strong><em>chelyn</em></strong></span> 
     </span>
    </p>

    <p class='ocr_par' dir='ltr' id='par_1_19' title="bbox 317 1757 1227 1847">
     <span class='ocr_line' id='line_1_31' title="bbox 359 1757 1227 1803; baseline -0.002 -11"><span class='ocrx_word' id='word_1_159' title='bbox 359 1760 437 1792; x_wconf 89' lang='lat' dir='ltr'><strong><em>Iam</em></strong></span> <span class='ocrx_word' id='word_1_160' title='bbox 457 1757 619 1803; x_wconf 84' lang='lat' dir='ltr'><strong><em>pridem,</em></strong></span> <span class='ocrx_word' id='word_1_161' title='bbox 644 1765 678 1792; x_wconf 85' lang='lat' dir='ltr'><strong><em>et</em></strong></span> <span class='ocrx_word' id='word_1_162' title='bbox 702 1758 880 1791; x_wconf 84' lang='lat' dir='ltr'><strong><em>citharam</em></strong></span> <span class='ocrx_word' id='word_1_163' title='bbox 909 1765 1033 1791; x_wconf 83' lang='lat' dir='ltr'><strong><em>servat</em></strong></span> <span class='ocrx_word' id='word_1_164' title='bbox 1055 1757 1227 1792; x_wconf 87' lang='lat' dir='ltr'><strong><em>inutilem.</em></strong></span> 
     </span>
     <span class='ocr_line' id='line_1_32' title="bbox 317 1803 894 1847; baseline -0.002 -11"><span class='ocrx_word' id='word_1_165' title='bbox 317 1805 414 1847; x_wconf 85' lang='lat' dir='ltr'><strong><em>Quin</em></strong></span> <span class='ocrx_word' id='word_1_166' title='bbox 443 1805 476 1836; x_wconf 89' lang='lat' dir='ltr'><strong><em>si</em></strong></span> <span class='ocrx_word' id='word_1_167' title='bbox 499 1803 731 1835; x_wconf 67' lang='lat' dir='ltr'><strong><em>Muncmx-:nzm</em></strong></span> <span class='ocrx_word' id='word_1_168' title='bbox 753 1814 863 1846; x_wconf 86' lang='lat' dir='ltr'><strong><em>paras</em></strong></span> <span class='ocrx_word' id='word_1_169' title='bbox 891 1819 894 1822; x_wconf 57' lang='lat'><strong>&gt;</strong></span> 
     </span>
    </p>

    <p class='ocr_par' dir='ltr' id='par_1_20' title="bbox 318 1845 1034 1928">
     <span class='ocr_line' id='line_1_33' title="bbox 363 1845 1034 1892; baseline -0.004 -10"><span class='ocrx_word' id='word_1_170' title='bbox 363 1849 514 1882; x_wconf 87' lang='lat' dir='ltr'><strong><em>Clarare</em></strong></span> <span class='ocrx_word' id='word_1_171' title='bbox 537 1849 701 1892; x_wconf 75' lang='lat' dir='ltr'><strong><em>egregiae</em></strong></span> <span class='ocrx_word' id='word_1_172' title='bbox 724 1846 845 1880; x_wconf 79' lang='lat' dir='ltr'><strong><em>laudis</em></strong></span> <span class='ocrx_word' id='word_1_173' title='bbox 874 1845 1034 1886; x_wconf 84' lang='lat' dir='ltr'><strong><em>adorea,</em></strong></span> 
     </span>
     <span class='ocr_line' id='line_1_34' title="bbox 318 1891 843 1928; baseline -0.006 -1"><span class='ocrx_word' id='word_1_174' title='bbox 318 1895 370 1928; x_wconf 77' lang='lat' dir='ltr'><strong><em>Et</em></strong></span> <span class='ocrx_word' id='word_1_175' title='bbox 403 1894 503 1927; x_wconf 86' lang='lat' dir='ltr'><strong><em>caelo</em></strong></span> <span class='ocrx_word' id='word_1_176' title='bbox 536 1894 694 1926; x_wconf 85' lang='lat' dir='ltr'><strong><em>inserere</em></strong></span> <span class='ocrx_word' id='word_1_177' title='bbox 727 1891 843 1925; x_wconf 85' lang='lat' dir='ltr'><strong><em>arduo</em></strong></span> 
     </span>
    </p>

    <p class='ocr_par' dir='ltr' id='par_1_21' title="bbox 314 1935 1023 2029">
     <span class='ocr_line' id='line_1_35' title="bbox 365 1935 1023 1983; baseline 0 -13"><span class='ocrx_word' id='word_1_178' title='bbox 365 1939 506 1972; x_wconf 85' lang='lat' dir='ltr'><strong><em>Vectum</em></strong></span> <span class='ocrx_word' id='word_1_179' title='bbox 533 1939 698 1983; x_wconf 84' lang='lat' dir='ltr'><strong><em>perpetui</em></strong></span> <span class='ocrx_word' id='word_1_180' title='bbox 722 1935 894 1971; x_wconf 76' lang='lat' dir='ltr'><strong><em>carminis</em></strong></span> <span class='ocrx_word' id='word_1_181' title='bbox 924 1937 1023 1970; x_wconf 85' lang='lat' dir='ltr'><strong><em>alite.</em></strong></span> 
     </span>
     <span class='ocr_line' id='line_1_36' title="bbox 314 1981 861 2029; baseline -0.005 -12"><span class='ocrx_word' id='word_1_182' title='bbox 314 1984 455 2029; x_wconf 86' lang='lat' dir='ltr'><strong><em>Ecquis</em></strong></span> <span class='ocrx_word' id='word_1_183' title='bbox 482 1983 704 2015; x_wconf 60' lang='lat' dir='ltr'><strong><em>Cummcno</em></strong></span> <span class='ocrx_word' id='word_1_184' title='bbox 726 1981 861 2027; x_wconf 83' lang='lat' dir='ltr'><strong><em>prior?</em></strong></span> 
     </span>
    </p>

    <p class='ocr_par' dir='ltr' id='par_1_22' title="bbox 320 2028 1068 2117">
     <span class='ocr_line' id='line_1_37' title="bbox 365 2028 1068 2072; baseline 0 -12"><span class='ocrx_word' id='word_1_185' title='bbox 365 2030 435 2070; x_wconf 82' lang='lat' dir='ltr'><strong><em>Qui</em></strong></span> <span class='ocrx_word' id='word_1_186' title='bbox 460 2029 570 2062; x_wconf 86' lang='lat' dir='ltr'><strong><em>lauru</em></strong></span> <span class='ocrx_word' id='word_1_187' title='bbox 596 2029 704 2060; x_wconf 89' lang='lat' dir='ltr'><strong><em>Latia</em></strong></span> <span class='ocrx_word' id='word_1_188' title='bbox 733 2028 926 2072; x_wconf 80' lang='lat' dir='ltr'><strong><em>implicitus</em></strong></span> <span class='ocrx_word' id='word_1_189' title='bbox 950 2038 1068 2061; x_wconf 88' lang='lat' dir='ltr'><strong><em>comas</em></strong></span> 
     </span>
     <span class='ocr_line' id='line_1_38' title="bbox 320 2074 758 2117; baseline -0.005 -10"><span class='ocrx_word' id='word_1_190' title='bbox 320 2075 446 2114; x_wconf 83' lang='lat' dir='ltr'><strong><em>Vates,</em></strong></span> <span class='ocrx_word' id='word_1_191' title='bbox 471 2074 610 2115; x_wconf 77' lang='lat' dir='ltr'><strong><em>Elysiis</em></strong></span> <span class='ocrx_word' id='word_1_192' title='bbox 642 2074 758 2117; x_wconf 81' lang='lat' dir='ltr'><strong><em>iugis,</em></strong></span> 
     </span>
    </p>

    <p class='ocr_par' dir='ltr' id='par_1_23' title="bbox 321 2115 1043 2197">
     <span class='ocr_line' id='line_1_39' title="bbox 363 2115 1043 2162; baseline 0 -12"><span class='ocrx_word' id='word_1_193' title='bbox 363 2119 511 2150; x_wconf 61' lang='lat' dir='ltr'><strong><em>Musuo</em></strong></span> <span class='ocrx_word' id='word_1_194' title='bbox 534 2119 679 2162; x_wconf 88' lang='lat' dir='ltr'><strong><em>potior,</em></strong></span> <span class='ocrx_word' id='word_1_195' title='bbox 707 2119 870 2151; x_wconf 84' lang='lat' dir='ltr'><strong><em>carmina</em></strong></span> <span class='ocrx_word' id='word_1_196' title='bbox 893 2115 1043 2150; x_wconf 79' lang='lat' dir='ltr'><strong><em>dividit.</em></strong></span> 
     </span>
     <span class='ocr_line' id='line_1_40' title="bbox 321 2163 817 2197; baseline -0.002 0"><span class='ocrx_word' id='word_1_197' title='bbox 321 2163 431 2197; x_wconf 87' lang='lat' dir='ltr'><strong><em>Cuius</em></strong></span> <span class='ocrx_word' id='word_1_198' title='bbox 455 2163 487 2195; x_wconf 93' lang='lat' dir='ltr'><strong><em>si</em></strong></span> <span class='ocrx_word' id='word_1_199' title='bbox 510 2164 672 2196; x_wconf 78' lang='lat' dir='ltr'><strong><em>citharae</em></strong></span> <span class='ocrx_word' id='word_1_200' title='bbox 696 2171 817 2196; x_wconf 88' lang='lat' dir='ltr'><strong><em>tamen</em></strong></span> 
     </span>
    </p>

    <p class='ocr_par' dir='ltr' id='par_1_24' title="bbox 320 2207 1084 2296">
     <span class='ocr_line' id='line_1_41' title="bbox 362 2207 1084 2254; baseline -0.006 -12"><span class='ocrx_word' id='word_1_201' title='bbox 362 2209 492 2253; x_wconf 85' lang='lat' dir='ltr'><strong><em>Aptari</em></strong></span> <span class='ocrx_word' id='word_1_202' title='bbox 509 2217 664 2254; x_wconf 84' lang='lat' dir='ltr'><strong><em>nequeat</em></strong></span> <span class='ocrx_word' id='word_1_203' title='bbox 685 2209 886 2241; x_wconf 65' lang='lat' dir='ltr'><strong><em>Muzcmzn:</em></strong></span> <span class='ocrx_word' id='word_1_204' title='bbox 910 2207 1084 2250; x_wconf 72' lang='lat' dir='ltr'><strong><em>inclytum</em></strong></span> 
     </span>
     <span class='ocr_line' id='line_1_42' title="bbox 320 2254 815 2296; baseline -0.004 -10"><span class='ocrx_word' id='word_1_205' title='bbox 320 2254 492 2296; x_wconf 84' lang='lat' dir='ltr'><strong><em>Quamvis</em></strong></span> <span class='ocrx_word' id='word_1_206' title='bbox 520 2255 586 2286; x_wconf 89' lang='lat' dir='ltr'><strong><em>illa</em></strong></span> <span class='ocrx_word' id='word_1_207' title='bbox 606 2254 815 2285; x_wconf 70' lang='lat' dir='ltr'><strong><em>Dmsm&#39;rnmu</em></strong></span> 
     </span>
    </p>

    <p class='ocr_par' dir='ltr' id='par_1_25' title="bbox 316 2296 1095 2387">
     <span class='ocr_line' id='line_1_43' title="bbox 363 2296 1095 2339; baseline -0.004 -8"><span class='ocrx_word' id='word_1_208' title='bbox 363 2299 518 2338; x_wconf 64' lang='lat' dir='ltr'><strong><em>Diuum,</em></strong></span> <span class='ocrx_word' id='word_1_209' title='bbox 546 2306 580 2332; x_wconf 89' lang='lat' dir='ltr'><strong><em>et</em></strong></span> <span class='ocrx_word' id='word_1_210' title='bbox 603 2306 746 2331; x_wconf 85' lang='lat' dir='ltr'><strong><em>teneras</em></strong></span> <span class='ocrx_word' id='word_1_211' title='bbox 769 2308 904 2336; x_wconf 83' lang='lat' dir='ltr'><strong><em>aurea,</em></strong></span> <span class='ocrx_word' id='word_1_212' title='bbox 930 2296 1095 2339; x_wconf 66' lang='lat' dir='ltr'><strong><em>Vumnms</em></strong></span> 
     </span>
     <span class='ocr_line' id='line_1_44' title="bbox 316 2343 908 2387; baseline -0.003 -9"><span class='ocrx_word' id='word_1_213' title='bbox 316 2345 368 2378; x_wconf 83' lang='lat' dir='ltr'><strong><em>Et</em></strong></span> <span class='ocrx_word' id='word_1_214' title='bbox 392 2344 554 2376; x_wconf 72' lang='lat' dir='ltr'><strong><em>Pnoznum</em></strong></span> <span class='ocrx_word' id='word_1_215' title='bbox 577 2343 731 2376; x_wconf 81' lang='lat' dir='ltr'><strong><em>celebret</em></strong></span> <span class='ocrx_word' id='word_1_216' title='bbox 757 2351 908 2387; x_wconf 88' lang='lat' dir='ltr'><strong><em>patrem.</em></strong></span> 
     </span>
    </p>

    <p class='ocr_par' dir='ltr' id='par_1_26' title="bbox 317 2386 1150 2470">
     <span class='ocr_line' id='line_1_45' title="bbox 365 2386 1150 2430; baseline -0.003 -9"><span class='ocrx_word' id='word_1_217' title='bbox 365 2390 394 2422; x_wconf 93' lang='grc' dir='ltr'><em>Ο</em></span> <span class='ocrx_word' id='word_1_218' title='bbox 422 2387 567 2427; x_wconf 86' lang='lat' dir='ltr'><strong><em>divum,</em></strong></span> <span class='ocrx_word' id='word_1_219' title='bbox 599 2400 619 2420; x_wconf 94' lang='lat' dir='ltr'><strong><em>o</em></strong></span> <span class='ocrx_word' id='word_1_220' title='bbox 641 2389 819 2420; x_wconf 81' lang='lat' dir='ltr'><strong><em>hominum</em></strong></span> <span class='ocrx_word' id='word_1_221' title='bbox 847 2387 1020 2419; x_wconf 54' lang='lat' dir='ltr'><strong><em>camon</em></strong></span> <span class='ocrx_word' id='word_1_222' title='bbox 1046 2386 1150 2430; x_wconf 79' lang='lat' dir='ltr'><strong><em>quies</em></strong></span> 
     </span>
     <span class='ocr_line' id='line_1_46' title="bbox 317 2433 887 2470; baseline -0.011 -2"><span class='ocrx_word' id='word_1_223' title='bbox 317 2436 364 2468; x_wconf 82' lang='lat' dir='ltr'><strong><em>In</em></strong></span> <span class='ocrx_word' id='word_1_224' title='bbox 388 2433 513 2467; x_wconf 91' lang='lat' dir='ltr'><strong><em>collem</em></strong></span> <span class='ocrx_word' id='word_1_225' title='bbox 545 2433 628 2466; x_wconf 85' lang='lat' dir='ltr'><strong><em>hinc</em></strong></span> <span class='ocrx_word' id='word_1_226' title='bbox 653 2434 887 2470; x_wconf 69' lang='lat' dir='ltr'><strong><em>Hmcomum,</em></strong></span> 
     </span>
    </p>

    <p class='ocr_par' dir='ltr' id='par_1_27' title="bbox 322 2475 1158 2562">
     <span class='ocr_line' id='line_1_47' title="bbox 366 2475 1158 2522; baseline 0 -11"><span class='ocrx_word' id='word_1_227' title='bbox 366 2479 610 2517; x_wconf 69' lang='lat' dir='ltr'><strong><em>Musumuoun</em></strong></span> <span class='ocrx_word' id='word_1_228' title='bbox 638 2478 764 2511; x_wconf 86' lang='lat' dir='ltr'><strong><em>choros</em></strong></span> <span class='ocrx_word' id='word_1_229' title='bbox 790 2475 949 2522; x_wconf 72' lang='lat' dir='ltr'><strong><em>transfer</em></strong></span> <span class='ocrx_word' id='word_1_230' title='bbox 975 2475 1158 2511; x_wconf 81' lang='lat' dir='ltr'><strong><em>amabiles.</em></strong></span> 
     </span>
     <span class='ocr_line' id='line_1_48' title="bbox 322 2523 803 2562; baseline -0.008 -4"><span class='ocrx_word' id='word_1_231' title='bbox 322 2526 365 2559; x_wconf 84' lang='lat' dir='ltr'><strong><em>Ut</em></strong></span> <span class='ocrx_word' id='word_1_232' title='bbox 390 2525 513 2557; x_wconf 87' lang='lat' dir='ltr'><strong><em>mistus</em></strong></span> <span class='ocrx_word' id='word_1_233' title='bbox 539 2523 635 2562; x_wconf 68' lang='lat' dir='ltr'><strong><em>Dm,</em></strong></span> <span class='ocrx_word' id='word_1_234' title='bbox 661 2523 803 2556; x_wconf 54' lang='lat' dir='ltr'><strong><em>Gnarus</em></strong></span> 
     </span>
    </p>

    <p class='ocr_par' dir='ltr' id='par_1_28' title="bbox 319 2565 1129 2649">
     <span class='ocr_line' id='line_1_49' title="bbox 362 2565 1129 2602; baseline -0.005 0"><span class='ocrx_word' id='word_1_235' title='bbox 362 2567 419 2602; x_wconf 84' lang='lat' dir='ltr'><strong><em>Ad</em></strong></span> <span class='ocrx_word' id='word_1_236' title='bbox 437 2567 599 2602; x_wconf 75' lang='lat' dir='ltr'><strong><em>dextrum</em></strong></span> <span class='ocrx_word' id='word_1_237' title='bbox 620 2567 742 2602; x_wconf 82' lang='lat' dir='ltr'><strong><em>sedeat</em></strong></span> <span class='ocrx_word' id='word_1_238' title='bbox 767 2568 887 2601; x_wconf 75' lang='lat' dir='ltr'><strong><em>clarus</em></strong></span> <span class='ocrx_word' id='word_1_239' title='bbox 916 2565 1129 2602; x_wconf 70' lang='lat' dir='ltr'><strong><em>Arotuuzu.</em></strong></span> 
     </span>
     <span class='ocr_line' id='line_1_50' title="bbox 319 2613 802 2649; baseline -0.008 -1"><span class='ocrx_word' id='word_1_240' title='bbox 319 2614 407 2649; x_wconf 79' lang='lat' dir='ltr'><strong><em>Mox</em></strong></span> <span class='ocrx_word' id='word_1_241' title='bbox 429 2614 540 2646; x_wconf 90' lang='lat' dir='ltr'><strong><em>lauru</em></strong></span> <span class='ocrx_word' id='word_1_242' title='bbox 572 2613 802 2646; x_wconf 69' lang='lat' dir='ltr'><strong><em>Ponunmm</em></strong></span> 
     </span>
    </p>

    <p class='ocr_par' dir='ltr' id='par_1_29' title="bbox 370 2654 1083 2703">
     <span class='ocr_line' id='line_1_51' title="bbox 370 2654 1083 2703; baseline -0.008 -9"><span class='ocrx_word' id='word_1_243' title='bbox 370 2659 569 2695; x_wconf 79' lang='lat' dir='ltr'><strong><em>Vescentem</em></strong></span> <span class='ocrx_word' id='word_1_244' title='bbox 584 2667 726 2694; x_wconf 77' lang='lat' dir='ltr'><strong><em>resonet</em></strong></span> <span class='ocrx_word' id='word_1_245' title='bbox 744 2663 911 2703; x_wconf 83' lang='lat' dir='ltr'><strong><em>praepete</em></strong></span> <span class='ocrx_word' id='word_1_246' title='bbox 930 2654 1083 2692; x_wconf 83' lang='lat' dir='ltr'><strong><em>barbito.</em></strong></span> 
     </span>
    </p>
   </div>
  </div>
 </body>
</html>
