1794 3112
570 119 943 168 fflsTomARmvr
984 127 1035 164 11.
1066 128 1103 172 7.
1491 121 1559 176 79

130 232 233 283 νὼς,
260 228 422 284 θρασύς
441 241 487 280 γε
505 221 558 282 ἧν
585 223 648 267 ἔτι
662 222 734 266 καὶ
751 222 967 280 ὗψαγόρας
989 222 1062 265 καί
1078 225 1172 267 λίαν
1190 226 1412 281 φρονοῦντι
1431 224 1562 282 ἐῴκει,
1576 233 1614 267 Α.
1633 233 1670 266 C.
1689 234 1757 271 553

127 293 450 350 παρακελεύεται
473 292 496 334 ὅ
532 291 706 347 Ναρσῆς
739 295 827 339 τοῖς
851 287 1102 346 δορυφόροις
1133 290 1372 332 ἀποκτεῖναι
1393 288 1465 332 τὸν
1485 281 1690 332 ‹2‘v-1·1·27

124 361 221 416 δρα.
263 359 338 399 καί
355 357 376 400 ὃ
396 359 476 411 μὲν
495 359 608 414 ξίφει
627 356 702 411 τὴν
725 354 916 412 λαπάραν
945 355 1205 412 διατορηθεὶς
1228 354 1450 410 ἐτεθνήκει.
1469 353 1491 397 ὅ
1516 355 1563 397 δὲ

122 425 204 467 τῶν
229 421 435 479 Ἐρούλων
452 419 603 476 ὅμιλος,
619 416 685 463 οἷα
709 422 736 462 δ
738 418 760 476 t}
775 421 992 476 βάρβαροι,
1009 416 1185 475 ἦνιῶντο
1198 420 1270 462 καί
1281 421 1565 474 ἐχαλέπαινον,

95 487 198 531 Sam*
215 483 356 542 οἷπόμα
357 505 426 542 χοι
442 486 614 530 ἔσεσθαι
633 487 880 529 διενοοῦντο.
902 484 923 527 ὅ
946 488 992 527 δὲ
1014 487 1187 542 Ναρσῆς
1206 482 1315 526 οὕτω
1328 502 1414 534 πως
1430 483 1476 526 τὸ
1494 487 1566 540 τῆς

116 553 367 610 μιαιφονίας
389 547 485 608 ἶὶγος
507 548 990 606 ἀποδιοπομπησάμενος,
1014 549 1086 592 καὶ
1107 552 1191 592 τῶν
1219 546 1421 606 Ἐρούλων
1450 546 1565 603 ὂλίγα

120 619 360 676 φροντίσας,
380 619 533 675 ἐχώρει
549 617 629 660 ἀνὰ
647 617 721 673 τήν
738 616 980 672 παράταξιν,
993 615 1171 658 ἆνειπών
1194 617 1239 658 ἐν
1251 617 1370 672 κοινῷ
1381 614 1453 656 καί
1461 611 1564 656 άνα·
1574 615 1599 647 Β

118 685 289 739 βοήσας,
317 682 372 735 ὥς
391 681 412 726 ὅ
431 700 478 739 γε
501 686 752 738 βουλόμενος
769 683 840 737 τῆς
865 680 978 736 νίκης
1006 684 1279 734 μεταλαχεῖν,
1310 682 1564 731 ξυνεπέσθω.

120 746 229 792 οὕτω
252 749 303 805 δή
315 766 358 792 τι
369 744 454 806 ἄρα
475 750 692 806 διαφανῶς
717 746 930 790 ἐπεποίθει
944 747 995 802 τῇ
1006 747 1081 787 τοῦ
1091 746 1318 802 κρείττονος
1335 747 1561 802 ἐπικουρία,

70 814 192 857 tonat*
209 813 268 865 ὥς
289 814 362 858 ἐπὶ
378 815 772 872 προδιεγνωσμένοις
787 814 944 869 ἐφοίτα.
979 810 1184 853 Σίνδουαλ
1199 809 1295 863 δὲ,ὗ
1318 811 1400 852 τῶν
1419 808 1563 865 Ἐρού-

114 886 200 924 λων
219 879 398 937 ἡγεμών,
421 878 595 937 αἰσχρόν
617 897 658 922 τι
673 877 781 921 εἶναι
805 878 939 933 ἡγεῖτο
957 876 1030 919 καί
1048 873 1225 932 ἀγεννὲς,
1249 877 1294 918 εἴ
1311 892 1356 930 γε
1378 877 1559 928 πολέμου

114 948 317 989 τοσούτου
348 945 657 1001 ξυνεστηκὰτος,
702 941 827 994 αὖτός
862 960 905 986 τε
935 942 1008 985 καὶ
1037 942 1058 984 ὃ
1093 943 1201 998 ἄμφ’
1229 943 1355 984 αὐτὸν
1384 940 1562 992 στρατὸς

113 1013 368 1063 λειποταξίου
398 1011 560 1064 ἁλοῖεν,
600 1007 755 1060 δόξοιὲν
779 1025 823 1051 τε
847 1009 907 1066 τῷ
923 1010 1002 1061 μὲν
1023 1006 1126 1065 ἔργῳ
1159 1009 1340 1049 δεδιέναι
1366 1005 1462 1056 τοὺς
1485 1022 1561 1048 πο-

113 1076 304 1131 λεμίους,
331 1076 486 1131 σκῆψιν
509 1077 556 1117 δέ
576 1092 670 1117 τινα
691 1073 767 1116 καὶ
782 1073 1065 1131 προκάλυμμα
1093 1075 1165 1128 τῆς
1191 1073 1347 1122 δειλίας
1367 1070 1444 1127 τήν
1463 1073 1563 1128 περί

63 1140 188 1194 ,ὄτόν
209 1142 416 1184 τεθνεῶτα
443 1135 610 1183 εὔνοιαν
631 1142 895 1196 πεποιῆσθαι.
925 1133 1078 1181 οὔκουν
1093 1139 1263 1194 ἠρεμεῖν
1280 1134 1560 1191 ἀνασχόμενος

112 1205 312 1262 ἐσήμαινε
333 1207 390 1264 τῷ
414 1207 567 1263 Ναρσῇ
589 1202 823 1260 ἀναμένειν,
850 1204 906 1254 ὥς
931 1203 1006 1246 καί
1022 1204 1163 1245 αὖτῶν
1199 1199 1293 1245 ὅσον
1327 1196 1443 1244 οῧπω
1473 1219 1559 1243 πα-

110 1275 359 1328 ρεσομὲνων·
383 1271 477 1327 ὅδὲ,
500 1274 675 1324 μενετέα
695 1274 775 1325 μὲν
795 1268 870 1313 οὗκ
895 1269 991 1327 ἔφη,
1017 1268 1210 1325 μελήσειν
1225 1271 1280 1329 ’δὲ
1301 1265 1412 1322 ὅμως
1443 1265 1557 1327 αὐτῷ

111 1332 223 1388 ὅπως
248 1332 300 1380 ἂν
323 1338 368 1379 ἐν
391 1338 524 1379 δέοντι
543 1336 617 1379 καί
637 1337 724 1378 οἵδε
743 1338 937 1388 τάξαιντο
950 1369 963 1389 ,
991 1338 1031 1378 εἰ
1048 1334 1121 1377 καὶ
1143 1335 1265 1392 ὀλίγῳ
1288 1332 1464 1391 ὕστερον
1483 1334 1592 1376 rii-C

84 1398 88 1406 ¹
106 1417 227 1455 χοιεν
262 1401 496 1459 ἀφιγμένοι·
525 1400 564 1443 οἱ
592 1403 671 1456 μὲν
698 1396 776 1443 οὖν
809 1397 998 1458 Ἔρουλοι
1019 1395 1070 1442 εὖ
1097 1399 1212 1455 μάλα
1244 1402 1555 1454 ἐξωπλισμένοι,

56 1466 358 1524 Ἇοὲπορεύοντο
384 1467 517 1523 βάδην
547 1469 592 1509 ἐν
617 1467 768 1525 κόσμῳ.

219 1533 268 1589 η’.
326 1535 498 1589 Ναρσῆς
527 1534 574 1574 δὲ
595 1531 687 1575 ἐπεὶ
708 1534 753 1574 ἐν
771 1532 966 1590 τῷχοὲρτέ)
991 1530 1188 1587 ἐγεγόνει,
1217 1525 1268 1573 οὗ
1296 1529 1346 1587 δὴ
1370 1532 1555 1584 συμπλέ-

105 1601 256 1642 κεσθαι
278 1597 468 1653 ἔμελλεν,
499 1595 650 1641 αὖτίκα
677 1600 720 1648 ἐς
744 1597 935 1655 φάλαγγα
964 1599 1142 1653 καθίστη
1169 1595 1238 1640 τὸν
1266 1595 1448 1654 στρατὸν
1483 1599 1557 1639 καί

203 1679 231 1702 ι.
259 1666 456 1712 φρονῶντι
480 1667 532 1708 R.,
550 1665 661 1714 Lugd.
680 1677 745 1711 pro
763 1670 933 1712 φονῶντι
952 1678 1042 1702 corr.
1062 1667 1100 1699 in
1115 1677 1183 1712 mg.
1204 1666 1425 1711 φρονοῦντι.
1450 1664 1552 1697 Vulc.

196 1713 358 1759 praefert
383 1715 565 1759 φονῶντι.
659 1715 691 1749 5.
718 1710 977 1760 α’πόμαχοι-
990 1711 1088 1746 οὕτω
1111 1723 1191 1750 πως
1211 1724 1278 1746 om.
1298 1714 1334 1744 R.
1407 1724 1437 1757 7.
1457 1709 1550 1743 α’να-

198 1758 339 1804 βοήσας
362 1761 424 1803 Β.,
447 1759 587 1804 βοήσας
607 1761 702 1807 vulg.
823 1773 876 1798 12.
902 1760 1000 1794 Suid.
1034 1771 1059 1793 s.
1085 1769 1115 1792 V.
1145 1760 1403 1798 λειποταξίουε
1439 1755 1551 1794 αὐτός

193 1815 239 1852 γε
259 1807 333 1840 καὶ.
431 1810 481 1842 13.
509 1806 615 1848 δόξαι
634 1810 671 1842 R.
770 1809 821 1845 18·
848 1807 1064 1846 τετᾶξαιντο
1092 1807 1130 1839 R.

102 1868 143 1899 et
155 1863 415 1905 iactabundus,
449 1869 486 1898 et
516 1865 660 1899 caedem
684 1866 836 1910 spiranti
864 1865 992 1896 similis
1017 1866 1260 1907 permaneret,
1291 1861 1422 1895 Narses
1442 1861 1550 1895 licto-

91 1910 278 1950 ·ribus‚ut
292 1922 375 1943 eum
394 1911 626 1951 interficiant,
646 1911 811 1955 mandat5
838 1915 947 1955 atque
969 1909 998 1941 is
1014 1909 1159 1954 quidem
1177 1920 1260 1942 ense
1274 1909 1337 1941 ilia
1357 1909 1549 1953 perfossus,

105 1955 256 1991 interiit.
304 1955 523 1990 Herulorum
553 1965 637 1990 vero
665 1958 795 1999 turba,
831 1961 962 2002 utpote
981 1955 1150 1996 barbari,
1180 1955 1353 1988 dolebant
1378 1956 1550 1988 moleste-

103 2013 174 2048 que
197 2001 237 2036 id
253 2001 440 2043 ferebant,
472 2007 509 2036 et
532 2014 553 2036 a
579 2005 720 2049 proelio
749 2015 787 2038 se
811 2003 1014 2037 subducere
1043 2002 1260 2035 statuebant.
1309 2001 1437 2035 Narses
1449 2012 1547 2040 vero,

101 2048 173 2083 hoc
186 2054 291 2094 pacto
309 2047 418 2082 caede
437 2048 594 2094 expiata,
623 2055 659 2084 et
679 2051 724 2084 de
745 2050 887 2085 Herulis
906 2060 1032 2094 parum
1051 2049 1246 2089 sollicitus,
1270 2049 1308 2082 in
1324 2048 1436 2081 aciem
1459 2060 1549 2093 pro-

102 2106 264 2140 gressus,
299 2094 412 2130 edixit
439 2096 625 2130 universae
655 2096 884 2131 multitudini
914 2101 951 2130 et
973 2096 1231 2140 proclamavit,
1266 2101 1307 2128 ut
1337 2094 1544 2141 quicunque

100 2141 274 2176 victoriae
294 2141 472 2188 particeps
492 2154 568 2176 esse
586 2144 714 2186 vellet,
737 2156 810 2178 una
829 2142 949 2177 secum
968 2148 1197 2188 sequeretur;
1225 2152 1339 2188 usque
1364 2141 1453 2175 adeo
1477 2141 1542 2174 ille

103 2192 226 2233 aperte
255 2187 368 2222 divini
387 2189 544 2224 numinis
567 2191 703 2224 auxilio
734 2196 811 2224 erat
832 2191 963 2230 fretus,
996 2194 1032 2221 et
1050 2189 1162 2222 veluti
1185 2188 1229 2221 ad
1252 2200 1327 2221 rem
1347 2194 1453 2221 antea
1479 2187 1540 2220 di-

101 2233 296 2268 iffllicatam
315 2235 518 2270 accedebat.
577 2237 729 2271 Sindual
750 2243 869 2272 autem
898 2235 1116 2270 Herulorum
1145 2235 1217 2268 dux
1238 2240 1344 2280 turpe
1368 2233 1542 2281 quiddam

101 2285 140 2314 et
156 2291 326 2326 generoso
353 2282 472 2316 animo
502 2282 691 2330 indignum
717 2283 908 2324 censebat,
943 2283 973 2316 si
994 2286 1097 2315 tanto
1123 2282 1262 2326 proelio
1291 2282 1461 2327 utrinque
1482 2282 1541 2313 in·-

101 2332 257 2367 structo,
291 2327 368 2372 ipse
383 2329 517 2374 pariter
544 2336 581 2364 et
609 2331 663 2364 sui
684 2330 900 2365 desectionis
923 2329 1240 2371 insimularentur;
1272 2333 1309 2361 et
1331 2327 1540 2361 viderentur

99 2384 139 2406 τε
164 2372 311 2419 quidem
327 2374 403 2419 ipsa
433 2375 553 2410 hostes
574 2377 850 2420 reformidasse3
874 2374 1102 2410 formidinem
1123 2386 1208 2408 vero
1228 2386 1327 2408 suam
1349 2379 1538 2419 praetextu

99 2418 374 2454 benevolentiae
399 2432 479 2467 erga
500 2429 679 2457 mortuum
707 2425 886 2469 palliasse.
955 2422 1192 2468 Nequaquam
1219 2421 1344 2467 itaque
1367 2421 1539 2465 conquie-

98 2476 197 2500 scere
217 2467 417 2508 sustinens,
442 2468 583 2503 Narseti
607 2471 802 2516 significat,
830 2470 1011 2515 operiatur
1034 2480 1092 2509 se,
1123 2473 1250 2513 utpote
1280 2467 1424 2500 iamiam
1457 2477 1536 2499 cum

98 2513 172 2546 ⁸¹¹1ss
196 2513 446 2551 adventurum.
492 2515 619 2550 Nar-ses
638 2528 720 2551 vero
740 2529 777 2551 se
798 2516 946 2563 quidem
966 2527 1039 2549 non
1059 2515 1361 2560 praestolaturum
1386 2523 1536 2557 respon-

96 2557 169 2599 δὴ,
194 2565 398 2596 curaturum
423 2565 566 2604 tamen,
586 2568 629 2598 ut
644 2569 682 2598 et
699 2564 771 2609 ipsi
789 2576 852 2598 suo
872 2563 910 2596 in
929 2562 1004 2596 acie
1028 2562 1108 2595 loco
1134 2561 1347 2594 ordinentur
1361 2585 1370 2599 ‚
1396 2557 1535 2591 etiamsi

97 2605 205 2657 pffulo
224 2607 336 2648 serius
361 2607 583 2643 advenerint.
630 2609 757 2644 Heruli
781 2611 905 2657 itaque
932 2609 1067 2656 optime
1095 2608 1245 2648 armati,
1276 2606 1445 2651 b⁰¹¹0q¹¹e
1472 2616 1533 2638 ΟΥ·

96 2646 184 2684 ‹lme
203 2652 300 2686 ocius
320 2653 575 2698 procedebant.

187 2693 226 2737 8.
272 2696 401 2736 narses
427 2707 546 2737 autem
573 2713 656 2739 cum
678 2702 726 2738 ad
744 2702 863 2739 locum
879 2701 1125 2749 pervenisset,
1151 2700 1215 2735 ubi
1234 2696 1530 2734 committendum
