1832 3152
336 131 446 197 244
916 140 1187 184 AGATmAE

155 259 241 294 ΑΕ.
255 258 321 294 556
335 246 425 303 ρίου
446 247 577 296 θέσιν,
606 242 662 291 ῶς
684 237 826 284 οἷόντε
850 235 902 295 ἦν
913 242 956 282 ἒν
971 241 1114 298 σκότῳ,
1131 237 1279 297 ἄριστα
1293 242 1564 298 ἒπεφριίσατο,
1592 240 1662 284 καί
1673 238 1739 284 ὅτι

197 299 224 338 Ἰ.
239 307 263 338 Ι.
279 307 322 340 30
337 312 386 352 οὔ
404 310 568 355 πλείους
597 303 626 361 ἢ
653 303 755 346 ὄκτῶ
789 299 934 359 ἄνδρες
965 305 1183 358 ἐτετάχατο
1214 308 1257 355 ἐς
1289 305 1336 347 τὸ
1371 312 1639 347 κατασκοπεῖν
1668 306 1740 360 τὴν

337 369 483 415 ἄνοδον
513 369 586 412 καί
616 365 920 424 διαφυλάττειν.
985 371 1115 409 ταῦτα
1145 368 1280 410 τοίνυν
1310 366 1471 411 ἅπαντα
1504 367 1741 422 καταγνούς,

290 434 482 480 Βαῦτίκα
520 434 798 488 ὖπαναχωρεῖ,
827 431 898 472 καί
927 433 984 488 τῷ
1013 434 1223 487 στρατηγῷ
1251 435 1401 475 ἕκαστα
1432 432 1668 488 διαγορεύει.
1720 431 1742 475 ὅ

334 504 380 544 δὲ
409 499 518 556 ἥσθη
548 516 593 540 τε
617 493 718 551 ἄγαν
745 498 799 553 τῷ
820 496 1066 549 ἆγγέλματι,
1095 495 1167 537 καὶ
1193 499 1266 550 τῆς
1286 496 1480 551 ἐπιούσης
1510 496 1649 545 νυκτὸς
1668 493 1767 542 εἴν-5

334 568 436 621 δρας
458 563 603 606 ἑκατὸν
623 559 920 613 ἀπολεξάμενος
945 559 1142 612 ἆλκιμους
1165 576 1207 601 τε
1231 560 1303 601 καί
1327 559 1596 616 θαρραλέους,
1615 560 1742 603 ἔστει-

331 636 399 673 λεν
425 631 494 670 ἐπὶ
516 627 590 683 τὴν
610 626 771 682 ἔφοδον,
800 622 1181 679 κατασκοπησοντάς
1207 640 1251 665 τε
1285 623 1358 666 τὸν
1372 628 1524 680 χῶρον,
1551 625 1624 666 καὶ
1652 628 1743 668 ἐπι-

329 693 582 749 θησομένους
613 688 691 746 ὅπῃ
720 688 919 745 παρείκοι.
956 687 1090 743 εἴρητο
1124 689 1169 729 δὲ
1197 688 1363 740 αὐτοῖς,
1389 686 1742 742 ἑπειδὰνβεβαιό-

329 775 435 800 τατα
456 757 662 810 ἆναβαῖεν,
691 753 780 796 τότε
816 752 865 807 δὴ
897 753 1110 807 σημαίνειν
1135 754 1185 809 τῇ
1204 752 1414 806 σάλπιγγι,
1452 750 1555 794 ὥστε
1580 752 1743 794 καὶτοῦ

330 818 456 863 ἄλλου
485 821 664 875 στρατοῦ
697 820 752 875 τῷ
776 820 901 870 τείχει
926 816 1254 873 προσβάλλοντος
1280 814 1531 871 ἑκατέρωθεν
1550 815 1648 866 τούς
1668 833 1793 862 πο-ιο

328 885 494 938 λεμίους
514 886 820 938 διακυκηθῆναι.
1643 899 1646 900 ’

435 949 492 1003 ιή.
540 949 587 990 Ὁ
614 949 692 1000 μὲν
718 942 791 988 οὖν
824 946 986 994 Ἰλλοῦς
1014 946 1368 1002 προπορευόμενος
1399 947 1534 1001 ἡγεῖτο
1563 949 1643 988 τῶν
1667 946 1740 988 ἆν-

327 1014 436 1069 δρῶν
465 1015 508 1060 ἐς
542 1010 616 1065 τὴν
650 1011 876 1063 ἀνάβασιν,
915 1010 973 1058 αῖς
1002 1006 1080 1064 ἤδη
1114 1011 1229 1067 αὐτῷ
1250 1013 1300 1066 τῇ
1331 1011 1450 1067 πείρᾳ
1483 1010 1555 1057 καὶ
1577 1013 1741 1063 διεγνω-

326 1079 491 1130 σμένην.
543 1077 678 1115 εἵπετο
708 1076 753 1115 δὲ
781 1072 912 1122 εὐθὺς
949 1077 1078 1128 Ζίπερ
1115 1072 1136 1114 ὅ
1171 1075 1462 1129 Μαρκελλίνου
1494 1074 1739 1130 δορυφόρος,

326 1143 397 1182 καί
420 1141 509 1192 μετ’
530 1141 679 1179 ἐκεῖνον
702 1137 902 1186 Λεόντιος
933 1136 956 1177 ὅ
974 1139 1245 1191 Δαβραγέζου
1259 1171 1272 1190 ,
1310 1140 1383 1180 καί
1401 1141 1465 1180 ἐπ’
1497 1139 1612 1195 afim?
1634 1138 1789 1187 Θεό-,5

328 1207 458 1259 δωρος
489 1204 511 1243 ὅ
534 1205 615 1244 τῶν
649 1203 837 1253 Τζάννων
869 1199 1103 1256 ταξίαρχος·
1139 1201 1211 1243 καί
1233 1199 1362 1250 οὕτως
1390 1200 1483 1256 ἑξῆς
1504 1199 1679 1249 ἅπαντες
1699 1201 1739 1242 οἱ

204 1278 237 1312 Ρ.
253 1265 446 1316 mmmm
476 1264 670 1321 ἀνήγοντο
699 1263 920 1320 στοιχηδὸν
945 1264 1134 1320 ἀλλήλοις
1169 1269 1542 1322 παρομαρτοῦντες.
1584 1261 1663 1320 ἤδη
1691 1267 1739 1306 δὲ

325 1329 464 1374 αὐτῶν
495 1330 600 1385 ὑπὲρ
625 1329 670 1371 τὸ
691 1331 936 1382 μεσαίτατον
958 1329 1242 1383 ἐληλυθότων,
1279 1328 1422 1386 ἑώρων
1449 1328 1562 1382 μάλα
1594 1331 1740 1384 σαφῶς

326 1394 366 1436 οἱ
397 1395 708 1450 προτεταγμένοι
740 1392 815 1447 τήν
849 1409 893 1434 τε
934 1392 1070 1448 πυρὰν
1106 1395 1188 1434 τῶν
1217 1395 1411 1449 φρουρῶν
1443 1393 1739 1446 ἀναπτομένην,

326 1458 397 1500 καὶ
418 1456 569 1506 αὐτούς
591 1457 647 1505 ὥς
664 1456 934 1512 πλησιαίτατα
954 1461 1330 1508 κατακεκλιμένους·
1365 1460 1439 1498 καί
1469 1455 1507 1497 οἱ
1529 1458 1608 1509 μὲν
1635 1452 1790 1504 &adzo

328 1524 567 1578 περιφανῶς
596 1520 847 1574 ἐκάθευδον,
891 1520 963 1562 καὶ
1000 1520 1298 1575 ὖπορέγχοντες
1320 1519 1488 1562 ἔκειντο.
1527 1517 1586 1569 εἷς
1613 1521 1661 1562 δέ
1691 1536 1737 1574 γε

323 1587 448 1641 μόνος
482 1589 546 1628 ἐπ’
567 1586 746 1639 ἀγκῶνος
773 1585 1080 1640 ἐρηρεισμένος,
1129 1581 1264 1639 ὥσπερ
1299 1582 1527 1640 ἐγρηγορώς
1557 1586 1736 1626 διετέλει.

417 1670 447 1703 7.
469 1655 537 1698 τὴν
558 1655 686 1702 χώραν
710 1657 748 1688 Β.
821 1657 853 1690 8.
886 1653 956 1700 ὅπῃ
983 1657 1043 1695 R„
1067 1653 1158 1688 ὅποι
1179 1656 1270 1700 vulg.
1347 1667 1394 1690 ιι.
1409 1655 1677 1701 διακυγηθῆναι
1694 1657 1735 1691 R.

420 1706 468 1737 13.
483 1703 530 1739 αἷς
553 1702 631 1734 add.
656 1712 699 1733 ex
724 1703 761 1734 R.
854 1702 904 1738 15·
919 1701 1198 1746 ΔαβραγέζουΒ.
1218 1700 1255 1736 h.
1277 1701 1299 1733 1.
1323 1707 1359 1734 et
1381 1713 1472 1742 mox,
1497 1700 1734 1747 Δαβραγᾶζου

414 1749 508 1793 vulg,
603 1748 654 1781 16.
679 1746 716 1778 οἱ
738 1745 843 1779 ἄλλοι
866 1747 945 1779 add.
969 1758 1012 1779 ex
1031 1748 1070 1781 R.
1175 1757 1228 1781 20.
1252 1748 1316 1779 καὶ
1340 1745 1476 1785 αὐτοὺς
1501 1749 1540 1781 Β.
1564 1752 1601 1780 et
1622 1745 1732 1792 Lugd.

413 1805 493 1838 mg,
525 1793 589 1826 καὶ
611 1792 660 1828 ὥς
685 1789 821 1828 αὐτοῦς
844 1793 936 1837 vulg.

324 1885 441 1924 situm,
467 1888 636 1929 quantum
660 1885 698 1918 in
729 1881 887 1916 tenebris
920 1881 999 1915 fieri
1027 1886 1179 1926 poterat,
1213 1883 1346 1925 optime
1372 1881 1628 1926 contemplatus
1652 1887 1706 1916 est
1723 1908 1734 1924 ,

324 1929 491 1974 quodque
516 1941 588 1962 non
607 1930 740 1974 plures,
765 1939 872 1973 quam
898 1933 977 1961 octo
1003 1929 1070 1960 viri
1089 1933 1206 1960 essent
1229 1928 1391 1960 collocati
1408 1927 1453 1960 ad
1477 1927 1733 1962 observandum

324 1975 568 2020 tuendumque
581 1985 772 2007 ascensum.
798 1973 861 2006 His
874 1973 1044 2019 ‚inquam,
1057 1973 1220 2006 omnibus
1233 1974 1394 2017 cognitis,
1405 1974 1524 2006 statim
1535 1973 1731 2014 descendit,

325 2026 361 2053 et
383 2021 561 2063 praefecto
596 2021 734 2064 singula
759 2019 926 2062 exponit;
953 2019 1027 2063 qui·
1045 2018 1191 2063 quidem
1215 2029 1426 2062 magnopere
1450 2030 1492 2052 eo
1525 2020 1654 2051 nuntio
1680 2025 1734 2052 est

325 2067 460 2110 gavisus
493 2071 530 2098 et
561 2071 664 2097 nocte
695 2066 854 2108 proxime
888 2069 1059 2109 sequente
1092 2063 1246 2096 delectos
1274 2070 1412 2097 centum
1445 2065 1554 2097 fortes
1579 2075 1619 2096 ac
1641 2069 1731 2098 stre-

324 2122 414 2143 nuos
437 2112 529 2143 viros
555 2111 599 2142 ad
623 2111 757 2143 aditum
780 2110 882 2141 illum
905 2110 1019 2148 misit,
1053 2109 1116 2153 qui
1153 2110 1418 2153 specularentur
1441 2111 1579 2150 locum,
1614 2110 1730 2154 impe-

325 2161 484 2200 tumque,
499 2156 640 2200 quando
662 2167 716 2188 res
741 2156 790 2187 ita
815 2155 936 2194 ferret,
957 2154 1122 2187 facerent.
1170 2154 1352 2188 Mandavit
1373 2160 1489 2188 autem
1508 2156 1565 2196 iis,
1589 2161 1629 2188 ut
1654 2167 1733 2188 cum

327 2202 395 2233 iam
421 2202 613 2234 certissime
638 2199 936 2239 conscendissent,
964 2199 1050 2232 tuba
1071 2199 1207 2243 signum
1231 2200 1372 2241 darent,
1397 2206 1437 2234 ut
1462 2202 1569 2234 etiam
1591 2201 1729 2246 reliquo

326 2248 483 2280 exercitu
511 2247 547 2279 in
570 2258 708 2280 murum
734 2246 902 2286 irruente,
926 2245 1045 2278 hostes
1070 2246 1250 2290 utrimque
1274 2246 1575 2289 perturbarentur.

419 2305 469 2337 ¹8·
517 2303 602 2334 Illus
628 2302 749 2346 itaque
779 2300 990 2345 praecedens
1022 2301 1173 2333 ducebat
1198 2302 1289 2334 viros
1325 2301 1370 2334 ad
1401 2301 1536 2335 aditum
1563 2303 1632 2334 iam
1657 2301 1729 2334 sibi

326 2347 558 2391 exploratum,
605 2347 751 2380 Secutus
783 2357 865 2379 vero
897 2348 1015 2379 statim
1049 2352 1102 2379 est
1134 2347 1234 2390 Ziper
1264 2347 1463 2380 Marcellini
1496 2348 1656 2387 satelles,
1693 2351 1730 2379 et

325 2393 370 2424 ab
395 2393 458 2425 illo
481 2393 718 2437 Dabragesus,
747 2396 783 2424 et
814 2397 896 2435 post
920 2393 1021 2424 illurn
1043 2391 1251 2425 Theodorus
1276 2394 1470 2426 Zannorum
1495 2393 1588 2432 dux,
1621 2397 1728 2436 atque

324 2439 374 2470 ita
397 2437 565 2483 deinceps
589 2448 710 2471 omnes
743 2438 898 2469 seriatim
922 2448 998 2470 sese
1033 2443 1154 2470 mutuo
1193 2439 1440 2482 sequebantur.
1489 2438 1576 2471 Cum
1609 2442 1727 2470 autem

324 2484 394 2515 iam
423 2483 468 2516 ad
499 2485 612 2528 ipsum
640 2482 795 2516 medium
823 2488 965 2515 ventum
997 2488 1089 2516 esset
1112 2508 1121 2522 ‚
1159 2489 1278 2527 aperte
1310 2484 1499 2517 admodum
1534 2483 1729 2526 conspicati

325 2534 408 2561 sunt
439 2530 502 2574 qui
561 2530 670 2562 riores
695 2533 807 2568 erant,
835 2529 1080 2561 excubitorum
1096 2530 1213 2573 ignem
1227 2540 1423 2570 accensum,
1446 2534 1481 2562 et
1500 2529 1595 2572 ipsos
1621 2539 1727 2572 quam

323 2575 485 2617 proxime
522 2541 802 2614 ‹Recumhentes3
837 2584 856 2605 e
891 2574 1020 2620 quibus
1064 2580 1198 2618 septem
1238 2575 1382 2619 quidem
1414 2579 1534 2618 aperte
1570 2573 1725 2606 dormie-

291 2643 300 2655 ,
324 2619 423 2658 bant,
450 2624 486 2651 et
509 2625 695 2653 stertentes
721 2619 893 2660 iacebant,
926 2630 1015 2652 unus
1049 2625 1165 2652 autem
1198 2621 1291 2652 solus
1324 2621 1444 2653 cubito
1475 2619 1640 2659 innixus,
1672 2619 1727 2650 vi-

325 2665 447 2710 gilanti
476 2667 600 2699 similis
614 2691 624 2708 ‚
657 2669 778 2711 captus
804 2669 880 2700 erat
905 2670 1022 2700 tamen
1047 2666 1152 2699 etiam
1177 2667 1253 2710 ipse
1277 2676 1422 2707 somno,
1448 2665 1632 2710 capiteque
1651 2668 1726 2697 crat
