1794 3112
251 103 348 157 132
807 116 1079 160 AGAnnAE

57 229 92 263 Δ.
109 229 148 262 C.
166 228 231 272 554
242 221 363 262 στῶτι
390 213 468 271 οιῗχ
490 214 700 268 ἑπομένοις
708 247 722 268 ,
749 214 786 256 οἱ
808 218 854 257 δὲ
876 212 1026 257 αὐτίκα
1046 211 1255 267 ἆπιόντες,
1285 209 1437 273 ᾤχοντο
1462 215 1505 264 ἔς
1524 208 1646 256 ἄλλο·

101 275 344 324 1·Ῑ·28δαποὶ
371 281 442 322 καί
459 275 610 332 ἄμικτα
628 274 734 333 ἤθη,
762 278 819 327 ὥς
856 281 984 321 ἐκεῖσε
1020 279 1209 321 τολοιπὸν
1241 278 1495 333 βιωσόμενοι.
1531 278 1646 333 πρῶ-

231 362 300 389 τον
321 347 399 397 μὲν
426 339 500 385 οὖν
531 342 626 392 τούς
651 344 695 384 ἐν
726 344 833 384 τέλει
857 341 1057 393 ἀλαζόνας
1084 345 1198 396 μάλα
1225 343 1414 398 εὑρόντες
1435 343 1506 384 καί
1537 343 1644 396 πέρα

198 411 307 452 1)τοῦ
324 410 481 456 δέοντος
504 409 838 460 ἐξωγκωμένους,
875 406 1152 460 ἕβδελύττοντό
1176 423 1220 460 γε
1250 405 1398 456 αὐτοὺς
1417 405 1489 448 καὶ
1509 406 1644 448 ἐκάκι-

234 476 315 524 ζον·
351 471 492 514 ἔπειτα
516 472 562 511 δὲ
590 468 750 526 ἑώρων,
779 470 835 519 ὦς
852 470 1099 524 τοιχωρύχοι
1124 486 1168 512 τε
1201 473 1342 512 πολλοὶ
1369 472 1438 511 καὶ
1456 468 1669 512 imnodi-5

230 554 323 589 ται,
363 534 402 576 οἷ
420 537 499 587 μὲν
526 532 733 588 ἡλίσκοντο
747 568 759 587 ,
797 533 834 575 οἱ
861 535 907 574 δὲ
927 536 999 574 καί
1019 535 1304 587 διελάνθανον,
1331 531 1442 575 ἅπαν
1465 535 1511 575 δὲ
1537 529 1644 580 εἶδος

234 597 398 648 ἇδικίας
421 598 689 653 ἦμαρτάνετο.
731 596 803 638 καί
834 596 912 651 γὰρ
945 597 983 638 οἱ
1007 599 1174 638 δυνατοί
1204 597 1296 646 τοὺς
1326 598 1538 646 ἐλάττονας
1569 601 1645 638 λυ-

232 664 472 716 μαίνονται,
500 662 680 715 αἷμότητί
699 677 742 702 τε
766 663 891 717 πολλῇ
913 663 1095 716 χρῶνται
1118 665 1206 702 κατ’
1228 661 1410 715 ἀλλήλων
1427 662 1498 702 καί
1512 659 1644 702 ἄπαν-

229 726 416 784 θρωπίᾳ·
458 727 530 766 καί
556 723 599 766 τὸ
637 724 686 778 δὴ
723 725 876 766 πάντων
915 726 1271 780 παραλογώτερον·
1318 723 1406 775 ἐξὸν
1440 723 1516 778 γὰρ
1549 721 1644 764 ἑκά,-

229 808 311 848 στῳ
332 789 486 845 μυρίας
507 787 604 838 ὅσας
619 785 792 843 ἄγεσθαι
812 788 1007 842 γαμετὰς,
1037 788 1109 830 καί
1129 791 1265 830 τοίνυν
1299 789 1508 843 ἀγομένοις
1536 786 1694 828 ἆλλάῐο

227 857 416 908 μοιχεῑαί
439 869 483 907 γε
513 849 620 904 ὅμως
650 856 885 905 τολμῶνται.
934 852 1086 894 τούτων
1113 852 1161 907 δὴ
1191 849 1264 894 οὖν
1303 852 1493 894 ἁπάντων
1533 853 1647 894 ἕκατι

229 919 268 959 οἱ
291 916 510 974 φιλόσοφοι
540 918 796 973 ἐδυσφόρουν
827 919 898 958 καί
923 918 1031 973 σφᾶς
1058 916 1210 966 αὐτούς
1227 918 1400 974 ᾐτιῶντο
1427 918 1499 972 τῆς
1520 931 1645 968 μετα-

228 983 424 1032 στάσεως.

335 1053 413 1094 λα’.
461 1047 582 1095 Ἐπεί
607 1053 653 1093 δὲ
676 1051 747 1094 καί
774 1054 832 1109 τῷ
861 1056 1029 1106 βασιλεῖ’
1061 1054 1347 1106 διαλεχθέντες
1375 1048 1643 1106 ἐψεύσθησαν

128 1129 162 1162 Ρ.
175 1119 302 1173 Ἰοτῆς
329 1116 514 1168 ἐλπίδος,
565 1112 696 1172 ἄνδρα
730 1116 917 1172 εὑρόντες
949 1121 1187 1173 φιλοσοφεῖν
1219 1119 1298 1169 μὲν
1328 1115 1696 1172 φρυαττόμενον,15

227 1182 347 1223 οὐδὲν
365 1182 410 1221 δὲ
431 1177 467 1232 ὅ,
487 1198 526 1221 τι
551 1180 623 1221 καί
648 1183 839 1222 ἐπαΐοντα
859 1183 940 1222 τῶν
977 1184 1221 1235 αἰπυτέρων,
1250 1177 1308 1222 ὅτι
1320 1197 1362 1222 τε
1391 1181 1531 1230 αὐτοῖς
1549 1177 1644 1222 οὐδὲ

226 1246 297 1300 τῆς
319 1242 435 1298 δόξης
461 1243 689 1296 ἐκοινώνει,
718 1247 836 1299 ἕτερα
870 1246 918 1285 δὲ
959 1239 1062 1285 ἄττα
1092 1245 1277 1296 ἐνόμιζεν
1309 1242 1424 1286 ὁποῖα
1458 1241 1537 1299 ἤδη
1570 1260 1644 1298 μοι

226 1308 405 1363 εἴρηται,
433 1305 507 1361 τήν
534 1323 576 1348 τε
595 1310 675 1348 τῶν
701 1309 853 1359 μίξεων
879 1310 1196 1360 κακοδαιμονίαν
1221 1308 1294 1349 οὐκ
1315 1307 1560 1362 ἐνεγκόντες,
1588 1307 1647 1358 ὥς

226 1373 402 1425 τάχιστα
431 1370 672 1427 ἐπανῄεσαν.
711 1375 842 1413 καίτοι
868 1371 1028 1426 ἔστεργέ
1057 1387 1102 1413 τε
1127 1371 1275 1421 αὐτοὺς
1303 1375 1454 1422 ἐκεῖνος
1483 1373 1556 1414 καὶ
1566 1375 1646 1428 μέ..

226 1452 311 1478 νειν
329 1434 461 1489 ἠξίου,
490 1434 526 1476 οἱ
550 1436 595 1476 δὲ
615 1429 778 1487 ἄμεινον
796 1432 901 1477 εἶναι
921 1437 1064 1490 σφίσιν
1083 1436 1264 1490 ἡγοῦντο,
1289 1435 1500 1490 ἐπιβάντες
1515 1435 1697 1490 μόνοναο

318 1553 347 1574 2.
377 1541 506 1585 πρῶτα
539 1539 575 1571 R.
739 1539 773 1582 4.
804 1539 1086 1585 ἑξωγκωμένους
1120 1540 1157 1573 R.
1186 1543 1223 1573 et
1251 1540 1384 1585 Lugd.‚
1415 1542 1538 1586 ἐξογκ.
1562 1543 1643 1578 edd.

317 1585 454 1622 αὐτοῦς
491 1587 528 1618 Β.
569 1585 698 1630 (CL),
743 1582 868 1626 αὐτὸν,
924 1587 1161 1630 superscripto
1206 1587 1255 1627 ὥ,
1293 1587 1403 1631 Lugd.
1442 1593 1479 1620 et
1519 1590 1557 1621 in
1574 1600 1641 1633 mg.

319 1629 468 1671 αὐτοὺς,
516 1629 633 1664 αὐτὸν
673 1631 754 1664 edd.
924 1632 955 1664 5.
988 1630 1027 1665 δὲ
1057 1632 1138 1664 add.
1170 1642 1213 1664 ex
1250 1633 1288 1665 R.
1475 1634 1508 1666 6.
1539 1631 1642 1668 ἅπαν

319 1677 359 1711 δὲ
391 1679 454 1717 Β.,
499 1677 602 1710 ἅπαν
637 1686 674 1708 τε
711 1677 833 1721 Lugd„
854 1675 1013 1713 ἅπαντες
1048 1677 1126 1710 edd.
1265 1687 1295 1720 7.
1321 1679 1563 1723 λυμαίνονται
1588 1681 1640 1720 Β.,

318 1723 559 1768 ἐλυμαίνοντο
584 1723 678 1766 vulg.
813 1734 844 1766 9.
871 1722 989 1760 ἔξεστι
1012 1723 1052 1760 Β.
1146 1722 1195 1766 ι4.
1219 1721 1439 1766 ψεύσθησαν
1461 1725 1499 1756 R.

227 1823 432 1864 medan-ent,
465 1823 509 1856 ad
543 1821 744 1865 peregrinas
790 1821 961 1866 nullaque
994 1833 1129 1855 morum
1159 1823 1396 1857 similitudine
1432 1825 1637 1858 coniunctas

230 1875 351 1915 gentes
374 1880 448 1902 sese
467 1869 716 1906 contulerunt,
742 1872 911 1911 tanquam
932 1867 984 1899 ibi
1013 1868 1179 1911 deinceps
1199 1869 1336 1902 victuri.
1383 1871 1535 1902 Primum
1562 1871 1633 1903 ita-

231 1927 300 1961 que
322 1926 400 1947 cum
428 1926 500 1954 eos,
520 1913 582 1958 qui
602 1914 638 1945 in
661 1912 836 1956 dignitate
861 1912 979 1956 aliqua
997 1914 1054 1946 vel
1077 1916 1278 1958 magistratu
1312 1916 1496 1948 constituti
1522 1921 1636 1955 erant,

228 1961 330 1993 valde
371 1961 543 1992 fastuosos
581 1959 778 2002 animisque
812 1968 915 2000 supra
945 1959 1087 1991 modum
1127 1961 1226 1992 elatis
1258 1971 1332 1993 esse
1370 1962 1634 2004 comperissent,

230 2006 498 2039 detestabantur
523 2016 581 2038 eos
599 2009 703 2048 atque
725 2003 990 2048 improbabant3
1017 2009 1139 2048 postea
1166 2007 1487 2039 animadverterunt
1503 2007 1634 2040 multos

228 2053 404 2095 parietum
425 2051 639 2095 perfossores
658 2055 694 2082 et
707 2055 912 2094 grassatores
935 2060 974 2081 ac
994 2050 1086 2082 fures
1105 2052 1233 2094 partim
1249 2051 1481 2094 deprehendi,
1505 2052 1634 2095 partim

230 2099 364 2137 latere,
388 2107 596 2140 omnemque
621 2096 818 2128 iniustitiae
841 2095 993 2138 speciem
1018 2097 1144 2139 vigere.
1193 2097 1410 2130 Potentiores
1441 2097 1535 2130 enim
1561 2107 1632 2141 ,op-

229 2144 389 2187 primunt
408 2143 595 2175 inferiores
608 2166 617 2181 ,
641 2142 857 2184 multamque
877 2141 971 2173 inter
986 2151 1021 2172 se
1040 2141 1283 2174 crudelitatem
1303 2148 1410 2187 atque
1430 2141 1634 2175 inhumani-

230 2194 338 2220 tatem
363 2193 545 2228 exercent3
571 2192 627 2226 et,
661 2186 758 2230 quod
788 2185 950 2218 omnibus
993 2191 1047 2218 est
1078 2187 1287 2227 absurdius,
1323 2199 1402 2220 cum
1439 2188 1635 2232 unicuique

230 2234 438 2278 permissum
459 2233 506 2266 sit
522 2237 577 2265 tot
591 2243 630 2264 ac
645 2233 759 2264 velint
777 2242 902 2263 uxores
931 2230 1057 2264 ducere
1070 2257 1078 2271 ‚
1103 2238 1138 2264 et
1162 2233 1231 2264 inm
1252 2233 1441 2274 duxerint,
1465 2233 1509 2266 ab
1531 2233 1634 2267 adul-

232 2279 330 2312 teriis
356 2284 473 2311 tamen
499 2290 572 2310 non
606 2277 795 2309 abstinent.
844 2276 906 2308 His
926 2276 1046 2321 itaque
1069 2278 1233 2310 omnibus
1259 2278 1302 2310 de
1327 2279 1439 2312 causis
1472 2277 1634 2323 philoso-

230 2325 293 2369 phi
317 2335 450 2356 summa
482 2324 591 2356 animi
612 2322 833 2367 aegritudine
859 2322 974 2354 affecti
1006 2333 1042 2355 se
1066 2323 1135 2366 ipsi
1160 2324 1381 2368 migrationis
1418 2335 1502 2357 suae
1534 2323 1634 2358 dam-

231 2369 373 2403 nabunt.

323 2434 377 2466 31.
425 2432 611 2474 Postquam
638 2440 720 2462 vero
745 2427 881 2461 collatis
907 2439 984 2461 cum
1003 2430 1081 2473 ipso
1106 2431 1212 2462 etiam
1229 2442 1310 2474 rege
1329 2429 1547 2464 sermonibus
1571 2438 1634 2473 spe

234 2489 295 2511 sua
314 2482 432 2511 essent
460 2476 638 2514 frustrati,
669 2475 918 2518 hominemque
948 2475 1200 2518 comperissent
1219 2475 1467 2520 philosophiae
1489 2474 1634 2520 quidem

235 2524 393 2557 studium
416 2523 603 2555 iactantem
619 2545 628 2560 ‚
652 2521 714 2566 qui
736 2525 853 2552 tamen
869 2519 962 2552 nihil
975 2520 1089 2554 adhuc
1108 2521 1355 2554 sublimiorum
1377 2520 1546 2559 audierat,
1571 2519 1635 2552 sed

234 2579 280 2601 ne
296 2569 466 2613 opinione
489 2566 632 2612 quidem
650 2577 727 2598 cum
745 2565 831 2608 ipsis
857 2566 1102 2607 conveniebat,
1128 2567 1208 2600 aliis
1230 2578 1312 2600 vero
1333 2565 1512 2600 nonnullis
1532 2565 1636 2597 insti-

234 2615 322 2648 tutis
348 2618 557 2652 assueverat,
580 2612 698 2656 qualia
726 2610 829 2643 modo
849 2612 1020 2654 recensui3
1044 2613 1143 2644 illam
1170 2623 1312 2658 quoque
1337 2609 1528 2656 promiscui·
1551 2620 1636 2643 con-

238 2659 378 2694 cubitus
399 2659 597 2710 vsesaniam
612 2668 684 2692 non
700 2656 872 2697 ferentes,
897 2656 1082 2695 confestim
1098 2655 1182 2692 inde
1205 2668 1242 2692 se
1260 2659 1478 2703 receperunt.
1525 2653 1635 2700 Atqui
