1794 3112
499 134 872 180 ms’romAnnM
913 138 985 178 111.
1017 137 1084 183 15.
1441 134 1461 171 ι
1474 115 1542 190 73

107 242 182 297 τῆς
200 238 389 296 medae,
417 236 488 294 ἐφ’
510 231 613 294 ᾗπερ
642 239 715 280 καί
737 235 924 280 ἔσταλτο.
963 236 1140 294 χρυσίον
1165 235 1246 292 γάρ
1268 238 1314 280 ἐκ
1340 235 1545 291 βασιλέως
1563 233 1732 271 Α.0.555

108 305 308 360 ἐκόμιζεν,
330 305 400 360 ἐφ’
413 298 448 361 ᾧ
459 309 547 352 τοῖς
575 304 810 359 προσοίκοις
821 303 1053 359 βαρβάροις
1079 301 1185 345 κατὰ
1201 303 1246 345 τὸ
1279 301 1544 356 ξυμμαχικὸν
1562 284 1590 318 Ῑ·
1605 283 1689 328 ¹·29

112 370 324 423 διανέμοι,
352 370 587 421 εἰθισμένον
613 384 659 423 γε
682 370 804 411 τοῦτο
829 370 875 410 ἐκ
897 367 1088 411 πλείστου
1112 369 1186 410 καί
1209 365 1275 410 ἄν’
1299 367 1392 417 ἔτος
1411 365 1551 422 γιγνό-

108 451 244 489 μενον.
281 436 444 477 εἵποντο
472 435 519 476 δὲ
544 430 660 492 αὕτῷ
680 436 752 477 καί
773 436 857 476 τῶν
889 433 1053 476 παίδων
1075 433 1115 475 οῖ
1138 434 1437 490 πρεσβύτεροι,
1468 435 1551 474 Φι-

83 497 278 556 5λοίγριός
303 515 348 542 τε
377 498 450 542 καὶ
477 499 699 552 Ῥωμύλος
709 533 722 553 ,
762 499 820 549 ὦς
858 496 912 542 ἂν
940 497 1072 548 εὕθῦς
1097 495 1175 555 εἶφ’
1205 497 1348 547 ἑστίας
1372 502 1551 552 μοχθεῖν

105 568 152 609 ἒν
182 567 320 608 δέοντι
356 567 646 619 παιδευθεῖεν,
685 567 779 608 ἐπεὶ
813 567 885 607 καί
917 567 959 615 ἐς
989 562 1093 621 ἥβης
1118 565 1269 621 μέτρον
1302 559 1382 620 ἤδη
1416 560 1547 620 ἄμφω

105 631 381 686 ἕληλυθέτην,
429 629 502 672 καί
529 625 659 686 ἤστην
698 633 772 673 οἴω
814 632 1117 672 διαπονεῖσθαι.
1157 627 1180 670 ὅ
1209 627 1286 684 γὰρ
1325 627 1376 684 δὴ
1411 631 1551 685 τρίτος

107 697 268 750 αὐτῶν,
297 696 574 751 Εὖστράτιος,
604 697 648 738 ἐν
680 696 901 754 Βυζαντίῳ
934 697 1168 747 ἐλέλειπτο,
1207 695 1300 743 νέος
1321 710 1367 749 γε
1398 690 1457 736 ὢν
1489 692 1554 736 ἔτι

106 765 279 820 κομιδῇ,
308 761 381 804 καί
408 757 541 812 ἄλλως
568 759 616 803 τὸ
648 765 770 815 σῶμα
794 761 844 803 οὔ
878 761 1107 817 ῥωμαλέος.
1147 759 1205 810 ὥς
1230 761 1276 801 δὲ
1297 761 1340 808 ἐς
1362 758 1441 815 τὴν
1469 759 1553 801 τῶν
1569 771 1666 811 Ρ,9ι

60 830 378 882 ιοκαλουμένων
401 830 676 881 Μισιμιανῶν
710 827 856 883 χώραν
877 826 899 869 ὅ
921 825 1164 883 Σωτήριχος
1196 826 1368 882 ἀφίκετο
1381 858 1396 879 ,
1434 826 1479 867 οἳ
1497 823 1549 881 δὴ

117 891 312 948 κατήκοοι
343 894 422 946 μὲν
456 894 535 933 τοῦ
551 894 756 947 βασιλέως
790 894 873 934 τῶν
899 889 1080 946 Κόλχων
1117 889 1392 946 τυγχάνουσιν
1438 884 1555 940 ὅντες

113 957 306 1002 not-‘hinov
332 956 407 1000 καὶ
432 956 472 999 οἱ
515 957 727 1011 Ἀψίλιοι,
768 956 925 1015 γλώττῃ
957 959 1004 999 δὲ
1032 954 1146 1010 ὅμως
1171 958 1360 1014 χρῶνται
1394 956 1548 999 ἀποκε-

107 1024 280 1080 κριμένῃ
319 1021 392 1065 καί
423 1020 566 1075 νόμοις
585 1019 752 1079 ἑτέροις·
780 1021 864 1065 εἰσί
897 1024 945 1065 δὲ
978 1022 1127 1064 τούτου
1158 1020 1210 1078 δὴ
1235 1024 1310 1064 τοῦ
1335 1022 1548 1076 Ἀψιλάυν

107 1089 258 1143 γένους
281 1086 555 1145 βορειότεροι,
595 1086 668 1130 καὶ
694 1090 968 1144 τετραμμένοι
991 1086 1127 1144 ἢρέμα
1153 1089 1198 1137 ἐς
1222 1085 1340 1144 ἥλιον
1365 1086 1553 1129 α’νιόντα.

59 1152 250 1210 ιόἒπειδὴ
282 1149 360 1196 οὖν
387 1155 432 1203 ἐς
464 1153 612 1196 τούσδε
645 1154 946 1210 παραγέγονεν,
984 1152 1124 1196 ἔννοιά
1146 1170 1210 1203 τις
1234 1149 1391 1202 αὖτοὺς
1418 1154 1554 1208 εἰσῆλ-

107 1222 204 1272 θεν,
239 1218 298 1269 ὦς
316 1212 400 1275 ἄρα
426 1221 470 1262 ἓν
501 1236 544 1261 τι
574 1220 657 1262 τῶν
682 1222 894 1276 σφετέρων
919 1218 1138 1276 φρουρίων
1160 1219 1267 1276 ἄμφ’
1296 1217 1408 1261 αὐτοὶ
1429 1217 1480 1274 δὴ
1501 1215 1555 1260 τοὶ

107 1286 266 1336 Λαζῶν
294 1281 390 1341 ὅρια
418 1284 662 1341 ἱδρυμένον,
702 1282 726 1326 ὃ
756 1283 807 1340 δὴ
837 1283 1053 1339 Βούχλοον
1085 1281 1361 1338 ὀνομάζουσιν
1378 1317 1391 1337 ,
1431 1285 1554 1326 τοῦτο

110 1351 158 1391 δὲ
192 1345 259 1404 ὅγε
287 1348 478 1403 βούλοιτο
509 1355 596 1400 τοῖς
627 1347 820 1399 Ἀλανοῖς
852 1352 1189 1406 καταπροέσθαι,
1235 1350 1292 1398 ὥς
1319 1345 1373 1391 ἂν
1403 1348 1443 1390 οἱ
1467 1350 1550 1391 τῶν

110 1414 245 1456 ἐθνῶν
272 1415 464 1470 πρέσβεις
494 1417 578 1456 τῶν
614 1411 815 1471 ἀπωτέρω
843 1413 1080 1467 οἰκούντων,
1109 1415 1242 1456 αὐτοῦ
1275 1413 1549 1469 ἀγειρόμενοι,

59 1478 183 1523 ποτὸν
207 1476 365 1532 μισθὸν
397 1479 698 1536 ἀποφέροιντο,
748 1481 822 1522 καί
849 1478 1187 1535 μηκέτι-ἀνάγκη
1219 1495 1282 1527 τις
1321 1477 1385 1534 εἴη
1417 1480 1474 1535 τῷ
1502 1474 1554 1520 τὰ

112 1543 311 1600 χρήματα
341 1546 610 1602 παρεχομένῳ
651 1543 727 1594 τὰς
757 1547 834 1587 τοῦ
865 1546 1096 1587 Καυκάσου
1129 1550 1384 1602 περινοστεῖν
1425 1545 1579 1589 «inm-B

113 1608 255 1664 ρειἀς,
299 1611 372 1651 καί
400 1607 530 1651 αὐτὸν
562 1611 629 1652 ἐπ’
647 1610 827 1660 έκεινους
856 1612 979 1653 ἰέναι.

203 1682 235 1716 3.
258 1679 433 1727 διανέμοι
446 1683 499 1723 R„
515 1681 686 1729 διανέμει
698 1683 789 1730 vulg.
846 1694 877 1727 7.
904 1682 1026 1726 ἥσθην
1051 1683 1136 1729 Sph.
1161 1684 1234 1718 Par.
1285 1685 1315 1720 8.
1332 1682 1551 1727 Εὗστροὲτης

202 1728 255 1768 Β.,
279 1729 389 1772 Intpr.
414 1729 614 1763 Estracius.
691 1741 741 1765 ιο.
767 1729 927 1764 Misiani
958 1735 1043 1763 sunt
1067 1730 1163 1775 apud
1191 1732 1302 1774 Intpr.
1329 1735 1366 1762 ct
1391 1731 1486 1763 infra
1510 1730 1551 1764 in

201 1773 284 1808 Exc.
308 1775 390 1807 Bav.
458 1787 509 1821 ¹7·
534 1774 728 1820 Βούχλοος
752 1777 791 1810 R.
839 1789 893 1812 αι.
928 1777 994 1811 Pro
1018 1781 1259 1824 περινοστεῖν
1286 1778 1323 1810 R.
1345 1778 1448 1822 πέρι,
1485 1775 1550 1810 sed

201 1820 242 1853 in
269 1831 336 1866 mg.
353 1821 485 1868 περᾷν.
534 1833 589 1856 22.
613 1824 678 1856 καὶ
699 1820 811 1856 om.R.

111 1885 230 1916 autem
258 1882 460 1928 praefectus
485 1882 605 1916 statim
628 1883 711 1924 iter,
735 1882 781 1916 ad
805 1881 902 1929 quod
917 1883 1044 1917 missus
1070 1887 1158 1923 erat,
1175 1881 1342 1927 arripuit.
1396 1881 1549 1916 Adsere-

110 1928 174 1962 bat
196 1929 292 1962 enim
316 1929 506 1974 pecuniam
526 1940 547 1961 a
577 1940 670 1975 rege,
721 1941 803 1963 uam
828 1930 991 1964 finitimis
1030 1929 1192 1963 barbaris
1215 1929 1370 1962 bellicae
1393 1930 1550 1962 societa-

112 1975 159 2012 tis
193 1986 296 2010 causa
334 1975 584 2019 distribueret3
618 1988 690 2021 quo
750 1975 898 2022 quidem
930 1982 968 2009 et
990 1989 1010 2010 a
1033 1976 1146 2009 multo
1167 1980 1328 2020 tempore
1355 1980 1410 2008 est
1434 1976 1550 2008 usita-

112 2025 191 2054 tum
220 2026 258 2055 et
290 2021 484 2068 quotannis
509 2021 559 2055 fit.
608 2022 883 2056 comitabantur
908 2033 993 2056 vero
1020 2024 1138 2067 ipsum
1164 2033 1207 2054 ex
1241 2022 1326 2054 filiis
1360 2020 1432 2054 duo
1470 2033 1548 2054 ma-

112 2067 206 2099 iores
230 2072 338 2108 natu,
361 2067 559 2113 Philagrius
584 2073 622 2101 et
645 2069 835 2112 Romulus3
861 2074 902 2102 ut
925 2070 1046 2102 statim
1065 2069 1170 2102 domo
1196 2067 1327 2113 egressi
1353 2067 1548 2102 moderatis

112 2111 297 2146 laboribus
318 2113 581 2155 adsuescerent,
615 2115 795 2161 siquidem
820 2115 926 2148 ambo
953 2116 1022 2148 iam
1048 2127 1091 2148 ex
1117 2113 1272 2159 ephebis‘
1293 2119 1519 2148 excesserant
1535 2139 1547 2155 ‚

111 2164 150 2192 et
172 2158 290 2193 labori
314 2159 463 2194 serendo
489 2172 592 2205 pares
611 2166 724 2195 erant.
775 2162 921 2195 Tertius
948 2162 1048 2195 enim
1070 2162 1230 2202 illorum,
1246 2161 1546 2204 Eustratius‚By-

111 2205 222 2238 zantii
246 2205 390 2240 relictus
418 2212 512 2248 erat,
537 2207 635 2253 quod
660 2213 697 2241 et
715 2207 834 2241 adhuc
859 2208 1054 2241 admodum
1079 2212 1173 2241 esset
1196 2207 1359 2246 iuvenis,
1394 2212 1432 2239 et
1464 2217 1546 2240 cor—

110 2261 198 2296 pore
222 2251 368 2296 insuper
390 2264 619 2299 nequaquam
643 2253 775 2287 valido.
831 2255 1069 2300 Posteaquam
1095 2259 1218 2286 autem
1243 2252 1289 2286 ad
1314 2253 1547 2287 Misimiano-

111 2309 190 2330 rum
214 2297 389 2332 ditionem
411 2300 576 2342 pervenit
600 2300 830 2342 Soterichus‚
854 2300 934 2346 (qui
959 2300 1108 2346 quidem
1133 2298 1350 2333 Colchorum
1374 2300 1448 2344 regi
1477 2311 1546 2344 pa-

110 2349 212 2385 rent,
244 2348 286 2376 ut
318 2349 355 2378 et
392 2344 543 2388 Apsilii,
569 2346 710 2380 diversa
734 2352 854 2380 tamen
884 2353 1034 2380 utuntur
1057 2347 1182 2391 lingua
1209 2346 1364 2391 aliisque
1390 2345 1544 2391 legibus;

111 2395 197 2422 sunt
229 2401 313 2422 vero
346 2389 386 2423 hi
416 2390 634 2434 Apsiliorum
668 2398 773 2437 gente
805 2393 1026 2427 borealiores
1058 2397 1095 2426 et
1129 2391 1177 2425 ad
1208 2392 1387 2425 orientem
1430 2393 1544 2425 solem

110 2435 280 2469 nonnihil
302 2437 522 2482 vergentes,)
545 2438 590 2472 ad
618 2438 697 2479 hos,
726 2439 886 2485 inquam,
918 2451 999 2472 cum
1022 2438 1206 2479 venisset,
1231 2439 1400 2482 cogitatio
1427 2449 1543 2484 quae-

111 2481 192 2515 dam
226 2481 312 2525 ipsis
343 2482 493 2524 incidit,
528 2484 626 2530 quod
650 2486 783 2531 utique
807 2497 918 2519 unum
944 2485 1126 2531 quoddam
1150 2496 1194 2518 ex
1221 2486 1381 2529 ipsorum
1405 2496 1542 2529 propu-

110 2528 271 2572 gnaculis
306 2529 398 2561 circa
429 2529 524 2572 ipsos
552 2530 722 2565 Lazorum
747 2532 834 2565 fines
859 2533 967 2566 situm
983 2558 992 2574 ‚
1018 2531 1218 2565 Buchloum
1242 2535 1430 2570 vocatum,
1455 2531 1542 2564 Ala-

109 2574 168 2607 nis
191 2574 343 2618 prodere
365 2575 492 2615 vellet,
518 2581 558 2610 ut
587 2578 758 2621 gentium,
783 2590 876 2624 quae
910 2579 1084 2612 remotius
1109 2577 1329 2617 habitarent,
1353 2577 1461 2620 legati
1486 2576 1541 2609 ibi

110 2621 311 2665 oongregati
336 2620 516 2665 stipendia
547 2622 750 2665 deferrent,
780 2636 899 2670 neque
929 2626 1084 2670 amplius
1117 2624 1311 2657 necessitas
1337 2623 1410 2654 ulla
1435 2627 1540 2662 esset,

112 2670 172 2704 ut,
204 2667 268 2711 qui
306 2669 477 2710 pecunias
502 2666 678 2711 adferret,
705 2669 851 2706 Caucasi
874 2673 1006 2706 montis
1031 2670 1168 2706 radices
1195 2669 1419 2710 circumiret,
1443 2669 1540 2715 ipse-

110 2721 185 2756 que
210 2711 258 2746 ad
281 2713 364 2747 illos
387 2714 468 2748 iret.
