1794 3112
513 153 886 197 msTomARUM
925 158 956 197 1.
986 157 1051 201 17,
1422 133 1452 188 5
1465 153 1484 188 1

53 257 111 308 ὥς
129 256 307 312 τάχιστα
337 250 428 313 ᾔει,
469 254 619 314 μόχθῳ
650 258 696 298 δὲ
718 255 791 308 ξύν
815 258 953 315 πολλῷ
978 256 1051 298 καί
1071 249 1379 314 α’γρυπνιίιιτὴν
1413 269 1489 295 πο.-
1506 263 1547 299 Α.
1563 263 1601 296 C.
1623 264 1688 297 532

52 323 171 380 ρείαν
205 322 437 364 ἐποιοῦντο.
476 317 693 378 οἷπόμοιρα
729 320 811 379 γὰρ
841 324 922 364 τῶν
953 321 1160 379 Φράγγων
1193 317 1274 362 dvo}
1313 317 1367 362 τὰ
1399 320 1496 376 τῇδε
1510 311 1626 346 ¹·¹·²⁶

51 386 175 437 πεδία
200 385 393 443 ἐφοίτων,
416 387 543 440 χιλοῦ
564 402 610 427 τε
633 388 750 429 ἕνεκα
775 386 936 441 καὶτῆς
961 386 1088 440 λείας,
1115 384 1167 440 ἢν
1190 386 1236 426 ἐκ
1251 386 1335 426 ταῖν
1358 381 1499 440 ἇγραῖν

51 448 308 510 ἆᾲὸῃροῦντο.
347 449 509 507 νύκτωρ
539 453 763 509 τοιγαροῦν
793 452 835 494 οἱ
868 451 1080 506 εΡωμαῖοι
1104 450 1158 493 τοὶ
1190 454 1364 493 πλεῖστα
1391 445 1499 504 ε’χῶ-

26 518 178 575 ὄρουν,
217 519 570 574 ξυνεστραμμένοι
595 534 641 559 τε
668 517 741 560 έπί
758 520 870 575 σφᾶς
893 517 966 560 καί
987 518 1192 573 ἀλλήλους
1207 513 1499 572 ὀπισθοφυλα-

46 585 227 636 κοῦντες,
253 579 322 637 ὥς,
345 583 386 624 εἰ
406 581 560 638 δεήσοι,
584 582 657 626 καί
677 583 966 638 διαμάχεσθαι
998 579 1075 624 οὐκ
1102 579 1390 638 ἀπαράσκευοι
1414 597 1498 638 φα..

47 645 281 704 νησόμενοι.
309 648 491 704 οἰμωγαὶ
520 650 566 691 δὲ
588 646 785 705 ἠκούοντο
807 651 892 691 τῶν
919 646 1146 704 ἀγροίκων,
1174 645 1247 688 καί
1264 644 1496 701 μυκήματα

46 714 158 768 βοῶν
196 709 564 768 ἀπελαυνομένων,
614 713 687 756 καί
719 713 900 769 πάταγοι
927 715 1001 769 τῆς
1028 710 1132 768 ὕλης
1159 713 1530 765 ὁ”ιατεμνομένης.Β

47 776 121 820 καὶ
138 783 226 828 τοῖς
241 777 450 828 τοιούτοις
474 781 622 829 δεινοῖς
641 779 909 834 πανταχόθεν
933 777 1347 835 παραβομβούμενοι,
1374 774 1498 829 μόλις

0 845 91 893 ιοές
119 845 377 898 Φαβέντειάν
411 861 458 887 τε
483 843 558 886 καί
579 843 628 887 τὸ
663 843 947 902 στρατόπεδον
973 845 1122 886 ἵκοντο.
1162 840 1257 886 τότε
1277 840 1328 898 δή
1351 837 1427 883 οὖν
1453 843 1497 890 ἐς

1111 907 1133 922 'l
1223 906 1237 920 t

45 905 147 966 ὄψίν
167 909 304 953 ἐλθών
326 915 414 960 τοῖς
436 916 696 967 στρατηγοῖς,
724 945 751 965 ,,
760 910 809 953 τί
823 909 873 966 δή
895 912 1074 963 ταῦτα,”
1105 926 1188 966 εφη
1215 925 1236 950 ο
1259 910 1493 964 Στέφανος,

43 971 111 1030 ,,αἷ
122 980 322 1031 γενναῖοι,
335 975 593 1026 πεπόνθατες
623 977 706 1017 ποῦ
722 978 768 1018 δὲ
785 977 869 1018 τῶν
890 977 1106 1032 προτέρων
1130 971 1303 1031 ἔργωνή
1328 967 1496 1015 εὔκλεια

45 1041 119 1084 καί
143 1038 170 1096 ἦ
194 1043 280 1084 τῶν
301 1040 515 1083 τοσούτων
539 1041 752 1098 τροπαίων
781 1039 1005 1097 ὁμολογίας
1051 1042 1140 1090 πῶς
1168 1042 1215 1082 δὲ
1241 1034 1294 1082 ἂν
1321 1040 1496 1095 Ναρσῆς

44 1105 296 1156 Λόυκανούς
328 1122 374 1148 τε
400 1108 509 1161 ἕλοι,
543 1106 617 1150 καί
636 1105 690 1149 τὰ
717 1106 834 1157 ἐντὸς
862 1102 1055 1150 ’Ἄλπεων
1084 1103 1251 1148 ἅπαντα
1272 1102 1491 1162 παραστή-

0 1179 180 1226 ι5σοιτο,
208 1170 329 1226 ὑμῶν
352 1189 399 1228 γε
424 1172 650 1228 μονονουχὶ
671 1170 810 1229 ὥσπερ
835 1174 880 1215 ἐν
902 1171 1127 1228 §vv-&fixam
1145 1170 1285 1213 διόδον
1310 1175 1398 1219 τοῖς
1422 1186 1498 1212 πο..

44 1237 203 1292 λεμίοις
223 1241 580 1294 παρασχομένων,
607 1238 680 1280 καί
704 1240 888 1295 ἐφέντων
907 1235 1064 1292 αὐτοῖς,
1093 1233 1137 1280 οἷ
1154 1235 1372 1292 βούλοιντο
1402 1237 1495 1276 κατ’

43 1303 236 1354 ἐξουσίαν
250 1304 380 1356 ἰέναι,-
409 1303 481 1346 καί
495 1304 574 1359 ἐγώ
601 1307 679 1358 μὲν
696 1301 819 1346 οὐδέν
846 1321 888 1346 τι
913 1305 1106 1361 φλαῦρον
1123 1302 1283 1355 εἴποιμι
1302 1303 1346 1351 ἐς
1367 1299 1495 1354 ὑμᾶς,

44 1364 170 1418 ἄλλος
189 1369 236 1410 δέ
256 1385 320 1418 τις
333 1368 432 1418 ἴσως
455 1371 549 1426 ἐρεῖ
564 1369 775 1424 μαλακίαν
803 1367 909 1412 εἶναι
932 1368 979 1411 τὸ
992 1371 1152 1425 χρῆμα,
1174 1367 1247 1409 καί
1265 1369 1348 1408 τῶν
1378 1369 1494 1421 κοινῇ

45 1432 322 1477 συνοισόντων
351 1431 590 1490 ὀλιγωρίαν,
634 1434 749 1490 εἰμὴ
775 1435 854 1490 γὰρ
884 1434 1093 1491 φθάσοιτε
1122 1435 1279 1474 θᾶττον
1307 1433 1350 1480 ἐς
1365 1428 1524 1486 Πάρι-Ο

0 1516 130 1556 ιομαν
147 1498 461 1554 ἐπανελθόντες,
491 1502 666 1557 Ναρσῆς
682 1502 760 1554 μὲν
788 1495 940 1542 οὔποτε
966 1496 1109 1555 ἀνήσει
1129 1497 1400 1552 χαλεπαίνων,
1426 1495 1499 1537 καὶ

139 1579 168 1602 1.
192 1568 256 1603 Pro
285 1566 343 1612 ᾔει
374 1569 411 1601 Β.
446 1568 512 1608 εἴη.
605 1567 743 1613 μόχθῳ
771 1566 810 1602 δὲ
837 1569 874 1601 R.
902 1567 1034 1613 Lugd.,
1058 1565 1196 1613 μόχθῳ
1223 1563 1266 1607 δὴ
1295 1564 1378 1598 edd.
1459 1565 1490 1598 3.

133 1614 303 1659 ἐφοίτων
336 1614 399 1654 Β.,
431 1614 530 1648 Suid.
570 1625 595 1647 s.
631 1625 661 1646 v.
701 1614 918 1662 ἄπ’όμοιρα;
967 1616 1113 1660 ἐφοίτα.
1217 1611 1248 1655 4.
1285 1603 1419 1647 νυκτὸς
1454 1611 1492 1641 R.

135 1659 170 1696 5.
196 1659 228 1693 τ’
252 1659 318 1693 ἐπὶ
341 1661 382 1698 Β,
488 1673 518 1704 7.
542 1659 745 1706 μηκύματα
771 1662 866 1706 vulg.
976 1663 1008 1695 8.
1033 1661 1134 1704 βοῶν
1159 1660 1196 1692 R.
1223 1663 1260 1691 et
1283 1658 1382 1691 Suid.
1409 1669 1434 1689 s.
1461 1666 1491 1687 v,

134 1705 323 1751 πάταγος,
346 1706 438 1752 vulg.
462 1706 540 1742 τῶν
561 1707 672 1750 βοῶν.
722 1707 894 1753 πάταγος
917 1707 1016 1741 Suid.
1095 1718 1146 1740 ιο.
1174 1706 1238 1737 καὶ
1261 1702 1304 1738 τὸ
1334 1703 1494 1748 στρατό-

133 1751 256 1787 πεδον
288 1753 416 1789 ἵκοντο
450 1753 509 1794 R„
531 1754 596 1786 καὶ
632 1761 675 1787 στ
702 1754 809 1787 ατόπ.
847 1752 983 1796 ἥκοντα
1017 1754 1110 1798 vulg.
1283 1752 1334 1784 13.
1361 1749 1493 1783 τοιού-

135 1810 212 1833 των
237 1799 275 1832 Β.
375 1800 442 1834 Pro
468 1799 659 1846 ὁμολογία
722 1801 838 1833 ulcan.
864 1802 956 1834 coni.
995 1798 1219 1844 ὀγκολογία.
1255 1798 1368 1841 Iutpr.
1395 1807 1492 1830 com-

134 1847 359 1886 memoratio.
458 1847 509 1891 14.
533 1844 760 1884 Λουκανοὺς
784 1848 822 1880 R.
848 1852 885 1880 et
910 1848 1035 1891 Intpr„
1060 1845 1220 1880 Λούκαν
1243 1844 1339 1888 vulg.

44 1908 155 1956 idque
172 1909 327 1943 maximo
350 1920 431 1943 cum
466 1909 592 1943 labore
634 1911 871 1956 maximisque
893 1910 1041 1955 vigiliis.
1088 1908 1252 1942 Francici
1271 1909 1367 1941 enim
1387 1917 1491 1941 exer-

46 1957 140 1989 citus
160 1967 241 2001 pars
259 1956 437 2003 quaedam
462 1967 606 2002 campos
627 1957 701 1990 late
727 1968 851 1991 omnes
885 1956 1172 2001 pervagabatur,
1205 1954 1338 2000 partim
1370 1954 1492 1998 pabu-

51 2001 172 2044 landi,
205 2003 338 2048 partim
372 2002 529 2047 praedae
567 2013 612 2036 ex
648 2004 740 2048 agris
775 2003 935 2048 agendae
973 2014 1088 2036 causa.
1139 2002 1256 2035 Noctu
1289 2002 1413 2046 itaque
1450 2005 1493 2033 ut

49 2047 247 2093 plurimum
266 2050 416 2082 Romani
439 2049 510 2082 iter
527 2048 730 2090 faciebant,
755 2049 963 2094 conglobati
980 2050 1075 2082 inter
1103 2058 1141 2081 se
1185 2053 1389 2093 mutuoque
1420 2046 1492 2079 sibi

47 2099 188 2139 tergum
213 2095 437 2136 munientes,
462 2106 530 2137 ne,
562 2096 593 2128 si
614 2095 849 2141 pugnandum
882 2101 998 2136 esset,
1038 2095 1206 2140 imparati
1242 2092 1493 2138 deprehende-

51 2145 187 2175 rentur.
233 2141 397 2175 Eiulatus
432 2142 556 2188 itaque
587 2143 780 2187 agrestium
807 2142 1118 2181 exaudiebantur,
1145 2145 1181 2173 et
1203 2140 1314 2173 bourn
1343 2139 1491 2172 abacto-

50 2197 132 2219 rum
163 2187 339 2232 mugitus,
376 2198 468 2234 eque
501 2189 714 2233 lignaffione,
743 2199 852 2235 quam
878 2189 916 2221 in
944 2189 1043 2221 silvis
1069 2186 1264 2227 faciebant,
1291 2186 1430 2230 fragor3
1455 2190 1493 2218 et

49 2232 187 2267 talibus
211 2233 356 2280 quidem
380 2233 590 2268 horroribus
609 2235 708 2268 omni
736 2246 780 2268 ex
797 2241 898 2280 parte
924 2245 1048 2268 eorum
1072 2244 1175 2266 aures
1196 2231 1490 2278 personantibus,

53 2289 158 2323 aegre
179 2278 324 2314 tandem
352 2280 562 2314 Faventiam
585 2286 622 2315 et
652 2281 698 2314 ad
724 2282 922 2314 exercitum
945 2283 1198 2326 pervenerunt.
1246 2280 1341 2312 Tum
1362 2279 1488 2323 itaque

51 2335 134 2358 cum
164 2326 204 2360 in
226 2326 487 2370 praefectorum
509 2332 740 2372 conspectum
758 2328 934 2369 venisset,
970 2326 1110 2373 Ecquid
1128 2326 1236 2366 mali,
1260 2325 1382 2371 inquit
1404 2324 1490 2357 Ste-

49 2370 192 2416 phanus
207 2397 218 2413 ‚
242 2381 304 2405 vos
321 2373 436 2417 cepit,
461 2385 482 2407 0
503 2373 596 2409 viri?
618 2374 684 2407 ubi
703 2385 788 2408 vero
806 2386 903 2407 nunc
923 2373 1203 2418 praeteritorum
1222 2372 1398 2405 factorum
1411 2370 1488 2415 glo-

48 2417 127 2458 ria,
180 2423 217 2452 et
249 2422 306 2451 tot
338 2419 568 2454 victoriarum
600 2419 798 2454 iactantia?
836 2420 1005 2465 Quonam
1031 2431 1116 2453 vero
1154 2423 1260 2463 pacto
1290 2417 1419 2450 Narses
1452 2420 1489 2448 et

48 2463 185 2498 Lucam
223 2474 350 2509 capere
389 2469 427 2498 et
487 2477 555 2500 uae
579 2467 675 2500 intra
695 2466 803 2511 Alpes
824 2472 918 2507 sunt,
939 2466 1061 2500 omnia
1077 2467 1116 2498 in
1145 2475 1245 2498 suam
1270 2468 1488 2508 potestatem

52 2509 216 2555 redigere
245 2510 384 2555 possit,
423 2522 467 2546 vo
495 2512 525 2545 is
549 2517 690 2546 tantum
722 2524 796 2546 non
825 2513 939 2546 veluti
972 2524 1016 2545 ex
1045 2516 1150 2556 pacto
1174 2511 1364 2543 transitum
1387 2508 1486 2540 hosti

54 2554 247 2598 dantibus,
287 2562 324 2590 et
351 2568 566 2604 quocunque
595 2560 685 2592 velit
705 2558 817 2592 eundi
842 2563 1059 2603 potestatem
1084 2555 1329 2591 facientibus?
1361 2555 1485 2599 Atque

56 2612 121 2647 ego
154 2602 302 2649 quidem
335 2603 497 2636 acerbius
518 2604 612 2638 nihil
632 2606 672 2638 in
698 2617 760 2639 vos
785 2604 924 2648 dicam3
958 2605 1049 2638 alius
1071 2614 1155 2637 vero
1178 2603 1329 2636 forsitan
1351 2601 1484 2646 aliquis

61 2649 253 2683 mollitiem
272 2649 542 2695 ignaviamque
584 2651 718 2684 factum
745 2657 902 2685 vestrum
931 2650 1250 2695 interpretabitur,
1290 2652 1326 2680 et
1352 2655 1483 2687 rerum,

54 2704 148 2739 quae
176 2694 222 2728 ad
246 2695 434 2741 publicum
454 2695 591 2729 bonum
612 2702 786 2741 spectent,
807 2698 1020 2743 neglectum.
1068 2696 1147 2729 Nisi
1162 2695 1259 2727 enim
1282 2704 1389 2738 quam
1408 2693 1485 2737 pri-

49 2750 149 2775 mum
175 2742 334 2778 Parmam
362 2753 424 2780 vos
446 2742 674 2789 receperitis,
706 2743 834 2777 Narses
860 2744 1007 2789 quidem
1033 2741 1338 2787 indignationem,
1375 2752 1483 2788 quam
