1832 3152
342 143 445 208 242
925 158 1196 202 AGAT111AE

149 269 188 304 Α,
209 269 324 305 9556
338 262 483 311 τοῦτο,
512 257 609 307 τούς
638 259 682 298 δὲ
714 253 810 299 ἄλλο
845 275 886 299 τι
923 254 1114 312 ἇρέσκον,
1154 261 1375 316 ἐπράσσετο
1401 262 1478 313 μὲν
1514 256 1611 302 οὖδὲ
1648 259 1746 302 ‹ind-

213 316 450 379 1·Ῑτ3οτερον
479 325 560 364 τῶν
586 323 931 376 βεβουλευμένων·
956 325 1124 372 ἕκαστος
1153 327 1198 366 δὲ
1229 326 1505 378 χαλεπαίνων,
1533 322 1595 366 ὅτι
1617 323 1677 380 ’μὴ
1699 324 1747 366 τὸ

337 389 482 428 οἰκεῖον
511 386 647 438 ἐνίκα,
688 387 865 439 ἐκμελῶς
897 402 984 434 πως
1019 387 1090 428 καὶ
1122 389 1418 445 ἀταλαιπώρως
1453 389 1624 445 προσῄει
1660 393 1747 438 τοῖς

335 449 487 506 ἔργοις,
514 451 586 491 καί
604 453 761 502 μᾶλλον
787 447 907 504 ἥδετο
928 456 1015 498 τοῖς
1043 448 1363 505 ἆποτεύγμασιν,
1395 451 1456 501 ’ὥς
1481 450 1532 494 ἂν
1552 453 1643 507 ἔχοι
1669 469 1746 506 με-

332 519 556 568 γαλαυχεῖν
579 511 754 570 ὕστερον
784 515 854 556 καὶ
883 514 1242 570 παρρησιάζεσθαι
1273 516 1374 571 πρὸς
1397 516 1494 566 τοὺς
1511 521 1647 570 πέλας,
1674 520 1770 569 καί5

287 581 405 622 1)τοῦ
430 580 590 627 ἐνδεοῦς
617 581 752 621 αἰτίαν
776 577 851 621 οὐκ
877 576 976 621 ἄλλο
1008 596 1048 621 τι
1070 580 1374 636 ἀποφαίνεσθαι
1383 615 1396 634 ,
1424 579 1452 636 ἢ
1474 582 1518 624 τὸ
1541 583 1598 638 μὴ
1623 584 1674 625 τά
1702 581 1742 624 οἱ

332 644 506 695 δόξαντα
532 646 858 699 διαπραχθῆναι.

440 709 504 760 ιζ’.
553 709 617 750 Ἔν
647 708 808 757 τούτοις
830 709 880 764 δὴ
905 705 980 751 οὖν
1012 703 1136 762 ὄντες,
1164 710 1309 766 πόρ’ῥω
1330 727 1408 752 που
1434 713 1514 753 τῶν
1539 714 1742 765 πολεμίων

329 769 358 828 ἢ
398 771 453 822 ὥς
484 774 530 814 ἐν
563 773 773 830 πολιορκίᾳ
813 774 1254 830 ἐστρατοπεδεύσαντο·
1313 775 1385 829 καί
1430 773 1531 831 πρός
1565 791 1611 830 γε
1647 773 1742 817 οὐδὲ

329 836 445 892 οἷμφί
473 834 520 878 τὸ
546 835 793 893 περίορθρον
829 839 929 892 γοῦν
956 837 1077 886 ἰόντες
1102 836 1178 886 τὰς
1221 837 1453 894 προσβολὰς
1473 841 1517 882 ἐν
1549 841 1679 883 δέοντι
1701 843 1794 886 ἐ-ῐο

327 902 543 954 ποιοῦντο,
581 901 684 943 ἀλλὰ
725 897 826 959 ὄκνῳ
868 901 1041 950 εἴκοντες
1078 902 1151 943 καὶ
1182 901 1382 962 ῥᾳθυμία,
1417 903 1520 945 ὁδοῦ
1555 902 1741 961 πάρεργα

327 963 496 1019 ἡγοῦντο
519 964 568 1007 τὰ
589 969 794 1008 σπουδαῖα
817 968 890 1008 καὶ
909 966 1214 1022 ἐπικαιρότατα,
1241 969 1406 1010 κατόπιν
1425 971 1503 1021 μὲν
1521 971 1596 1011 τοῦ
1613 985 1742 1025 προσ-

329 1028 496 1082 ήκοντος
534 1032 679 1083 καιροῦ
708 1032 994 1086 ἐπιφοιτῶντες
1027 1037 1113 1079 τοῖς
1136 1032 1357 1085 ἐναντίοις,
1392 1033 1665 1089 πρωϊαίτερον
1695 1035 1742 1074 δὲ

332 1093 659 1150 ἐπανερχόμεναι.
705 1098 836 1136 ταῦτα
878 1097 924 1137 δὲ
954 1093 1105 1148 μαθών
1141 1095 1163 1136 ὅ
1198 1099 1415 1152 Μαρτΐνος
1448 1099 1642 1150 ἐκπέμπει
1686 1098 1742 1146 ὥς

197 1162 230 1198 P.
246 1161 316 1199 126
330 1159 506 1212 τάχιστα
556 1159 619 1199 ἐπ’
668 1158 823 1208 αὐτούς
855 1155 1030 1215 ἄρξοντα
1064 1176 1108 1200 τε
1150 1161 1343 1202 ἁπάντων
1375 1154 1446 1203 καί
1480 1160 1790 1217 ἧγησόμενον,ιό

328 1218 461 1278 ἄνδρα
486 1221 772 1279 Καππαδόκην
793 1225 870 1277 μὲν
893 1222 936 1265 τὸ
960 1226 1097 1278 γένος,
1126 1221 1328 1278 ἀξιώματι
1352 1227 1397 1266 δὲ
1419 1227 1670 1283 στρατηγικῷ
1694 1229 1740 1268 ἐκ

327 1289 519 1328 πλείστου
545 1291 840 1343 τετιμημένον,
880 1284 914 1347 ᾧ
935 1287 985 1343 δὴ
1010 1283 1137 1341 ὄνομα
1167 1285 1218 1343 ἧν
1247 1287 1458 1344 Ἰωάννης,
1499 1292 1669 1332 Δακνᾶν
1693 1292 1739 1331 δὲ

1622 1352 1694 1366 013!

328 1350 453 1393 αὐτὸν
474 1351 860 1406 προσεπωνόμαζον.
888 1353 1054 1395 ἔσταλτο
1077 1355 1121 1395 δὲ
1149 1353 1190 1402 ἐς
1216 1355 1407 1408 Κόλχους
1432 1355 1483 1394 ov‘
1508 1357 1641 1409 πολλῳ
1665 1370 1740 1404 εμ-

326 1419 507 1471 προσθεν
536 1417 581 1456 ἐκ
602 1418 834 1470 βασιλέως,
870 1416 914 1458 τὸ
941 1417 1184 1466 Ῥουστίκου
1209 1417 1317 1472 ἔχων
1348 1418 1570 1469 ἐπίταγμα,
1608 1418 1679 1471 ἐφ’
1705 1410 1738 1474 ᾧ

327 1479 479 1522 ἕκαστά
503 1496 547 1521 τε
575 1478 625 1522 τοὶ
655 1480 876 1534 ποιούμενα
901 1483 944 1529 ἐς
969 1481 1015 1522 τὸ
1047 1479 1214 1535 ἀκριβὲς
1246 1483 1513 1534 διαγγέλλειν,
1555 1479 1627 1521 καί
1657 1483 1789 1524 τῶναό

325 1547 591 1600 στρατιωτῶν
612 1544 708 1594 τούς
733 1546 1022 1601 ἀριστεύοντας
1045 1546 1269 1598 βασιλείοις
1294 1543 1442 1600 δώροις
1473 1544 1737 1600 φιλοφρονεῖ-

395 1648 400 1651 ,
421 1627 448 1649 1.
465 1613 551 1649 ου’δὲ
567 1618 617 1657 Β.,
644 1615 723 1649 οὐδ’
739 1616 832 1660 vulg.
927 1616 1243 1661 α.βεβουλημένων
1267 1617 1304 1648 Β.
1398 1615 1429 1659 4.
1454 1615 1518 1662 ἔχῃ
1546 1617 1586 1654 R.
1683 1629 1734 1651 ιτ.

415 1659 510 1715 ἄλλα
525 1663 655 1716 ἶκαὶῆ.
749 1663 799 1706 14.
825 1652 917 1694 αὐτὰ
943 1664 979 1695 R.
1065 1674 1114 1706 ¹7·
1139 1661 1388 1708 τετιμημένων
1419 1661 1494 1706 sph.
1525 1663 1599 1695 Par.
1701 1654 1733 1707 ᾤ

418 1707 462 1749 δη
493 1719 561 1742 ουν
584 1709 621 1740 R.
740 1719 794 1742 20.
827 1708 1070 1752 ἐπαγγέλλειν
1094 1709 1130 1740 R.
1224 1719 1278 1743 21.
1301 1712 1380 1744 τοῖς
1403 1712 1485 1740 ante
1507 1710 1588 1750 βασ.
1610 1708 1701 1752 vulg.

325 1792 405 1820 sent
431 1788 622 1821 sententias
648 1789 754 1828 secti,
781 1792 886 1833 atque
922 1788 984 1820 alii
1020 1787 1165 1832 quidem
1196 1786 1297 1826 hanc,
1329 1785 1393 1818 alii
1425 1785 1530 1818 aliam
1557 1785 1732 1831 quandam

323 1833 529 1876 probarent,
561 1833 655 1866 nihil
683 1844 814 1874 corum,
840 1844 929 1878 quae
955 1833 1240 1872 consulebantur,
1267 1829 1509 1876 peragebatur-3
1536 1830 1599 1864 sed
1620 1843 1731 1864 uuus-

325 1880 499 1924 quisque,
525 1890 627 1923 aegre
657 1879 772 1912 ferens
800 1891 899 1911 suam
933 1879 1146 1911 sententiam
1178 1889 1251 1910 non
1278 1877 1430 1910 valuisse
1449 1901 1458 1917 ‚
1494 1877 1731 1930 negligentius

324 1925 536 1968 segniusque
562 1924 607 1957 ad
633 1935 706 1958 rein
731 1924 916 1970 gerendam
943 1923 1134 1956 accedebat
1151 1948 1160 1964 ‚
1195 1928 1230 1955 et
1255 1923 1407 1955 sinistris
1437 1922 1623 1955 eventibus
1652 1933 1726 1955 ma·-

323 1971 374 2014 gis
399 1969 577 2014 gaudebat
596 1994 606 2010 ,
638 1975 680 2002 ut
710 1972 748 2003 in
780 1976 959 2014 posterum
990 1969 1132 2013 gloriari
1155 1968 1375 2012 liberiusque
1414 1977 1451 2000 sc
1477 1967 1593 2010 ipsum
1629 1968 1725 2012 apud

321 2027 403 2048 suos
427 2017 580 2055 iactare,
613 2017 819 2062 nullamque
843 2016 948 2049 aliam
990 2015 1125 2047 sinistri
1166 2019 1311 2047 eventus
1344 2024 1482 2046 causam
1519 2013 1628 2046 fuisse
1664 2014 1728 2046 de-

322 2065 517 2093 monstrare
541 2065 681 2103 posset,
707 2073 811 2107 quam
838 2061 935 2106 quod
957 2062 1132 2106 privatum
1164 2071 1265 2093 suum
1296 2059 1485 2092 consilium
1511 2059 1623 2092 secuti
1656 2070 1729 2092 nou

321 2111 448 2139 essent.

415 2162 467 2195 ¹7·
515 2150 592 2184 Hoc
614 2151 654 2184 in
677 2155 767 2184 statu
794 2162 871 2184 cum
903 2162 957 2186 res
984 2155 1122 2190 essent,
1151 2151 1320 2183 remotius
1344 2148 1511 2184 nonnihil
1533 2147 1577 2182 ab
1611 2149 1727 2184 hosti-

320 2197 399 2237 bus,
424 2207 529 2240 quam
553 2201 594 2229 ut
627 2196 666 2228 in
693 2195 893 2238 obsidione,
921 2196 1159 2230 castrametati
1179 2201 1283 2229 sunt:
1319 2202 1500 2239 praeterea
1516 2206 1634 2240 neque
1660 2197 1725 2230 sub

321 2242 520 2275 diluculum
545 2247 669 2274 euntes
701 2243 823 2288 quales
858 2255 945 2287 opus
975 2249 1050 2276 erat
1081 2241 1234 2274 insultus
1259 2242 1459 2284 faciebant3
1493 2241 1555 2274 sed
1588 2243 1726 2286 ignavia

320 2286 556 2332 vecordiaque
586 2287 690 2328 victi,
717 2300 771 2321 res
813 2290 920 2322 serias
955 2290 1179 2332 maximeque
1210 2293 1423 2332 opportunas
1441 2298 1504 2331 pro
1525 2288 1724 2321 accessoriis

321 2338 359 2366 et
381 2333 646 2377 supervacaneis
672 2333 863 2367 censebant
885 2346 894 2376 3
925 2337 1036 2368 serius
1063 2333 1206 2376 quidem
1237 2344 1344 2379 quam
1378 2332 1566 2378 oportebat
1590 2333 1628 2366 in
1655 2331 1722 2366 ho-

322 2384 392 2412 stes
417 2379 590 2422 impetum
615 2378 784 2412 facientes
799 2405 807 2420 ,
844 2381 1016 2412 maturius
1039 2390 1122 2411 vero
1156 2390 1260 2423 quam
1289 2378 1500 2423 expediebat
1523 2388 1599 2411 sese
1632 2378 1723 2411 reci—

321 2425 472 2468 pientes.
519 2424 613 2456 Haec
645 2435 723 2457 cum
760 2426 979 2469 cognovisset
1009 2425 1211 2464 Martinus,
1250 2426 1384 2458 emittit
1421 2435 1524 2469 quam
1552 2423 1722 2456 citissime

323 2469 370 2502 ad
398 2471 503 2513 ipsos,
518 2469 580 2514 qui
605 2470 775 2503 universis
799 2471 1032 2515 imperaturus
1058 2476 1094 2503 et
1118 2470 1188 2502 dux
1213 2470 1350 2503 futurus
1374 2475 1477 2510 esset,
1489 2469 1601 2502 virum
1629 2468 1721 2512 Cap-

323 2515 492 2559 padocem
550 2514 670 2561 uideni
709 2517 875 2557 natione,
926 2516 1099 2562 dignitate
1133 2527 1215 2549 vero
1251 2516 1428 2560 praetoria
1459 2517 1529 2549 iam
1557 2525 1578 2546 a
1609 2514 1721 2547 multo

322 2565 482 2605 tempore
515 2527 668 2602 ctiarum3
699 2562 755 2593 cui
782 2573 910 2596 nomen
944 2562 1089 2607 quidem
1119 2567 1195 2595 erat
1223 2562 1398 2602 Ioannes,
1434 2559 1574 2604 vulgare
1603 2564 1721 2592 autem

323 2617 516 2650 cognomen
541 2606 686 2638 Dacnas.
719 2606 848 2640 Missus
878 2619 961 2641 vcro
986 2613 1061 2640 erat
1083 2608 1129 2643 ad
1154 2607 1303 2641 Colchos
1325 2618 1397 2640 non
1429 2605 1541 2638 multo
1571 2609 1651 2638 ante
1675 2604 1720 2637 ab

323 2651 560 2696 Imperatore,
585 2652 719 2685 Rustici
754 2651 886 2687 habens
911 2653 1132 2694 mandatum,
1159 2658 1199 2685 ut
1222 2652 1369 2696 singula,
1393 2661 1483 2705 quae
1505 2654 1720 2696 gererentur,

322 2702 479 2731 accurate
502 2698 734 2740 renuntiaret,
756 2704 793 2733 et
815 2699 958 2741 milites,
980 2710 1129 2745 quorum
1152 2697 1324 2732 fortitudo
1350 2697 1567 2738 eminuisset,
1589 2695 1720 2740 regali-
