1832 3152
305 118 413 186 254
899 139 1171 185 AGATmAE

110 236 147 271 Δ.
168 237 204 271 C·
223 238 290 272 556
303 234 460 278 δείκνυε
485 233 670 292 χρυσίον,
709 240 781 279 καί
816 237 938 281 πάλιν
976 240 1112 294 λαβών
1132 241 1360 300 ἀπεχώρει.
1411 241 1525 286 ὀὕτω
1555 244 1605 300 δὴ
1635 241 1710 288 οὖν

168 284 541 353 Ι·Ῑ·“9“ὀῖπανταχοῦ
578 304 829 356 περινοστῶν
865 306 935 344 καί
968 301 1182 360 ἀναζητῶν
1220 307 1270 349 τὰ
1306 308 1364 362 μὴ
1392 308 1599 363 παρόντα,
1639 312 1719 356 καί,

255 365 427 418 Βμηδὲν
446 365 550 418 μήτε
570 365 862 421 ἀπεμπολήσας
882 368 1054 421 πώποτε,
1076 371 1176 425 μήτε
1196 372 1433 427 πριάμενος,
1454 372 1555 428 μήτε
1577 369 1708 424 ἄλλως

294 444 382 476 πως
408 428 652 482 ξυμβαλὼν,
696 431 965 487 ἠργυρολόγει
992 433 1063 474 καί
1086 435 1317 490 εἰσέπραττε
1343 435 1440 486 τούς
1466 439 1595 491 μηδὲν
1624 437 1709 480 ὅτι-

295 493 370 533 οῦν
397 492 711 547 ἐπωφληκότας,
738 494 912 549 τάχιστά
949 512 992 538 τε
1019 493 1098 552 ἤδη
1124 496 1168 539 τὸ
1199 496 1372 554 ἆρχαῖον
1398 500 1743 552 ἐδιπλασιάζετοό,

294 561 380 603 τοῖς
407 560 751 611 προσγινομένοις.
807 559 946 615 ἐπειδη
978 562 1023 602 δὲ
1061 562 1103 609 ἐς
1131 561 1321 615 Κόλχους
1357 563 1553 619 ἄφίκετο,
1577 566 1706 608 ταῦτά

293 634 338 659 τε
365 617 566 674 ἔπρασσε,
605 622 676 664 καί
701 623 803 678 πρός
827 641 872 678 γε
902 626 1002 674 ναῦς
1030 627 1230 681 φορτίδας
1259 626 1332 667 οὐκ
1361 625 1452 669 οἶδα
1481 625 1591 679 ὅπως
1618 632 1708 672 ἐπι-

294 683 556 738 κτησάμενος,
598 690 670 729 καί
717 687 814 737 τοὺς
842 689 1023 744 καρποὺς
1064 691 1164 738 τούς
1201 692 1450 747 ἐπιχωρίους
1489 691 1706 747 βιαιότατα

295 749 597 805 ξυναθροίζων,
635 754 707 793 καί
733 752 860 795 πολλοὶ
889 755 1110 808 ἐλαχίστου
1139 751 1368 807 ὠνούμενος
1376 789 1389 809 ,
1425 759 1468 806 ἐς
1490 756 1563 812 τὴν
1587 758 1709 800 ἄλλο..

295 812 428 872 δαπὴν
465 816 651 871 ἐξεφόρει
690 817 764 858 καί
812 818 1089 874 διεπίπρασκε.
1156 818 1301 868 σπάνις
1334 822 1412 873 μὲν
1453 817 1528 863 οὖν
1552 823 1634 864 τῶν
1659 821 1764 864 ‹ai-m

293 881 497 932 ναγκαίων
523 878 684 929 εἰκότως
711 883 936 936 ἐπεγίγνετο
963 890 1051 932 τοῖς
1076 882 1400 940 στρατεύμασιν,
1428 884 1486 935 ὥς
1511 885 1584 927 καὶ
1606 884 1711 934 πόας

291 940 396 984 εἶναι
433 944 595 994 ὠνίους.
650 944 672 987 ὅ
714 948 760 988 δὲ
793 946 946 1003 μιαρὸς
973 949 1122 998 ἐκεῖνος
1147 947 1394 1002 μεταβολεὺς
1419 950 1492 991 καί
1515 951 1710 1004 παλιγκά-

290 1011 414 1062 πηλος
465 1011 638 1063 μέγιστα
678 1010 801 1065 κέρδη
839 1018 1130 1067 προσεποιεῖτο.
1185 1014 1230 1053 ἐκ
1270 1012 1424 1055 τούτων
1450 1012 1501 1069 δὴ
1531 1010 1604 1056 οὖν
1629 1015 1710 1056 τῶν

168 1073 434 1129 Ρ.132πο’ρων
460 1073 511 1115 τιὲ
541 1076 778 1128 ξυγκείμενα
820 1074 922 1131 πρὸς
957 1077 1172 1119 Ἰουστῖνον
1200 1080 1407 1131 ἐπετέλει,
1443 1077 1520 1128 τάς
1545 1093 1710 1134 vaf-99:

288 1135 375 1201 φὰς
412 1135 692 1194 παρεχόμενος
725 1140 797 1181 καὶ
831 1142 887 1196 τῷ
928 1143 1107 1199 προτέρῳ
1144 1142 1305 1200 χρυσίῳ
1353 1141 1759 1199 προσεπιβάλλων.15·

289 1200 410 1255 δ’δὲ,
439 1204 570 1244 καίτοι
596 1203 827 1258 γιγνώσκων
853 1202 903 1246 τὰ
935 1204 1182 1259 ποιούμενα,
1215 1206 1410 1255 πολλάκις
1436 1223 1480 1249 τε
1505 1210 1586 1250 τῶν
1612 1211 1707 1262 λεη-

287 1269 551 1320 λατουμένων
580 1267 636 1315 ὥς
676 1267 801 1310 αὐτὸν
828 1268 974 1310 ἰόντων
1001 1271 1075 1311 καί
1113 1269 1190 1312 σὺν
1230 1269 1455 1327 ὀλοφυρμῷ
1483 1275 1705 1327 προκαλιν-

289 1334 514 1384 δουμένων,
540 1331 726 1387 λώφησίν
752 1348 796 1374 τε
824 1334 1016 1387 γενέσθαι
1042 1334 1163 1389 σφίσι
1189 1337 1272 1376 τῶν
1295 1337 1430 1377 κακῶν
1451 1335 1707 1388 ἀντιβολούν-

288 1412 389 1448 των,
428 1392 538 1449 ὅμως
574 1397 654 1437 τῶν
691 1395 885 1452 ὄδυρμῶν
922 1399 995 1439 καί
1018 1397 1209 1454 δακρύων
1237 1399 1354 1452 ὄλίγα
1383 1401 1630 1456 φροντίσας,
1657 1393 1707 1454 ἧ·-

289 1464 408 1502 σθιεν
446 1457 585 1508 ἀδεῶς
617 1461 662 1501 ἐκ
694 1463 775 1502 τῶν
813 1460 1099 1516 ἀδικημάτων,
1135 1464 1208 1504 καί
1241 1460 1360 1518 ἥδετο
1397 1465 1475 1516 μὲν
1501 1460 1758 1518 ἇπριάτηναο

289 1525 586 1579 εὐωχούμενος,
625 1523 699 1566 καὶ
735 1526 838 1582 πρός
875 1542 919 1580 γε
947 1525 1095 1578 μεστὸν
1122 1525 1224 1568 κατὰ
1252 1525 1298 1569 τὸ
1323 1528 1446 1568 πλέον
1471 1529 1543 1568 καί
1564 1529 1708 1582 ἐμβρι-

379 1605 412 1627 2.
447 1592 659 1636 ἅπανταχεῖ
686 1594 722 1626 Β.
834 1592 864 1636 4.
900 1594 988 1630 τούς
1034 1591 1150 1638 μηδὲν
1172 1595 1234 1633 Β.,
1261 1590 1349 1630 τοὺς
1385 1593 1432 1626 οὔ
1466 1592 1583 1639 μηδὲν
1613 1594 1707 1638 vulg,

379 1641 412 1674 6.
427 1639 613 1684 ἀφίκοντο
637 1639 674 1670 Β.
740 1637 856 1672 ταύτά
875 1648 914 1672 τε
938 1640 990 1679 Β.,
1015 1638 1132 1672 ταῦτα’
1155 1648 1192 1671 τε
1215 1639 1325 1684 Lugd.
1350 1645 1387 1672 et
1401 1639 1454 1672 ed.
1480 1651 1547 1683 Ρη,
1571 1638 1705 1673 τάῠτοέ

379 1684 418 1730 γ’
440 1685 515 1730 sph.
534 1685 608 1717 Par.
700 1697 731 1728 7.
762 1690 914 1728 γενναῖς
946 1686 983 1717 Β.
1009 1696 1072 1729 pro
1101 1694 1146 1728 γε
1174 1685 1273 1721 ναῦς.
1385 1687 1414 1720 ὃ.
1428 1687 1642 1729 βεβαιοτατα
1665 1687 1703 1719 Β.

384 1734 434 1777 ι3.
463 1732 527 1764 καὶ
557 1734 640 1762 ante
674 1729 714 1763 ἐκ
740 1729 805 1763 ius.
830 1731 868 1762 R.
966 1731 1016 1764 18.
1041 1733 1154 1775 σφίσι
1174 1729 1253 1762 add.
1279 1741 1322 1764 ex
1349 1731 1386 1763 Β.

290 1803 374 1843 bat,
401 1802 599 1848 iisdemque
630 1813 768 1835 rursum
801 1803 918 1836 verbis
951 1807 1055 1836 utens
1077 1814 1223 1843 ‚aurum
1251 1802 1482 1844 ostendebat,
1500 1814 1703 1850 rursusque

292 1854 437 1893 accepto
468 1860 554 1890 auro
588 1848 809 1884 discedebat.
858 1850 898 1881 ln
932 1848 1027 1881 hunc
1064 1859 1145 1893 ergo
1171 1849 1313 1881 modum
1337 1860 1415 1881 cum
1449 1860 1568 1882 omnes
1608 1851 1704 1884 vicos

293 1900 330 1928 et
365 1906 471 1939 pagos
520 1894 648 1935 obiret,
675 1905 850 1940 quaerens
887 1899 994 1939 atque
1020 1895 1174 1938 exigens,
1212 1905 1302 1938 quae
1333 1905 1405 1927 non
1435 1893 1641 1936 habehant,
1669 1901 1706 1929 et

291 1951 409 1985 neque
435 1940 605 1973 venderet
627 1942 816 1985 quicquam
840 1940 988 1984 uspiam,
1011 1950 1128 1983 neque
1153 1945 1296 1978 emeret,
1315 1950 1431 1984 neque
1455 1941 1591 1985 alioqui
1618 1953 1705 1974 con-

291 1991 443 2019 tractum
467 1987 580 2018 ullum
603 1987 726 2030 iniret,
750 1986 919 2028 pecunias
949 1985 1112 2028 exigebat
1125 1990 1162 2018 et
1176 1984 1446 2018 corradebatab
1467 1986 1524 2026 iis,
1549 1986 1594 2019 ad
1613 1998 1704 2031 quos

293 2032 392 2065 nulla
414 2032 519 2075 plane
544 2031 684 2067 redibat
707 2031 843 2063 utilitas
859 2055 868 2070 ,
903 2031 1157 2075 celerrimeque
1193 2031 1261 2063 iam
1294 2041 1366 2063 sors
1393 2030 1469 2074 ipsa
1499 2033 1572 2064 sive
1598 2038 1704 2075 eaput

295 2079 496 2111 accessione
527 2089 618 2110 nova
641 2075 969 2119 conduplicabatur.
1018 2077 1206 2121 Postquam
1230 2087 1311 2108 vero
1335 2076 1380 2109 ad
1404 2076 1554 2110 Colchos
1577 2087 1704 2121 perve—

296 2123 376 2163 nit,
413 2122 534 2155 eadem
557 2123 662 2163 fecit,
694 2126 731 2154 et
753 2126 935 2165 praetcrea
966 2122 1175 2166 conquisitis
1202 2123 1321 2154 nescio
1347 2132 1418 2167 qua
1441 2123 1579 2155 ratione
1603 2125 1706 2156 navi-

295 2167 363 2202 bus
399 2168 593 2209 onerariis,
632 2168 766 2200 fructus
791 2168 926 2211 patrios
961 2167 1057 2199 illius
1090 2167 1243 2211 regionis
1267 2167 1526 2201 violentissime
1549 2168 1705 2214 collegit,

293 2215 477 2258 multaque
500 2214 671 2247 vilissimo
695 2213 810 2257 pretio
844 2216 1019 2252 coemens,
1047 2212 1084 2244 in
1121 2218 1256 2245 exteras
1287 2218 1397 2246 teri-as
1422 2213 1630 2258 exportabat
1664 2225 1705 2248 ae

296 2259 522 2292 divendebat.
570 2259 719 2292 Penuria
744 2259 867 2303 itaque
891 2268 1007 2290 rerum
1031 2259 1304 2291 necessariarum
1321 2260 1495 2292 exercitus
1517 2260 1705 2303 premeba-

295 2310 378 2346 tur,
405 2305 493 2338 adeo
516 2309 557 2336 ut
581 2306 687 2337 etiam
710 2303 844 2337 herbae
877 2309 995 2336 essent
1018 2304 1171 2336 venales.
1220 2304 1266 2337 At
1291 2304 1459 2337 scelestus
1498 2305 1561 2338 ille
1597 2315 1706 2339 vena-⁶

295 2351 456 2384 liciarius
481 2355 517 2382 et
540 2349 768 2382 dardanarius
794 2350 973 2393 ingentem
1004 2355 1190 2393 quaestum
1217 2350 1382 2384 faciebat.
1427 2350 1480 2382 Ex
1503 2349 1560 2383 his
1583 2351 1703 2396 itaque

298 2397 427 2442 opibus
438 2400 539 2440 pacta
549 2396 685 2428 Iustino
697 2394 931 2439 persolvebat,
951 2399 986 2426 et
1000 2399 1230 2427 commeatum
1245 2394 1488 2440 suppeditans,
1503 2401 1539 2428 et
1551 2396 1704 2439 priorem

298 2443 375 2480 auri
392 2451 560 2475 summam
583 2452 661 2473 cum
679 2441 824 2474 foenore
843 2439 1003 2472 reddens.
1029 2441 1183 2473 Iustinus
1201 2451 1295 2480 vero,
1321 2442 1461 2474 tametsi
1475 2441 1562 2486 quid
1585 2452 1706 2486 agere-

297 2493 356 2521 tur
374 2499 446 2521 non
467 2487 656 2531 ignoraret,
677 2486 955 2530 frequenterque
979 2484 1024 2517 ad
1048 2486 1162 2528 ipsum
1183 2486 1350 2519 euntibus
1372 2485 1591 2526 hominibus,
1617 2498 1705 2532 quos

298 2535 366 2566 iste
389 2538 464 2566 erat
482 2531 735 2576 depraedatus,
754 2537 790 2564 et
809 2529 854 2563 ad
871 2530 980 2575 pedes
996 2531 1107 2574 ipsius
1126 2542 1205 2564 cum
1223 2532 1478 2564 lamentatione
1497 2533 1705 2575 provolutis,

298 2585 411 2624 utque
435 2577 674 2611 extorsionum
701 2577 862 2611 remissio
888 2577 990 2610 fieret
1007 2576 1288 2618 obsecrantibus,
1305 2577 1402 2621 parvi
1418 2581 1536 2609 tamen
1551 2577 1706 2611 lamenta

299 2620 533 2677 lacrimasque
564 2623 697 2657 faciens
713 2648 724 2664 ‚
750 2624 838 2656 citra
857 2628 991 2655 metum
1013 2623 1137 2667 inique
1149 2624 1259 2667 partis
1281 2621 1487 2656 vescebatur
1509 2623 1706 2666 gaudebat-

302 2680 372 2715 que
409 2673 446 2704 et
469 2670 612 2703 memtis
636 2669 751 2716 epulis
786 2667 920 2711 fruens,
945 2673 981 2702 et
1010 2673 1194 2715 praeterea
1222 2668 1419 2714 pleniorem
1443 2668 1705 2715 gravioremque
