1794 3112
327 131 394 204 78
885 149 1154 196 AGATHIAE

145 249 310 327 A-IC-1553
321 251 432 290 τίσαι
464 244 523 290 ὧν
552 250 778 303 ἐτύγχανον
806 251 1063 306 ἦσεβηκότες.
1108 254 1210 310 πλὴν
1244 256 1334 296 ἀλλ’
1365 252 1470 309 ὅμως
1495 256 1573 299 εἴτε
1606 255 1714 302 οὕτω

193 315 203 328 .
244 308 500 364 .27ξυμβὰν,
533 311 618 353 εἴτε
648 312 720 353 καί
752 310 849 363 ἴσως
883 318 965 357 τῶν
1017 318 1300 370 Ἀλαμανικῶν
1327 319 1613 375 χρησμολόγων
1638 319 1714 380 ὅτῳ

319 375 370 429 δὴ
395 372 467 416 οὖν
490 377 623 432 τρόπῳ
645 376 695 418 τὰ
715 375 884 429 ἐσόμενα
905 381 1270 436 ὲπιφρασαμένων,
1299 379 1349 424 οὗ
1379 383 1490 426 κενὸν
1511 392 1596 435 τοῖς
1619 391 1716 428 πολ-

319 442 404 487 λοῖς
430 435 526 480 οὐδὲ
546 437 808 495 ἀτελεύτητον
832 440 964 492 ἔδοξεν
983 441 1087 485 εἶναι
1111 444 1157 486 τὸ
1180 447 1406 499 μάντευμα.
1438 444 1543 496 ὅπως
1569 450 1613 490 δὲ
1633 451 1714 491 τῶν

319 502 462 556 ἐφεξῆς
484 505 632 545 ἕκαστα
652 503 864 560 ἐπράχθη,
906 502 1051 548 αὐτίκα
1080 509 1122 557 ἐς
1146 506 1191 549 τὸ
1219 505 1379 565 ἀκριβὲς
1404 510 1459 560 ὥς
1485 507 1566 553 οἷόν
1587 513 1632 553 τέ
1644 514 1740 565 μοιό

310 567 520 615 λελέξεται.

416 630 462 680 ζ’.
509 632 555 673 Ὁ
577 634 654 684 μὲν
669 631 749 687 γὰρ
776 635 855 675 τῶν
877 633 1075 689 Φράγγων
1094 634 1195 684 λεώς
1219 630 1300 678 ὧδέ
1327 654 1412 687 πως
1437 634 1545 692 εἶχεν
1570 638 1714 696 ὄρμῆς,

309 703 380 742 καὶ
409 690 486 750 ἤδη
523 693 659 744 αὗτοῖς
693 695 744 737 τοὶ
774 693 875 738 ὅπλα
913 699 1249 753 μετεκεχείριστο.
1298 701 1490 750 ἐξώπλισε
1525 705 1571 744 δὲ
1599 706 1671 746 καί
1691 703 1713 746 ὃ

310 765 482 820 Ναρσῆς
503 760 598 809 τοὺς
629 758 886 814 “Ρωμαίους,
926 761 998 802 καί
1021 762 1192 816 ὑπεξῆγε
1216 766 1290 805 τοῦ
1310 768 1607 821 στρατοπέδου,
1645 769 1714 824 ἐφ’

309 823 341 884 ᾧ
367 829 411 869 ἐν
436 826 666 881 μεταιχμάιο
689 827 903 878 γενέσθαι,
945 821 1066 881 οὗπερ
1090 825 1173 868 ἔδει
1199 825 1347 877 αὖτοὺς
1368 831 1410 878 ἐς
1433 831 1618 886 φάλαγγα
1640 847 1765 873 aea-10

273 893 523 944 Βταστῆναι.
571 889 615 929 ἐν
639 883 671 945 ᾦ
693 890 736 929 δὲ
761 887 806 929 τὸ
831 888 1065 944 στράτευμα
1092 891 1308 946 ἐκεκίνητο,
1346 892 1418 934 καί
1449 890 1527 948 ἤδη
1555 892 1716 950 ὄστρα-

307 954 428 1010 τηγὸς
450 956 506 1010 τῷ
523 955 630 1010 ἵππῳ
651 951 895 1006 ἐπεβεβήκει,
916 949 1151 1007 ἆγγέλλεταί
1168 954 1219 1007 οἱ,
1236 955 1292 1004 ὥς
1319 951 1508 1012 ’Έρουλός
1520 975 1581 1008 τις
1595 959 1716 1015 ἀνὴρ,

306 1017 356 1061 οὗ
377 1022 456 1061 τῶν
473 1019 630 1058 πολλῶν
655 1020 751 1072 παρ’
774 1014 912 1066 αὐτοῖς
936 1017 1007 1058 καί
1027 1018 1391 1072 διαλανθανόντων,
1411 1018 1500 1062 ἀλλ’
1519 1022 1712 1078 εὐπατρί-

307 1086 379 1138 δης
407 1085 452 1125 ἐν
471 1086 556 1130 τοῖς
575 1082 751 1133 μάλιστα
769 1082 839 1122 καί
852 1079 1053 1135 ἀρίδηλος,
1076 1084 1147 1122 ἕνα
1165 1084 1246 1124 τῶν
1277 1084 1434 1125 οἰκείων
1451 1085 1712 1140 θεραπόντων

305 1145 531 1194 ἀπεκτονώς
565 1144 627 1199 εἴη
657 1145 886 1199 οἰκτρότατα
920 1146 988 1199 ἐφ’
1021 1144 1176 1202 ὁτῳοῦν
1208 1145 1279 1187 καί
1304 1149 1521 1202 σφαλέντα.
1561 1149 1787 1193 αὕτίκαιὸΑ

306 1211 357 1266 δὴ
386 1207 459 1252 οὖν
482 1207 662 1262 ἐπισχών
695 1210 748 1264 τῷ
772 1208 919 1263 ῥυτῆρι
939 1207 1012 1250 τὸν
1043 1211 1184 1262 ἵππον,
1219 1209 1393 1265 παράγει
1421 1213 1463 1260 ἐς
1485 1213 1610 1264 μέσον
1639 1210 1709 1254 τὸν
1754 1199 1756 1202 ¹

304 1273 569 1331 ἀνδροφόνον,
601 1272 656 1321 (ὃς
678 1269 756 1325 οὗχ
778 1269 889 1313 ὅσιον
904 1267 948 1313 ὂν
975 1274 1045 1314 ὲπί
1071 1271 1138 1314 τὸν
1157 1274 1332 1325 πόλεμον
1354 1275 1460 1315 ἰέναι
1482 1274 1577 1330 πρὶν
1607 1275 1709 1317 ἄπο-

303 1340 569 1393 λυμήνασθαι
595 1337 665 1377 καὶ
689 1331 913 1390 ἀφαγνίσαι
945 1334 988 1377 τὸ
1014 1338 1188 1388 μίασμα.
1232 1336 1322 1378 ἐπεὶ
1341 1338 1386 1377 δὲ
1416 1337 1529 1394 αὐτῷ
1550 1342 1710 1381 πυνθα-

302 1406 456 1460 νομένῳ
490 1402 533 1443 τὸ
554 1402 742 1456 πραχθὲν
774 1399 1020 1453 ἀνωμολόγει
1050 1398 1070 1440 ὅ
1094 1400 1302 1456 βάρβαρος
1333 1402 1404 1442 καί
1425 1402 1498 1442 οὐκ
1527 1399 1709 1460 οἷνῄνετο,

300 1466 536 1510 τούναντίον
558 1467 636 1519 μὲν
666 1460 737 1506 οὖν
759 1463 830 1505 καί
858 1462 1002 1519 ἐφετὸν
1035 1461 1139 1505 εἶναι
1165 1464 1320 1521 ἔφασκε
1345 1471 1430 1515 τοῖς
1454 1468 1760 1522 κεκτημένοιςαο

187 1535 225 1570 Ρ.
251 1532 297 1572 [13
310 1530 402 1581 τοὺς
429 1532 652 1587 σφετέρους
675 1527 843 1576 δούλους
868 1523 894 1584 ᾗ
918 1527 1134 1580 βούλονται
1162 1531 1367 1582 μετιέναι,
1409 1526 1468 1571 ὅτι
1501 1546 1544 1572 τε
1570 1531 1642 1572 καὶ
1667 1532 1705 1574 οἱ

298 1599 451 1652 ἕτεροι,
500 1596 539 1637 εἰ
566 1593 624 1648 μὴ
669 1598 939 1648 σωφρονοῖεν,
988 1588 1092 1634 ἀλλὰ
1119 1591 1196 1648 γὰρ
1239 1595 1310 1634 καί
1333 1594 1416 1634 οἵδε
1439 1593 1704 1650 παραπλήσια

298 1664 522 1703 πείσονται·
559 1657 698 1712 ἐπειδὴ
729 1653 804 1698 οὖν
833 1653 967 1711 ὥσπερ
1001 1653 1049 1698 οὗ
1071 1661 1300 1710 μεταμέλον
1326 1653 1437 1715 αὐτῷ
1460 1661 1530 1712 τῆς
1559 1675 1703 1714 παροι-

388 1730 420 1762 8.
444 1725 628 1766 mimis-R„
652 1725 751 1768 αὐτῷ
773 1723 862 1766 vulg.
917 1734 967 1756 ια.
987 1723 1192 1766 ἐπιβεβήκει
1212 1724 1248 1755 R.
1346 1735 1395 1768 ¹9·
1423 1718 1558 1769 ἐφετὸν
1581 1736 1702 1759 emen-

389 1774 490 1806 davi:
511 1783 592 1804 nam
613 1772 760 1815 ἐφιέναι
787 1770 881 1801 inter
899 1769 967 1801 alia
989 1769 1032 1801 ab
1056 1771 1198 1813 optimis
1222 1769 1453 1811 scriptoribus
1474 1781 1537 1814 pro
1555 1772 1703 1815 permit-

388 1827 464 1853 tere
495 1818 647 1860 ponitur.
682 1816 789 1858 Intpr.
822 1815 932 1847 licere
969 1814 1158 1848 asserebat.
1190 1812 1323 1859 ἐφιτόν
1349 1816 1400 1857 R„
1425 1811 1585 1862 ἐφικτὸν
1606 1818 1697 1861 vulg.

389 1875 445 1897 22-
469 1860 714 1907 παραπλήσιοι
740 1862 790 1898 R„
813 1858 1078 1902 παραπλήσιον
1099 1861 1189 1902 vulg.

298 1916 394 1954 tasse
414 1918 650 1952 Alemannicis
671 1915 810 1948 vatibus
839 1925 1051 1958 quocunque
1075 1914 1217 1947 tandem
1243 1916 1347 1948 modo
1360 1916 1477 1948 futura
1494 1915 1704 1959 praedicen-

300 1968 415 2006 tibus,
442 1971 535 1998 certe
557 1975 629 1996 nou
648 1973 773 1995 vanum
796 1970 912 2004 neque
933 1960 1071 1992 irritum
1090 1960 1127 1992 id
1143 1960 1347 1993 vaticinium
1365 1960 1484 1992 multis
1509 1965 1562 1994 est
1578 1962 1704 1997 visum.

302 2013 383 2056 Quo
409 2015 510 2055 pacto
531 2015 647 2042 autem
669 2007 836 2050 deinceps
859 2005 996 2050 reliqua
1019 2010 1114 2050 gesta
1145 2007 1235 2046 sint,
1257 2010 1414 2039 accurate
1434 2006 1563 2047 statim,
1587 2007 1704 2052 quoad

301 2060 378 2091 eius
398 2058 474 2090 fieri
491 2056 634 2100 poterit,
660 2053 831 2086 dicentur.

393 2114 426 2147 7.
475 2103 599 2135 Franci
629 2101 748 2144 itaque
779 2099 829 2130 ita
851 2096 975 2129 animis
998 2095 1221 2137 aestuabant,
1252 2099 1288 2129 et
1311 2096 1379 2128 iam
1398 2107 1491 2129 arma
1521 2097 1702 2141 corripue-

300 2154 386 2182 rant.
434 2148 558 2180 Narses
585 2147 691 2179 etiam
731 2155 811 2176 suos
835 2143 978 2175 armavit
1013 2143 1201 2187 castrisque
1233 2141 1374 2182 eduxit,
1411 2142 1524 2175 donec
1559 2141 1604 2175 ad
1623 2153 1701 2175 me-

300 2194 398 2227 dium
414 2195 507 2227 inter
530 2193 616 2225 duos
631 2191 802 2224 exercitus
824 2189 975 2233 spatium
991 2189 1155 2227 venisset,
1179 2188 1241 2220 uhi
1256 2187 1442 2231 oportebat
1455 2199 1513 2221 eos
1532 2188 1571 2221 in
1591 2188 1702 2221 aciem

300 2240 453 2284 disponi.
509 2240 646 2271 Interea
674 2247 755 2269 vero
786 2235 868 2267 dum
896 2234 1068 2267 exercitus
1092 2239 1227 2273 movet,
1261 2239 1296 2266 et
1320 2235 1389 2266 iam
1412 2238 1554 2278 praetor
1572 2244 1702 2278 equum

299 2285 572 2324 conscenderat,
608 2283 791 2315 nuntiatur
819 2280 904 2325 ipsi,
934 2279 1102 2311 Herulum
1120 2279 1292 2324 quendam
1313 2291 1385 2312 non
1417 2290 1435 2312 e
1465 2279 1584 2312 multis
1607 2281 1702 2311 inter

298 2332 411 2375 ipsos,
448 2340 565 2374 neque
596 2329 808 2365 obscurum,
846 2325 908 2358 sed
931 2325 1087 2357 nobilem
1119 2326 1282 2368 inprimis
1305 2326 1548 2370 illustremque
1576 2325 1700 2363 virum,

296 2376 471 2421 quendam
497 2387 515 2408 e
542 2374 742 2407 domesticis
770 2372 840 2404 suis
865 2371 991 2410 servis,
1019 2370 1114 2414 quod
1137 2371 1256 2415 aliqua
1274 2371 1311 2402 in
1331 2382 1367 2403 re
1388 2371 1606 2415 deliquisset,
1629 2370 1699 2402 mi-

295 2423 438 2455 serrime
466 2420 696 2453 interfecisse.
754 2418 879 2450 Statim
907 2417 1026 2460 itaque
1049 2415 1208 2448 adductis
1234 2415 1382 2448 habenis
1406 2427 1535 2460 equum
1559 2417 1700 2454 sistens,

293 2467 506 2501 homicidam
520 2467 559 2498 in
576 2465 730 2498 medium
746 2462 922 2507 producit,
945 2467 1110 2505 tanquam
1129 2462 1178 2494 fas
1198 2473 1270 2494 non
1291 2467 1382 2494 esset
1395 2461 1568 2506 proelium
1587 2460 1698 2500 adire,

294 2515 365 2547 nisi
400 2511 504 2546 caede
536 2512 682 2554 expiata.
737 2511 973 2552 Interrogatus
1004 2517 1084 2552 ergo
1115 2507 1158 2539 ab
1185 2519 1226 2540 eo
1248 2508 1434 2548 barbarus,
1465 2517 1542 2540 cum
1569 2506 1700 2539 factum

294 2559 464 2592 fateretur
482 2567 597 2601 neque
619 2557 754 2590 inficias
779 2556 865 2594 iret,
899 2554 1002 2586 immo
1024 2563 1042 2585 e
1063 2554 1237 2586 contrario
1258 2558 1444 2592 assereret,
1474 2551 1620 2585 liberam
1634 2551 1700 2584 ‹lo-

293 2605 399 2637 minis
427 2614 502 2637 esse
527 2606 737 2646 potestatem
759 2599 802 2632 de
828 2599 934 2632 servis
959 2599 1030 2631 suis
1052 2610 1115 2643 pro
1143 2610 1205 2631 suo
1230 2599 1376 2631 arbitrio
1394 2597 1626 2636 decernendi,
1657 2599 1698 2627 ut

295 2656 333 2683 et
351 2650 412 2682 alii
434 2650 584 2688 scirent,
606 2649 677 2681 nisi
696 2646 852 2680 officium
871 2645 1043 2683 facerent,
1067 2644 1230 2677 similiter
1248 2655 1365 2677 secum
1383 2647 1497 2676 actum
1509 2643 1576 2676 iri:
1604 2650 1696 2673 cum

295 2695 417 2740 itaque
443 2694 553 2730 veluti
575 2693 673 2728 nulla
699 2690 815 2726 caedis
841 2694 1064 2735 perpetratae
1089 2690 1323 2734 poenitudine
1347 2687 1495 2727 ductus,
1530 2685 1695 2731 pervicax
