1832 3152
607 74 984 118 111sToR1ARUM
1023 78 1074 118 v.
1099 81 1168 124 22.
1507 57 1624 134 327

189 177 325 234 ἠρέμα
354 174 598 232 γιγνόμενοι,
636 177 790 236 ῥᾳδίως
819 175 1135 234 ὑπερβαλέσθαι
1163 175 1236 220 καὶ
1255 176 1531 234 περιπλεῦσαι
1559 173 1737 218 τόνΑ.(Ὶ.
1756 181 1824 217 558

187 244 353 297 ἀγκῶνα
386 244 459 284 τοῦ
488 243 653 296 τείχους
686 241 756 284 τὸν
782 246 912 300 μέχρι
941 246 1017 287 τοῦ
1042 243 1201 298 βάθους
1229 243 1520 296 ἐκτεταμένον,
1558 259 1628 284 και

1622 228 1760 264 -1.1.31

185 306 376 350 τολοιπὸν
408 307 544 357 ἀδεῶς
580 308 855 364 ἐπιβήσεσθαι
893 311 977 352 ταῖν
1006 310 1208 366 ἐνδοτέρω
1239 308 1430 366 χωρίων,
1486 306 1543 358 ὥς
1571 307 1623 364 δὴ
1639 317 1680 353 V.
1702 329 1761 364 ¹¹7

185 369 382 425 οῦδαμῶς
430 371 615 428 ἐρύμασι
659 376 967 431 περιεχομένων
1017 372 1046 431 ἢ
1083 374 1196 434 μόνῳ
1231 377 1290 434 τῷ
1324 373 1624 434 “Ελλ·ησπόντῳ.

157 440 320 484 ὅταῦτα
358 437 410 494 δη
441 438 463 482 ὅ
488 438 700 495 Γερμανὸς
741 442 788 483 ἐκ
819 443 904 483 τῶν
939 439 1210 484 κατασκόπων
1248 439 1510 494 πυθόμενος,
1553 442 1627 485 καί

181 504 408 559 γινώσκων,
426 504 484 554 ὥς
503 501 577 547 οὖκ
599 507 642 555 ἐς
661 505 828 563 μακρὰν
853 503 874 548 ὃ
894 507 977 549 τῶν
1000 508 1199 559 καλάμων
1226 504 1371 557 στόλος
1393 506 1609 564 ἐπιφοιτη-
1620 516 1654 550 Ρ.
1672 513 1742 556 168

181 582 270 624 σει,’
296 571 596 627 ἐπεκερτόμησε
629 573 709 624 μὲν
732 570 828 622 τούς
848 571 1070 626 πολεμίους
1094 574 1166 628 τῆς
1189 568 1402 626 ἆβουλιας,
1430 572 1546 626 μάλα
1577 573 1625 614 δὲ

178 633 293 692 ἥσθη
321 637 386 678 ἐπ’
409 636 526 694 αὐτῇ,
562 635 619 687 ὦς
649 635 700 692 δὴ
727 636 831 694 πρὸς
853 638 986 680 αὐτοῦ
1004 639 1192 695 έσομένῃ.
1229 637 1378 680 αὐτίκα
1419 637 1496 694 γὰρ
1522 639 1624 681 ἐπα-

179 701 347 758 κτριδας
385 701 516 745 εἴκοσι
545 702 767 760 πολυὴρεις
798 719 844 746 τε
883 702 956 745 καὶ
989 703 1319 762 ἄμφιπρύμνους
1354 704 1521 760 ἀνδρῶν
1547 704 1623 756 ἑμ-

131 767 341 823 ιοπλήσας
374 766 532 826 σιδήρῳ
560 771 960 825 τεθωρακισμένων,
1004 769 1187 819 ἀσπίδας
1222 787 1269 812 τε
1297 767 1511 829 φερόντων
1551 767 1625 810 καὶ

176 833 279 885 τόξα
306 836 380 878 καί
415 834 521 890 πρός
553 851 599 889 γε
627 836 945 891 δορυδρέπανα,
995 834 1093 886 τούς
1124 852 1169 878 τε
1205 838 1450 892 ἑρέττοντας
1487 835 1620 888 ἐμβα-

176 897 284 953 λών,
312 902 386 942 καί
409 898 508 950 τοῦς
531 905 617 950 τοῖς
646 901 865 956 πηδαλίοις
887 900 1166 958 ἐφεστηκότας
1182 899 1266 945 ὑπὸ
1294 900 1372 957 τήν
1393 899 1512 943 ἔνδον
1541 917 1621 942 πα,

163 967 470 1028 ὁρατεινομεὲνην
492 967 566 1022 τῆς
591 965 805 1021 θαλάττης
827 971 1014 1021 γλωχῖνα
1043 967 1231 1025 καθάπερ
1253 968 1315 1017 εἷς
1341 968 1514 1022 ἐνέδραν
1546 982 1622 1007 κα-

172 1030 409 1088 θορμίσας,
437 1032 684 1087 ἐνέκρυψεν,
724 1030 782 1082 αῖς
803 1028 856 1074 (ἲν
882 1031 942 1088 μη
964 1030 1184 1090 πόῤῥωθεν
1211 1035 1490 1089 προοφθεῖεν,
1530 1032 1623 1076 ἐπεὶ

124 1095 223 1139 ιὸδὲ
259 1095 299 1138 οἱ
333 1095 543 1152 βάρβαροι
579 1091 660 1152 ἤδη
699 1096 949 1158 ὑπερβάντες
1000 1096 1048 1141 τὸ
1089 1099 1291 1154 προπετὲς
1334 1100 1410 1142 τοῦ
1453 1096 1620 1152 τείχους

173 1161 247 1204 καί
273 1162 483 1218 ἀπολῆγον
518 1163 592 1204 καί
628 1163 706 1204 τοῦ
744 1163 940 1217 αἰγιαλοῦ
979 1164 1225 1219 προεξέχον,
1268 1165 1473 1208 ἐνέκλινον
1514 1161 1618 1217 πρὸς

171 1227 223 1271 τὰ
250 1227 362 1281 εἴσω,
389 1227 463 1270 καὶ
487 1229 738 1284 ἐπεφέροντο
759 1229 996 1284 φρονήματι
1022 1227 1100 1271 σὺν
1123 1233 1259 1289 πολλῷ
1280 1231 1353 1272 καί
1377 1226 1610 1286 παρρῗησίᾳ,
1626 1239 1652 1272 Β

171 1293 267 1337 τότε
305 1292 355 1349 δη
397 1292 471 1335 καί
493 1295 576 1336 ταῖν
611 1293 841 1346 ‘Pwpcaa'wv
868 1292 1040 1347 ὁλκάδες
1081 1295 1352 1350 ἀντανήγοντο
1392 1293 1465 1336 καί
1498 1290 1615 1340 οἷντε-

171 1359 354 1417 πῄεσαν·
408 1359 484 1401 καί
528 1376 618 1409 πως
664 1358 813 1408 αὐταῖς
850 1362 928 1402 τοῦ
956 1357 1034 1415 ῥοῦ
1073 1362 1470 1415 συλλαμβανομένου
1499 1359 1614 1404 ἀντί-

116 1441 334 1482 αοπρωροι
360 1426 601 1478 κατιοῦσαι,
638 1423 874 1480 βιαιότερον
901 1427 1202 1480 προσπίπτουσι
1238 1431 1331 1474 ταῖς
1359 1427 1405 1466 ἓκ
1430 1427 1512 1466 τῶν
1540 1441 1615 1465 κατ

169 1490 316 1545 λα’μων
351 1491 552 1546 σχεδίαις,
608 1491 682 1532 καί
709 1491 814 1545 δῆτα
842 1489 888 1532 αἱ
913 1492 992 1544 μὲν
1019 1493 1070 1548 τῇ
1096 1489 1372 1547 προσκρούσει
1399 1490 1609 1546 περιετρέ-

169 1573 294 1601 ποντο
332 1558 376 1607 ἐς
422 1551 654 1610 τοῦμπαλιν
693 1553 775 1597 ὑπὸ
817 1558 896 1599 τοῦ
931 1554 1086 1610 σάλου,
1133 1555 1207 1602 καὶ
1231 1556 1514 1599 ἐκαλινδοῦντο
1554 1554 1611 1604 ὦς

259 1647 292 1682 5.
315 1647 433 1680 ταῦτα
466 1645 507 1680 δὲ
534 1648 574 1681 R.
681 1660 714 1693 7.
739 1646 805 1688 τῆς
827 1646 953 1687 οἷβουλ.
979 1637 1070 1683 τοῦς
1092 1647 1175 1680 πολ.
1202 1647 1295 1691 vulg.
1417 1643 1518 1692 μάλα
1546 1646 1584 1680 R.
1600 1670 1610 1685 ‚

258 1691 428 1740 μάλιστα
459 1693 572 1739 vulg„
601 1694 712 1739 Intpr.
737 1695 801 1728 vel
818 1695 942 1740 potius
966 1692 1157 1740 (μᾶλλον).
1280 1696 1331 1732 18.
1355 1691 1397 1730 αἱ
1419 1695 1494 1727 τῶν
1519 1692 1614 1726 coni.

260 1740 314 1776 cl.
409 1752 462 1776 22-
491 1739 652 1776 ἐκαλινδ.
667 1742 727 1782 Β.,
751 1739 917 1775 ἐκυλινδ.
941 1741 1034 1787 vulg.

167 1831 277 1866 facile
302 1835 532 1876 superaturos
558 1837 596 1866 et
619 1832 982 1876 circumnavigaturos
1007 1830 1140 1864 flexum
1166 1830 1259 1862 muri
1293 1830 1332 1862 in
1356 1829 1467 1861 altum
1492 1837 1607 1872 usque

163 1879 346 1924 porrecti3
370 1890 412 1912 ac
436 1878 606 1923 deinceps
633 1879 720 1912 citra
746 1879 951 1923 periculum
975 1877 1020 1910 ad
1045 1877 1229 1922 penitiora
1257 1877 1334 1908 loca
1358 1880 1607 1921 perventuros,

164 1930 292 1970 utpote
317 1926 528 1970 neutiquam
550 1926 654 1958 vallis
680 1926 796 1958 cincta
811 1951 822 1966 ,
845 1930 1096 1970 praeterquam
1120 1924 1197 1956 solo
1224 1923 1471 1968 Hellesponto,
1499 1921 1627 1965 Quae*

166 1982 247 2008 cum
271 1971 468 2006 Germanus
492 1983 558 2016 per
581 1973 823 2016 speculatores
849 1971 1072 2011 rescivisset,
1105 1970 1418 2014 intellexissetque
1457 1968 1605 2000 classem

164 2018 264 2053 illam
288 2017 523 2057 arundineam
547 2030 621 2052 non
636 2018 699 2058 diu
719 2018 950 2059 tardaturum,
972 2017 1061 2063 quin
1080 2016 1291 2061 appelleret,
1317 2015 1430 2048 irrisit
1455 2013 1604 2059 quidem

163 2063 324 2102 hostium
354 2066 618 2105 temeritatem,
647 2066 803 2102 maxime
837 2076 921 2098 vero
948 2065 992 2098 de
1025 2075 1066 2096 ea
1093 2063 1232 2108 gavisus
1260 2068 1332 2102 est,
1367 2067 1538 2105 tanquam
1564 2061 1604 2092 in

165 2121 242 2144 rem
267 2122 367 2144 suam
389 2111 522 2146 futura.
571 2112 772 2149 ‚Confestim
798 2113 895 2150 euim
921 2111 1096 2144 actuarias
1120 2109 1248 2154 viginti
1275 2107 1470 2152 multiplici
1495 2108 1604 2139 remi-

164 2158 224 2202 gio
257 2168 363 2191 naves
397 2168 526 2202 easque
561 2157 741 2203 bipuppes
776 2159 862 2195 viris
899 2157 1082 2203 complens
1114 2156 1274 2188 loricatis
1313 2156 1530 2199 clypeosque
1566 2158 1603 2185 et

164 2215 267 2242 arcus
303 2204 528 2248 gestantibus
571 2209 679 2249 atque
712 2205 946 2249 harpaginoe,
988 2204 1210 2247 remigesque
1255 2203 1301 2235 iis
1344 2203 1533 2244 imponens
1567 2204 1604 2232 et

163 2250 363 2290 naucleros,
386 2251 453 2284 sub
478 2251 690 2284 interiorem
713 2253 802 2291 mari
825 2257 1036 2296 protensum
1064 2250 1234 2294 angulum
1256 2248 1370 2281 veluti
1401 2249 1439 2279 iu
1459 2246 1603 2286 insidiis

163 2297 352 2341 applicans
377 2297 572 2334 occultavit
587 2323 597 2339 ‚
632 2308 678 2333 ne
702 2299 840 2332 eminus
864 2298 1023 2342 prospici
1048 2302 1205 2344 possent.
1254 2296 1490 2339 Posteaquam
1517 2303 1600 2324 vero

161 2343 328 2384 barbari,
356 2349 520 2388 superata
551 2345 828 2390 transmissaque
870 2345 941 2378 iam
973 2343 1259 2388 prominentiore
1293 2347 1401 2387 atque
1441 2345 1597 2372 extrema

162 2396 201 2426 et
222 2395 319 2423 trans
344 2390 447 2427 littus
472 2395 632 2424 exstante
655 2393 750 2424 muri
770 2397 882 2435 parte,
907 2390 953 2423 ad
978 2391 1151 2423 interiora
1177 2388 1427 2426 deflectebant,
1451 2397 1598 2429 magna-

161 2447 234 2482 que
259 2437 461 2469 animorum
485 2437 704 2471 confidentia
729 2438 960 2477 serebantur:
998 2443 1075 2470 tum
1098 2447 1183 2475 vero
1214 2435 1395 2468 actuariae
1421 2434 1600 2466 Romano-

160 2494 240 2516 rum
263 2483 468 2524 solverunt‚
507 2489 704 2528 contraque
730 2485 770 2517 in
794 2495 854 2518 eas
878 2489 962 2516 suut
991 2483 1154 2524 delatae,
1190 2488 1228 2515 et
1261 2480 1408 2527 quidem
1441 2477 1598 2511 secundo

160 2534 263 2562 aestu
287 2529 502 2568 adiuvante,
529 2530 684 2566 adversis
708 2531 822 2573 proris
846 2529 1127 2570 ‹lescentlcnte8‚
1161 2528 1357 2562 violentius
1386 2527 1425 2559 in
1449 2524 1598 2556 arundi-

160 2586 247 2615 neas
271 2576 454 2612 naviculas
479 2577 641 2616 irruunt,
666 2582 774 2621 atque
797 2576 865 2613 hae
890 2576 1039 2622 quidem
1066 2577 1222 2620 impetus
1247 2575 1279 2606 vi
1316 2574 1355 2605 in
1381 2570 1597 2604 contrarium

160 2622 300 2665 pulsae,
323 2622 577 2656 volutabantur
591 2623 996 2668 circumagebanturque
1020 2623 1059 2656 in
1083 2622 1173 2661 salo,
1197 2621 1249 2657 ita
1269 2625 1309 2652 ut
1322 2624 1482 2652 vectores
1508 2617 1597 2649 sub-

161 2668 287 2708 *imre
311 2669 351 2704 iu
374 2669 419 2704 iis
443 2674 521 2704 tuto
551 2681 625 2705 nou
649 2675 814 2716 possent,
847 2669 911 2704 sed
934 2669 998 2703 alii
1026 2669 1066 2708 in
1096 2668 1227 2704 fluctus
1252 2666 1392 2700 excussi
1419 2663 1593 2710 perirent,
