1794 3112
228 99 299 152 26
785 116 1054 161 AGA‘ffllAE

45 224 83 257 A.
98 226 132 259 c.
146 213 364 266 552flc1'ovg‚
393 214 464 256 καὶ
478 212 526 256 οὗ
545 217 835 272 διαμαρτητέον
853 221 929 259 τοῦ
947 217 1144 274 παρόντος
1170 222 1339 275 καιροῦ,
1368 220 1472 263 ἀλλὰ
1489 225 1613 277 στρά-

101 272 164 304 1.1.
180 274 361 330 ’ώτευμά
380 295 423 320 τε
456 282 636 323 στέλλειν
668 284 732 323 ἐπ’
757 279 912 332 αὖτοὺς
943 283 1168 336 ἀξιόμαχον
1178 316 1191 335 ,
1231 283 1302 324 καί
1323 283 1544 339 στρατηγὸν
1572 287 1617 336 ἐξ

226 343 343 393 ὑμῶν
372 343 509 385 αὐτῶν
533 342 686 398 ἀγαθὸν
716 344 767 387 τοὶ
787 349 982 398 πολέμια,
1020 343 1064 395 ὃς
1088 345 1137 400 δὴ
1159 347 1230 388 τὸν
1253 346 1355 402 πρὸς
1379 349 1616 400 “Ρωμαιὀυς

221 405 396 458 πόλεμον
417 402 564 462 ἄριστα
585 409 793 462 διανύσας,
822 408 1016 451 ἀπελάσει
1042 425 1084 451 τε
1107 404 1260 458 αὐτοὺς
1286 411 1446 452 ἐνθένδε
1467 410 1524 460 αἷς
1541 411 1614 453 τά-

219 486 358 522 χιστα,
386 472 454 511 καί
479 470 550 525 τὴν
574 473 716 527 χώραν
733 473 832 527 ἡμῖν
858 469 1074 514 οἷνασώσει.
1103 469 1206 514 οὕτω
1229 471 1306 527 γάρ
1332 476 1540 523 ποιοῦντες
1560 476 1644 532 τῷό

220 549 264 573 τε
280 535 318 573 Γ
317 536 461 590 οτθικῷ
482 537 587 588 γένει
607 537 648 584 ἐς
669 535 719 577 τοὶ
737 535 913 589 μάλιστα
931 540 1161 591 χαριεῖσθε,
1189 539 1364 591 σωτῆρες
1387 537 1618 593 ἀναφανέν-

223 612 288 645 τες
315 597 386 638 καί
405 595 645 652 ἀλεξίκακοι,
670 600 721 641 τά
735 616 777 640 τε
793 598 970 654 ὑμέτερα
994 596 1131 640 αὑτῶν
1155 600 1197 640 ἐν
1215 602 1270 655 τῷ
1296 597 1480 656 οἶσφαλεῖ
1493 602 1618 656 θήσε-

193 665 319 712 Βσθε,
347 659 427 715 εἴγε
459 665 587 716 μηδὲν
617 663 718 716 ὑμῖν
742 663 805 704 ἔτι
835 666 1023 715 πολέμιον
1046 663 1090 704 ἐκ
1115 662 1305 717 γειτόνων
1326 665 1495 718 παρεών·
1516 665 1619 719 πρὸς

221 727 267 766 δέ
286 742 329 779 γε
355 725 426 766 καί
439 726 635 780 χρήματα
662 725 762 779 ὑμῖν
783 725 943 768 ἔσονται
963 726 1108 783 μυρία,
1127 723 1174 768 οὗ
1190 726 1312 779 μόνον
1331 726 1383 769 τοὶ
1395 729 1620 779 “Ρωμαι’ων

219 791 491 844 ληϊσαμένοις,
521 788 624 830 α’λλά
647 789 724 845 γὰρ
752 789 801 844 δὴ
831 790 901 832 καὶ
923 791 1044 833 αὐτοὶ
1064 794 1181 846 ἕτερα
1204 789 1530 846 καταθήσομεν.”
1623 811 1670 838 10

327 851 374 900 ς’.
433 855 574 895 Ταῦτα
596 853 735 908 ἐπειδὴ
756 853 916 909 ἔφασαν
945 853 982 896 οἱ
1006 856 1215 910 πρέσβεις,
1243 855 1519 908 Θευδιζθαλδος
1540 856 1620 906 μὲν

221 911 289 971 (ἦν
311 915 386 970 γὰρ
414 916 628 970 μειράκιον
652 917 816 970 α’γεννὲς
835 920 906 958 καί
928 917 1149 971 ἀπόλεμον,
1177 914 1255 972 ἤδη
1280 933 1325 959 τε
1351 916 1532 972 νοσώδης
1554 935 1620 959 κο-

216 982 320 1036 μιδῇ
339 980 523 1034 ἐγεγόνει,
535 982 605 1021 καί
622 980 666 1022 τό
681 982 799 1034 σῶμά
814 981 852 1022 οἱ
882 981 1064 1037 πονήρως
1086 983 1286 1037 διέκειτο,)
1301 983 1454 1024 τούτων
1481 981 1531 1037 δὴ
1547 977 1621 1024 οὖν

218 1046 328 1085 ἕκατι
346 1040 393 1084 οὖ
404 1043 516 1096 μάλα
541 1041 564 1085 ὅ
581 1061 626 1099 γε
646 1047 727 1085 τῶν
747 1046 956 1100 πρέσβεων
978 1042 1149 1099 ἧν,οὕδὲ
1171 1041 1268 1102 ᾧέτο
1281 1048 1434 1100 χρῆναι
1448 1045 1622 1087 ὀθνείων

215 1109 332 1148 ἕνεκα
363 1110 590 1163 συμφορῶν
611 1107 782 1156 οἰκείους
808 1109 1108 1163 καρπώσασθαι
1133 1107 1294 1158 πόνους.
1330 1109 1547 1165 Λεύθαρις
1575 1110 1672 1155 δὲιό

226 1170 298 1211 καί
313 1175 564 1224 Βουτιλῖνος,
595 1172 640 1213 εἶ
661 1173 732 1213 καί
749 1169 820 1213 τὸν
839 1173 1012 1225 βασιλέα
1037 1175 1154 1227 σφῶν
1165 1170 1309 1228 ἥκιστα
1340 1168 1522 1227 ἤρεσκεν,
1536 1173 1622 1213 ἀλλ’

185 1235 344 1278 eadwi
364 1235 600 1289 ἀνεδέχοντο
632 1235 707 1290 τὴν
737 1235 986 1289 ξυμμαχίαν.
1014 1235 1144 1278 τούτω
1175 1238 1219 1278 δὲ
1255 1236 1313 1277 τώ
1342 1231 1467 1290 ἄνδρε
1497 1232 1623 1290 ἤστην

215 1301 293 1349 μὲν
319 1296 500 1354 ἀδελφώ,
528 1303 599 1341 καί
618 1299 664 1340 τό
686 1302 800 1354 γένος
817 1299 1042 1352 Ἀλαμανώ
1054 1334 1065 1352 ,
1095 1299 1268 1352 δύναμιν
1289 1301 1334 1341 δὲ
1355 1298 1466 1354 παρὰ
1485 1300 1624 1354 Φραγ-

216 1378 303 1415 γοις
337 1365 530 1416 μεγίστην
555 1365 734 1417 εἰχέτην,
760 1365 816 1412 ὥς
835 1366 906 1405 καί
924 1366 996 1405 τοῦ
1017 1366 1218 1420 σφετέρου
1247 1362 1392 1412 ἔθνους
1419 1361 1624 1417 ἡγεῖσθαι,

220 1428 492 1481 Θευδιβέρτου
522 1426 716 1483 πρότερον
734 1426 1024 1482 παρασχόντος.
1053 1428 1152 1469 οἶδὲ
1177 1425 1414 1480 Ἀλαμανοί,
1442 1426 1524 1481 εἴγε
1541 1428 1676 1483 χρῆαο

306 1524 342 1560 5.
366 1523 467 1569 ἡμῶν
491 1525 570 1557 Bav.
659 1526 691 1558 6.
712 1527 908 1569 χαριεῖσθε
931 1530 966 1558 et
985 1533 1014 1559 v.
1035 1537 1063 1561 s.
1084 1524 1247 1566 θήσεσθε
1266 1526 1305 1560 R.
1324 1526 1403 1558 Bav.
1424 1525 1534 1571 Lugd.
1550 1537 1622 1560 var.

305 1570 388 1615 (Cl.)
416 1571 540 1614 Intpr.,
563 1574 782 1614 χαριεῖσθαι
812 1576 849 1604 et
872 1570 1060 1612 θήσεσθαι
1080 1572 1172 1616 vulg.
1266 1572 1297 1604 8.
1322 1570 1413 1615 ἡμῖν
1428 1569 1483 1610 R„
1506 1571 1624 1604 sedin

306 1625 373 1659 mg.
399 1616 498 1660 ὑμῖν.
572 1617 625 1648 ἔτι
647 1616 747 1649 abest
766 1617 804 1649 in
818 1618 857 1649 R.
922 1610 1020 1660 πρὸς
1039 1614 1082 1658 δή
1101 1626 1145 1660 γε
1163 1618 1240 1649 Βαν.
1311 1627 1361 1649 ιο.
1385 1617 1624 1662 ληῖσαμένοις

307 1662 345 1693 R.
367 1662 446 1693 Bav.
464 1660 570 1704 Lugd.
589 1672 618 1694 2.
641 1673 699 1700 m.‚
712 1662 922 1706 ληῖσμένοις
939 1662 1029 1705 vulg.
1108 1660 1234 1698 αὐτοῖς
1255 1661 1333 1694 Bav.
1421 1673 1470 1696 ιι.
1494 1659 1620 1702 ἐπειδὴ

307 1706 453 1745 mensi
481 1707 572 1750 vulg.
670 1709 718 1741 ¹3-
746 1706 782 1738 οἱ
801 1706 878 1739 add.
908 1706 945 1738 R.
982 1712 1018 1739 et
1054 1707 1134 1741 Bar.
1225 1705 1366 1740 τούτων
1394 1708 1430 1739 R.
1464 1713 1501 1740 et
1530 1709 1622 1746 Bav„

307 1750 422 1794 τούτῳ
455 1751 543 1794 vulg.
639 1752 689 1785 15.
715 1752 777 1784 Pro
800 1750 939 1786 πόνους
962 1752 1042 1787 Bar.
1063 1752 1258 1796 πολέμους.
1356 1755 1405 1787 18.
1429 1750 1620 1797 Ἀλαμαναὶ

309 1797 346 1828 R.
376 1794 484 1840 Lugd.
501 1808 531 1829 2.
554 1807 596 1828 m.
612 1796 719 1840 Intpr.
735 1820 745 1836 ‚
792 1789 930 1830 Ἀλανῶ
954 1797 1043 1840 vulg.
1114 1809 1166 1832 20.
1190 1796 1401 1843 Θευδιβέρης
1427 1797 1492 1831 τοῦ
1513 1797 1623 1842 Lugd.

305 1841 491 1887 πρότερον
511 1842 554 1876 R.
572 1841 695 1886 Lugd.,
713 1842 780 1874 τοῦ
798 1843 983 1887 προτέρου
1014 1841 1094 1876 edd.

219 1920 339 1960 offert3
376 1919 464 1963 quin
485 1919 603 1963 potius
628 1920 740 1952 iustus
763 1920 803 1952 in
826 1929 884 1951 eos
909 1921 1082 1952 exercitus
1109 1924 1161 1953 est
1187 1919 1394 1961 mittendus,
1421 1925 1458 1954 et
1485 1930 1527 1952 ex
1555 1929 1620 1952 vo-

219 1965 274 1997 his
295 1964 378 2007 ipsis
399 1964 470 1996 dux
500 1964 629 2009 aliquis
653 1965 704 1997 rei
728 1964 878 1997 bellicae
907 1966 1041 2009 peritus
1070 1966 1103 1998 ei
1130 1965 1405 2009 praeficiendus,
1437 1967 1499 2010 qui
1528 1965 1624 1998 bello

219 2010 383 2042 adversus
415 2011 587 2042 Romanos
611 2010 743 2054 optime
767 2010 950 2049 confecto,
986 2009 1070 2043 hinc
1096 2021 1155 2044 eos
1178 2023 1283 2056 quam
1305 2012 1472 2044 citissime
1495 2012 1623 2054 exigat,

218 2061 428 2099 nostrasque
454 2054 557 2087 nobis
580 2060 688 2088 terras
713 2060 906 2099 recuperet.
954 2054 1029 2087 Hoc
1058 2057 1151 2089 enim
1182 2058 1364 2096 facientes,
1390 2062 1426 2089 et
1452 2055 1625 2088 Gothicae

218 2101 357 2132 nationi
373 2111 592 2143 summopere
607 2100 903 2145 gratificabimini‚
915 2106 1105 2133 servatores
1124 2103 1366 2147 malorumque
1383 2101 1625 2145 profligatores

219 2145 411 2184 declarati,
447 2151 650 2190 vestrasque
673 2147 779 2178 simul
803 2157 857 2178 res
883 2145 922 2178 in
950 2150 1028 2178 tuto
1054 2147 1321 2186 collocaveritis,
1354 2147 1383 2179 si
1407 2146 1500 2179 nihil
1522 2147 1624 2179 vobis

218 2191 370 2234 amplius
394 2190 524 2223 hostile
551 2202 594 2223 ex
617 2192 743 2224 vicinis
779 2191 956 2236 reliquum
986 2191 1056 2223 fiat.
1115 2193 1170 2225 Ad
1200 2192 1287 2225 haec
1323 2194 1492 2225 immensa
1521 2191 1623 2224 vobis

218 2237 281 2268 fiet
296 2238 468 2279 pecuniae
487 2238 652 2277 accessio,
675 2247 748 2270 non
770 2237 884 2269 solum
909 2247 952 2269 ex
973 2237 1115 2280 praeda,
1140 2249 1246 2284 quam
1265 2237 1307 2270 de
1328 2238 1490 2271 Romanis
1511 2237 1623 2270 facie-

219 2281 277 2321 tis,
301 2281 364 2313 sed
387 2286 422 2313 et
448 2282 526 2314 aliis
552 2293 638 2327 quas
665 2293 728 2314 nos
753 2282 1001 2326 persolvemus.
1402 2310 1404 2312 .

309 2328 341 2361 6.
389 2327 484 2359 Haec
507 2338 585 2359 cum
611 2327 783 2360 dixissent
805 2327 934 2371 legati,
966 2326 1215 2361 Theodibaldo
1244 2327 1390 2373 quidem
1413 2326 1504 2372 (erat
1527 2327 1623 2360 enim

218 2382 341 2415 parum
375 2383 561 2416 generosus
598 2377 634 2405 et
667 2373 755 2406 belli
789 2373 996 2416 imperitus,
1043 2378 1151 2418 atque
1181 2373 1269 2406 adeo
1304 2372 1486 2406 morbidus
1517 2372 1623 2406 etiam

219 2427 436 2461 corporeque
459 2417 630 2463 invalido)
661 2429 782 2451 eorum
801 2419 930 2463 petitio
948 2429 1020 2451 non
1043 2418 1230 2451 admodum
1252 2418 1479 2462 probabatur,
1506 2427 1622 2462 neque

219 2463 371 2506 putabat
391 2469 553 2506 oportere
581 2463 626 2495 ob
648 2464 782 2496 alienas
820 2464 1035 2496 calamitates
1061 2465 1204 2506 privatis
1232 2461 1496 2496 difficultatibus
1518 2461 1622 2494 labo-

219 2508 390 2552 ribusque
414 2508 555 2541 involvi.
603 2509 786 2542 Leutharis
817 2519 899 2542 vero
924 2514 960 2541 et
983 2510 1173 2549 Butilinus‚
1201 2510 1339 2542 tametsi
1365 2508 1401 2540 id
1428 2508 1500 2550 regi
1524 2508 1623 2550 ipso-

221 2564 297 2584 rum
321 2554 466 2586 minime
490 2554 675 2597 placebat,
714 2555 802 2587 belli
826 2565 903 2587 cum
931 2554 982 2587 eis
1009 2556 1213 2588 societatem
1241 2555 1408 2587 inierunt.
1456 2553 1562 2586 Erant
1585 2551 1625 2583 hi

221 2597 291 2630 duo
320 2600 474 2642 germani
500 2600 635 2639 fratres,
660 2611 786 2644 genere
811 2599 955 2644 quidem
980 2599 1185 2640 Alemanni,
1212 2601 1398 2632 maximam
1421 2608 1503 2630 vero
1530 2596 1624 2641 apud

221 2643 369 2677 Francos
406 2646 603 2688 potentiam
632 2646 832 2685 consecuti,
877 2645 964 2678 adeo
1002 2650 1042 2678 ut
1066 2646 1205 2680 nationi
1227 2646 1383 2690 ipsorum
1406 2646 1624 2687 praeessent,
