1832 3152
563 151 938 197 HISTORIARUM
966 153 1015 190 v.
1042 155 1082 193 ιι
1300 158 1303 159 ⁷
1470 119 1578 177 285

150 266 278 306 ἐκεῖνο
313 260 364 316 δὴ
392 254 465 302 ουν
497 258 544 300 τὸ
574 253 709 311 αχθος
746 249 979 309 ἀπορὃοῳὲν
1003 248 1083 293 ὗπὸ
1105 251 1181 291 τοῦ
1202 250 1332 290 σάλου
1365 245 1437 286 καί
1462 239 1583 298 οἷφει-
1595 250 1633 283 Α.
1651 248 1688 281 C.
1705 247 1772 292 557

149 331 298 384 μένον,
335 324 527 406 ἐμπίπτει
550 339 596 378 γε
623 318 737 378 αὐτῷ
759 318 873 376 ἇμφί
896 319 949 375 τῇ
970 317 1129 373 κεφαλῇ
1154 331 1222 356 και
1258 315 1454 363 κατέαξεν
1478 297 1664 350 (flua-LI·
1679 299 1718 330 3¹

150 409 244 437 σαν.
269 410 340 435 και
361 392 384 434 ὅ
413 393 491 445 μὲν
520 405 579 439 εις
611 389 807 430 τοσοῦτον
830 383 957 439 μόνον
982 381 1163 438 ἆρκέσας
1190 381 1261 422 ἑπί
1292 381 1342 436 τῇ
1373 377 1505 432 πληγῇ
1532 375 1591 423 εἷς

153 456 251 501 οσον
281 458 510 510 ἆνοιμῶξαι
548 453 660 511 βαρύ
696 470 739 494 τι
772 450 845 492 καί
880 448 1165 504 υποκάρδιον,
1214 444 1337 487 πάλιν
1369 444 1434 485 ἐπ’
1466 440 1595 494 αὐτῆς

125 522 283 570 ὄέκειτο
312 524 383 583 τῆς
413 518 558 576 εὗνῆς,
589 521 647 578 τῶ
680 515 850 572 θανάτω
884 512 1170 568 πεπιλημένος.

258 586 310 631 δ’.
355 584 469 643 ”Ht577
497 589 543 629 δὲ
575 586 737 641 ἡμέρας
761 580 1060 639 ἐπιφανείσης,-
1095 578 1380 631 ἁσμενέστατα
1419 571 1597 616 ἐθεῶντο

127 652 356 711 ἀλλήλους
390 653 712 704 υπαντιάζοντες
745 648 783 691 οἳ
820 647 1013 705 φίλτατοι
1042 661 1114 686 και
1151 641 1366 698 ξυνήθεις,
1407 656 1478 682 και
1511 636 1629 680 σὺνΒ

150 720 380 778 ὄλοφυρμῶ
397 715 695 773 ἐμπλεκόμενοι
718 712 855 771 ἧσπάζ
857 729 951 756 οντο
977 712 1089 768 σφᾶς
1114 726 1171 759 ως
1190 711 1370 761 ἕκαστοι,
1395 704 1596 762 ἧὸὁμειοί

158 803 205 829 τε
235 803 326 840 αμα
354 785 426 827 καί
455 781 738 831 ἀπιστοῦντες.
778 778 870 822 ἐπει
893 781 941 821 δὲ
973 774 1218 825 Ἀιατόλιος
1243 772 1382 830 νεκρὸς
1409 774 1594 829 ἐφέρετο,
1601 778 1644 812 V.
1659 779 1720 812 103

101 868 221 895 ioum
245 853 317 894 ἐπι
342 849 419 906 τήν
446 847 585 906 ταφὴν
618 844 851 901 ἀπεχώρει,
890 843 982 887 τότε
1010 842 1062 898 δι’]
1096 840 1198 884 ἔνιοι
1226 842 1303 883 τοῦ
1326 838 1475 892 ὅμίλου
1509 840 1594 880 διε-

149 917 388 995 θρύλλουν,
418 932 474 965 ως
511 910 594 970 ἄρα
626 913 888 956 ἐνδικωτατα
915 910 977 965 εἰη
1005 906 1274 986 ἆνῃρῃμένος,
1303 901 1445 956 αδικός
1467 921 1512 948 τε
1550 921 1595 954 ες

149 981 202 1025 τὰ
223 981 410 1036 μάλιστα
443 977 618 1035 7εγονώς
645 976 718 1019 καὶ
741 975 917 1026 πολλοὺς
940 973 1072 1017 πολλοὶ
1097 971 1174 1016 ὅσα
1194 975 1278 1016 τῶν
1305 972 1463 1015 οἰκείων
1483 972 1595 1049 {spy-

142 1052 351 1106 ρημένος,
401 1043 466 1089 ὅτι
509 1062 554 1088 τε
594 1044 639 1086 αἱ
679 1044 867 1100 γραπταί
900 1040 1066 1090 σανίδες
1105 1042 1258 1083 ἐκεῖναι
1288 1038 1362 1080 καὶ
1400 1037 1454 1080 τὰ
1489 1036 1596 1093 ράκη

149 1115 204 1158 τὰ
229 1112 511 1170 ὖποπὸρφυ”ρα
545 1112 589 1160 ἐς
623 1110 716 1152 τόδε
760 1105 876 1150 αὕτη)
904 1106 1264 1161 ἅπετελεύτησαν,
1316 1102 1346 1147 ἃ
1379 1103 1429 1159 δὴ
1463 1102 1598 1146 πολλὰ

102 1185 233 1230 ι5τοῖς
264 1182 349 1221 ’τῶν
382 1175 645 1231 εὖδαιμόνων
686 1173 813 1223 οἴκοις
843 1172 966 1227 θαμὰ
996 1175 1217 1226 ἐπέβαλλε,
1264 1171 1339 1226 τήν
1376 1171 1434 1219 εἰς
1471 1174 1596 1224 βασι-

150 1246 226 1290 λέα
257 1259 424 1287 ευνοιαν
454 1240 784 1298 προϊσχόμενος,
823 1241 896 1281 καί
930 1238 1061 1295 ταύτῃ
1099 1235 1262 1279 ἅπαντα
1288 1234 1591 1293 ἐσφετεριζετο,

151 1308 396 1366 βιαζόμενος
425 1309 504 1362 μὲν
546 1305 723 1361 α’ναίὸην
757 1322 824 1347 και
847 1301 1112 1360 ᾱιαρρηγνύς
1137 1301 1189 1345 τὰ
1210 1302 1480 1356 βουλεύματα
1507 1302 1590 1342 τῶν
1600 1309 1627 1343 C

151 1377 464 1430 ἀποιχομένων,
510 1372 674 1428 χαίρειν
712 1373 759 1413 ds}
798 1369 929 1412 πολλὰ
961 1373 1090 1424 λέγων
1130 1374 1217 1418 τοῖς
1255 1367 1421 1421 νόμοις,
1467 1369 1511 1410 οὶ
1542 1365 1589 1410 ὼ

150 1441 251 1492 τούς
283 1441 439 1489 παῖδας
474 1442 740 1496 κληρονομεῖν
777 1437 970 1478 ἐθέλουσι
1001 1437 1074 1489 τῆς
1108 1435 1192 1476 τῶν
1227 1431 1452 1490 φυσάντων
1477 1450 1597 1490 περι-

98 1506 312 1557 αοουσίας.
350 1507 526 1548 τοιαῦτα
562 1505 640 1558 μὲν
667 1498 742 1545 οὖν
768 1505 812 1545 ἑν
835 1507 920 1551 τοῖς
948 1502 1151 1556 πλήθεσιν
1173 1498 1472 1555 ἐψιθυριζετο,
1524 1501 1597 1543 καί

153 1573 289 1616 ἐδόκει
317 1572 535 1628 διαφανῶς
566 1569 592 1624 ἦ
615 1569 728 1611 αἰτία
751 1568 826 1610 τοῦ
846 1568 1160 1646 ξυνενεχθὲνξος
1191 1564 1410 1621 εὑρῆσθαι.
1445 1564 1524 1619 ἐγώ
1545 1567 1595 1608 δὲ

153 1635 271 1695 ἄμφι
300 1653 429 1680 ταυτα
476 1635 570 1678 λίαν
611 1636 818 1689 διαπορῶ,
876 1649 946 1674 και
991 1629 1067 1673 οὐκ
1100 1629 1185 1686 ε’χω
1216 1629 1592 1686 ἀπισχυρίσασθαι,

245 1719 278 1742 2.
294 1706 346 1753 ιῖιι
386 1706 398 1739 ἱ
414 1705 456 1751 τῇ
481 1714 565 1750 κεφ.
589 1705 641 1745 R„
668 1703 733 1736 ἐπὶ
749 1701 791 1748 τῇ
813 1713 847 1735 κ.
862 1701 956 1744 vulg.
1017 1713 1049 1746 9.
1072 1699 1152 1745 ἅμα
1170 1711 1238 1733 om.
1250 1701 1289 1733 R.
1361 1712 1410 1734 12.
1429 1696 1593 1736 πολλοὺς

242 1754 369 1788 πολλα
384 1751 465 1787 ὅσα.
484 1752 543 1785 Sic
567 1749 726 1791 correxi,
750 1749 861 1794 lntpr.
879 1761 988 1794 quam
1008 1732 1130 1782 maliis
1149 1747 1275 1788 multa,
1296 1744 1419 1780 7107).oe
1441 1746 1511 1780 ὅσα
1535 1749 1591 1788 R„

241 1798 410 1837 πολλοὺς
431 1797 544 1835 ὅσους
561 1798 660 1843 vulg.
717 1796 767 1840 ι.4
787 1797 841 1832 εἰς
861 1807 926 1841 pro
954 1795 991 1831 ἐς
1007 1795 1083 1830 Par.
1124 1794 1416 1835 ἀπετελεύτησεν
1436 1796 1473 1829 R.
1539 1806 1590 1839 ι7.

243 1847 490 1894 impudentius
512 1846 637 1890 Intpr„
657 1842 794 1885 ιῖνέὸην
814 1843 852 1876 R.
875 1847 912 1876 et
931 1842 1026 1886 vulg.
1097 1852 1150 1875 21.
1166 1842 1236 1874 τοῦ
1252 1840 1417 1886 §um-5159.
1443 1843 1495 1883 R„
1512 1841 1589 1887 εύρ.

239 1896 310 1929 τοῦ
329 1895 406 1934 ξυν.
426 1893 520 1938 vulg.

151 1967 309 2004 motum,
330 1964 368 1997 in
393 1962 506 2011 ipsius
527 1965 638 2006 caput
661 1960 813 2000 corruit,
837 1963 1030 2004 totumque
1050 1957 1236 2003 confregit.
1283 1957 1403 2004 Atque
1422 1956 1481 1990 hic
1506 1957 1590 2003 qui·
1646 1958 1650 1963 '

153 2009 238 2044 dem
271 2021 352 2044 cum
385 2008 567 2042 tantulum
599 2006 771 2052 temporis
807 2006 934 2050 plagae
970 2006 1027 2039 illi
1062 2005 1340 2050 supervixisset,
1378 2009 1418 2037 ut
1449 2015 1590 2049 gravem

152 2056 334 2103 quendam
355 2061 394 2089 et
417 2066 461 2089 ex
484 2056 558 2088 imo
583 2058 730 2099 pectore
757 2052 904 2086 ductum
926 2053 1098 2098 gemitum
1125 2051 1271 2094 ederet,
1310 2063 1430 2085 rursus
1461 2052 1500 2085 in
1535 2051 1590 2084 lc-

151 2104 248 2138 ctulo
272 2101 456 2140 decubuit,
479 2105 594 2135 morte
617 2111 820 2144 oppressus.

242 2148 276 2194 4.
322 2149 393 2184 Die
414 2158 500 2182 vero
528 2149 600 2181 iam
621 2147 852 2180 illucescente
871 2172 881 2187 ‚
911 2145 1152 2179 libentissime
1181 2145 1387 2179 amicissimi
1411 2157 1452 2179 ac
1482 2145 1591 2178 fami-

150 2197 258 2230 liares
293 2206 370 2230 sese
402 2200 526 2228 mutuo
559 2193 758 2238 conspicati
791 2199 895 2233 sunt,
939 2193 1082 2226 obviam
1109 2192 1172 2224 alii
1199 2193 1279 2225 aliis
1304 2193 1413 2233 facti,
1449 2197 1486 2226 et
1508 2204 1589 2225 cum

151 2243 294 2288 ploratu
325 2244 421 2287 ipsos
450 2240 692 2285 amplexantes
720 2239 1044 2280 exosculabantur,
1079 2243 1206 2283 utpote
1251 2238 1445 2284 gaudentes
1481 2239 1589 2272 simul

152 2295 190 2322 et
220 2289 436 2323 diffidentes.
485 2287 576 2321 Cum
603 2290 724 2320 autem
750 2285 912 2320 Anatolii
940 2287 1047 2319 funus
1078 2287 1264 2319 efferretur
1289 2298 1329 2319 ac
1360 2286 1587 2331 sepeliretur,

150 2342 229 2369 tum
250 2346 334 2369 vero
358 2333 503 2381 quidam
523 2345 542 2367 e
559 2332 666 2367 turba
686 2333 933 2388 spargebant
923 2345 962 2366 1n
980 2333 1118 2378 vulguS,
1146 2343 1228 2365 eum
1252 2333 1446 2366 iustissime
1466 2344 1485 2366 e
1508 2344 1586 2365 mc-

141 2383 213 2416 «lio
244 2382 448 2421 sublatum,
483 2381 618 2426 quippe
650 2381 714 2424 qui
744 2380 1000 2413 iniustissimus
1026 2379 1179 2419 fuisset,
1208 2380 1412 2426 multosque
1442 2391 1587 2412 suorum

150 2430 346 2463 amicorum
369 2428 575 2472 spoliasset3
599 2426 772 2473 quodque
796 2427 881 2460 illae
909 2428 1064 2471 scriptae
1105 2426 1262 2459 tabellae
1310 2432 1347 2460 et
1380 2427 1592 2470 subpnrpu..

149 2476 204 2511 rei
229 2476 340 2520 panni
365 2474 462 2508 hunc
493 2473 630 2507 exitum
653 2472 880 2514 habuissent,
918 2485 1008 2519 quos
1032 2474 1096 2506 ille
1132 2473 1341 2518 frequenter
1384 2473 1591 2517 opulcntio-

149 2534 228 2556 rum
265 2521 433 2555 domibus
464 2520 658 2564 imposuit,
694 2525 908 2565 praetexens
949 2519 1241 2554 benevolentiam
1267 2532 1348 2565 erga
1386 2521 1589 2562 Imperato-

151 2581 250 2613 rem,
279 2579 392 2614 eaque
418 2568 560 2600 ratione
584 2568 706 2600 omnia
742 2567 814 2600 sibi
852 2567 1084 2612 corrogabat,
1120 2568 1326 2599 convellens
1361 2566 1590 2610 impudenter

151 2622 190 2650 et
212 2616 394 2661 resignans
432 2619 605 2647 extremas
636 2618 858 2646 mortuorum
883 2614 1110 2654 voluntates,
1133 2613 1274 2658 legibus
1301 2613 1445 2656 longum
1470 2613 1590 2645 valere

151 2663 270 2703 iussis,
295 2673 386 2707 quae
409 2661 548 2700 volunt,
572 2664 614 2692 ut
634 2659 743 2693 liberi
768 2664 955 2704 parentum
973 2671 1120 2693 suorum
1142 2659 1239 2692 bona
1264 2659 1487 2692 haereditate
1512 2670 1591 2691 cer--

151 2714 249 2742 nant.
298 2709 403 2742 Talia
426 2709 551 2753 itaque
578 2705 674 2751 apud
696 2706 821 2750 vulgus
846 2707 1143 2744 susm-rabuntur,
1175 2706 1340 2749 tantique
1364 2706 1450 2738 mali
1484 2717 1588 2738 causa

152 2755 336 2801 explorata
361 2758 614 2801 compertaque
639 2763 716 2787 esse
744 2751 940 2789 videbatur.
999 2753 1071 2796 Ego
1098 2762 1178 2787 vero
1206 2751 1250 2784 de
1276 2750 1330 2784 his
1358 2752 1599 2786 vehementer*
