1794 3112
552 101 926 146 fflsTomARUM
967 105 1038 142 111.
1077 103 1144 146 13.
1491 74 1596 148 169

161 220 314 262 ἐκεῖνον
346 210 512 258 εὔνοιαν
550 215 878 270 σκηπτομένους,
923 210 1123 254 τάναντία
1159 211 1443 261 διανοεῖσθαις
1481 200 1688 248 ἆλλὰΔ.0.
1706 210 1779 256 554

160 285 326 327 δέδοικα
343 279 402 338 μή
423 279 496 323 καί
514 281 640 334 μόνου
666 278 795 336 χάριν
818 282 895 320 τοῦ
916 276 1228 333 διαλογίζεσθαι
1243 276 1379 318 ταῦτα
1403 274 1476 315 καὶ
1499 273 1595 314 δια-
1618 260 1740 296 Ῑ·Ῑ·’8

162 353 327 391 σκοπεῖν
359 345 557 401 μεγίστας
592 346 801 402 ὖφέξομεν
824 344 951 394 δίκας.
993 344 1124 397 εἰμὲν
1146 341 1225 398 γὰρ
1253 343 1318 383 ἐπ’
1338 336 1508 395 ἀδήλοις
1527 337 1597 379 έλ-

160 415 252 456 πίσι
281 414 354 456 καί
383 410 457 468 τὴν
483 412 554 468 ἐφ’
587 408 759 468 ἑκάτερα
792 408 926 467 ῥοπὴν
957 410 1271 463 ἐπιδεχομέναις
1297 403 1351 447 τὰ
1377 407 1453 461 τῆς
1489 404 1596 446 ἄπο-

134 478 341 529 Sardoam
363 476 464 534 ἧμῖν
487 479 706 532 ἕμελετᾶτο
718 510 732 530 ,
770 471 822 532 ἦν
850 479 929 530 μὲν
957 471 1008 518 ἂν
1032 474 1105 525 καὶ
1124 472 1221 516 τόδε
1243 470 1399 524 δεινὸν,
1433 471 1505 512 ἐπὶ
1523 486 1596 523 τη-

159 543 360 588 λικούτων
381 542 632 601 πραγμάτων
654 540 810 598 κινήσει
827 541 958 597 μόνης
978 537 1190 597 ἠρτῆσθαι
1210 538 1285 593 τῆς
1311 535 1454 591 τύχης,
1487 533 1596 590 πλὴν

159 607 250 653 ἀλλ’
275 612 371 666 ἐξῆν
391 607 494 660 ἴσως
512 614 599 659 τοῖς
612 611 748 650 ταῦτα
774 607 1074 665 προῃρημένοις
1096 601 1340 659 ἀδεέστερον
1357 602 1456 656 γοῦν
1476 596 1596 643 ἀναι-

159 677 405 731 σχυντῆσαι.
450 678 491 717 εἰ
521 676 568 717 δὲ
593 672 858 727 πανταχόθεν
890 667 1099 728 προῦπτον
1126 671 1334 712 δείκνυται
1370 664 1418 708 τὸ
1455 662 1602 717 κακὸν,

158 742 246 790 πῶς
267 737 317 782 οὗ
338 742 535 795 μισητέον
558 737 715 787 αὐτοὺς
736 734 932 792 τοιαύτην
954 736 1115 779 ἔννοιαν
1134 732 1408 789 ἐμβαλόντας,·
1435 730 1495 780 ὥς
1513 731 1591 783 μὲν
1602 738 1636 772 P.
1650 737 1700 778 89

106 801 237 848 ιοοῦν
261 806 463 862 ἀφεκτέον
482 805 583 860 ἡμῖν
607 804 800 857 ἐκείνων,
842 802 913 844 καί
936 801 987 858 δή
1007 801 1187 857 μετρίως
1212 797 1385 855 έᾷῥήθη.
1415 797 1526 855 φημί
1545 797 1594 837 δὲ

158 873 247 914 δεῖν
264 874 435 925 βασιλεῖ
447 873 529 912 τῶν
556 867 784 923 “Ρωμαι’ων
809 867 857 910 τὸ
879 866 1044 922 συμβάν
1074 863 1338 922 ἀναγγεῖλαι,
1374 863 1432 913 ὥς
1451 860 1504 905 ἂν
1527 863 1595 904 έν-

157 934 366 979 &exdram
387 936 567 992 μετέλθῃ
588 932 688 982 τούς
708 935 784 976 τοῦ
794 932 1032 987 μιάσματος
1050 932 1329 984 αἰτιωτάτους,
1358 929 1430 972 καί
1450 930 1490 972 εἰ
1511 930 1592 982 μὲν

156 999 360 1056 ἐθελήσει,
389 1001 634 1042 πεπαῦσθαι
661 997 855 1041 τολοιπὸν
887 1000 959 1054 τῆς
982 996 1084 1054 πρὸς
1109 995 1352 1051 ε,Ρωμαίους
1372 996 1592 1052 διαφορᾶς,

156 1059 231 1108 arat*
259 1071 468 1122 συνεργεῖν
491 1060 620 1114 αὖθις
651 1063 724 1106 καὶ
751 1062 1133 1120 συστρατεύεσθαι,
1172 1064 1246 1104 καί
1267 1064 1351 1105 τῶν
1381 1061 1594 1118 προτέρων

108 1132 384 1185 ιόμετέχομεν
407 1129 784 1185 συνδιαιτημάτων.
823 1131 864 1172 εἰ
886 1131 932 1171 δὲ
958 1126 1166 1170 ἆπώσοιτο
1189 1126 1266 1183 τήν
1289 1125 1473 1180 ἀξίωσιν,
1500 1124 1594 1168 τότε

156 1194 209 1252 δή
237 1197 480 1250 βουλευτέον
509 1195 633 1251 ἡμῖν,
669 1193 782 1251 εἴπερ
830 1193 975 1250 ἑτέραν
1011 1192 1106 1237 ὁδὸν
1145 1194 1356 1250 τραπῆναι
1396 1189 1593 1235 συνοίσει.

157 1260 266 1305 οὕτω
304 1261 383 1318 γάρ
418 1263 650 1314 ποιοῦντες,
700 1255 792 1303 οὔτε
828 1262 905 1303 τοῦ
939 1259 1179 1316 τεθνηκότος
1213 1260 1487 1314 ἐπιλελῆσθαι
1521 1256 1594 1299 δό-

157 1329 298 1380 ξοιμεν
333 1323 408 1381 ἂν,
447 1321 541 1369 οὔτε
562 1329 778 1385 προπετείᾳ
809 1327 963 1379 μᾶλλον
993 1322 1020 1381 ἢ
1052 1324 1193 1382 γνώμῃ
1218 1324 1270 1367 τὰ
1288 1325 1472 1380 ἡμέτερα
1497 1325 1591 1366 δια-

158 1394 363 1435 unffi-‘vad'
1590 1407 1632 1442 v·
1655 1407 1704 1453 64

107 1489 160 1517 20
267 1469 338 1511 ιδ’.
390 1470 642 1524 Εἰρημένων
672 1471 720 1511 δὲ
749 1470 821 1511 καί
846 1469 1027 1522 τούτων,
1055 1468 1336 1525 παλινῳδίαν,
1361 1466 1408 1509 τὸ
1432 1464 1628 1521 λεγόμε-Β

253 1557 285 1592 5.
310 1557 372 1590 καὶ
386 1555 471 1590 τόδε
493 1558 531 1591 R.
551 1561 588 1592 et
613 1559 723 1603 Intpr.
748 1559 810 1593 vel
820 1557 863 1592 id
874 1584 883 1600 ‚
897 1559 960 1591 καὶ
974 1557 1056 1591 τότε
1068 1558 1160 1603 vulg.
1210 1558 1240 1591 8.
1258 1555 1501 1600 πανταχόθεν
1512 1555 1597 1592 add.

253 1615 298 1637 ex
323 1604 359 1636 R.
386 1608 424 1637 et
437 1605 550 1648 Intpr.
575 1604 829 1652 undequaque.
877 1617 910 1650 9.
934 1604 1182 1651 ἐμβαλλόντας
1205 1602 1285 1637 edd.
1339 1615 1390 1638 ιο.
1406 1603 1501 1648 ὑμῖν
1519 1604 1595 1636 Par.

251 1654 291 1684 et
315 1650 426 1695 Intpr.
478 1661 535 1688 12.
557 1652 716 1697 μετέλθῃ
741 1653 782 1689 R.
797 1676 807 1693 ,
840 1651 1018 1698 μετέλθοι
1043 1651 1136 1696 vulg.
1187 1651 1236 1686 15.
1261 1648 1355 1682 Num
1377 1649 1574 1695 μετέχεινὲ

159 1752 266 1782 vero,
285 1740 574 1776 benevolentiam
595 1752 676 1786 erga
695 1741 814 1787 ipsum
837 1741 1142 1787 praetexentibus,
1167 1741 1345 1774 contraria
1370 1739 1591 1774 deliberari?

158 1788 231 1823 Sed
251 1798 388 1829 vereor,
406 1799 452 1821 ne
475 1788 532 1822 vel
557 1798 598 1821 ea
621 1788 697 1821 sola
720 1787 765 1822 de
801 1799 926 1829 causa,
970 1788 1067 1834 quod
1093 1787 1182 1821 haec
1208 1787 1326 1821 animo
1352 1788 1592 1832 cogitatione-

157 1845 230 1881 que
258 1834 528 1879 agitaverimus,
559 1835 729 1868 maximas
755 1845 888 1879 poenas
914 1835 1023 1868 simus
1051 1834 1219 1873 subituri.
1269 1833 1307 1866 Si
1333 1835 1430 1867 enim
1453 1835 1591 1867 incerta

156 1891 222 1926 spe
245 1879 430 1926 dubioque
452 1886 582 1920 eventu
602 1886 640 1913 et
662 1882 769 1914 variis
792 1883 831 1915 in
856 1882 1025 1915 utramvis
1049 1885 1188 1926 partem
1213 1881 1403 1914 momentis
1427 1879 1587 1914 obnoxio

158 1926 397 1960 defectionem
424 1927 542 1968 moliti
570 1937 744 1968 essemus,
779 1933 855 1962 erat
877 1927 1040 1973 profecto
1067 1927 1176 1960 etiam
1199 1926 1269 1960 hoc
1292 1937 1410 1972 grave,
1435 1928 1476 1959 in
1506 1930 1589 1959 tan—

160 1977 276 2007 tarum
306 1984 423 2006 rerum
452 1978 551 2007 motu
577 1985 597 2006 a
621 1974 695 2007 sola
720 1975 866 2008 fortuna
889 1974 1067 2018 pendere;
1106 1973 1269 2006 licuisset
1289 1978 1410 2006 tamen
1436 1973 1588 2006 sortasse
1633 1970 1636 1974 ’

158 2019 218 2060 iis,
229 2019 292 2064 qui
317 2017 388 2053 hoc
411 2019 555 2053 consilii
583 2026 763 2065 ceperant,
777 2021 928 2054 liberius
954 2019 1274 2065 impudentiusque
1299 2019 1340 2053 id
1364 2018 1518 2064 aggredi.
1547 2018 1587 2051 Si

159 2076 243 2099 vero
266 2067 421 2110 pravitas
445 2064 552 2100 huius
578 2067 721 2100 consilii
746 2071 782 2100 et
803 2067 897 2100 mala
920 2066 1006 2100 inde
1031 2066 1271 2111 exspectanda
1297 2066 1396 2099 omni
1418 2077 1462 2099 ex
1484 2069 1587 2109 parte

158 2115 243 2144 sunt
264 2112 455 2156 conspicua
478 2117 515 2146 et
536 2113 740 2154 manifesta,
766 2125 837 2159 quo
863 2118 969 2158 pacto
994 2125 1068 2147 non
1092 2114 1168 2146 sint
1190 2112 1289 2157 digni
1314 2111 1412 2153 odio,
1436 2112 1499 2157 qui
1523 2121 1588 2147 vos

158 2158 200 2190 in
222 2155 316 2199 hanc,
335 2158 587 2204 cogitationem
610 2158 853 2193 induxerunt?
900 2158 1092 2203 Quomodo
1112 2160 1221 2204 igitur
1243 2157 1498 2192 abstinendum
1514 2168 1584 2190 no-

157 2202 216 2237 his
234 2203 279 2237 ab
296 2204 367 2238 illis
387 2206 454 2247 sit,
479 2210 516 2240 et
537 2205 684 2251 quidem
704 2205 889 2239 moderate
912 2206 1048 2239 dictum
1066 2210 1128 2239 est.
1176 2205 1248 2250 Ego
1274 2216 1356 2239 vero
1381 2206 1434 2239 ita
1450 2204 1582 2245 sentio,

158 2248 295 2288 factum
313 2250 430 2294 ipsum
458 2253 509 2286 ita
533 2257 574 2285 ut
600 2251 734 2286 accidit
759 2253 974 2297 Imperatori
1005 2263 1083 2286 esse
1112 2250 1366 2292 nuntiandum,
1401 2256 1442 2285 ut
1475 2250 1586 2283 nimi-

159 2306 240 2329 rum
273 2296 466 2331 iustissime
503 2297 764 2332 animadvertat
802 2299 842 2331 in
866 2299 1079 2344 praecipuos
1115 2297 1232 2332 caedis
1266 2304 1442 2332 auctores.
1475 2295 1586 2342 Quod

160 2340 307 2386 quidem
333 2343 363 2375 si
386 2343 535 2384 fecerit,
562 2350 684 2378 nostra
707 2356 787 2378 cum
810 2346 976 2378 Romanis
1004 2345 1165 2378 simultas
1191 2344 1443 2387 consopietur,
1469 2349 1507 2376 et
1533 2343 1586 2375 la-

157 2386 287 2420 borum
312 2388 656 2436 expeditionumque
679 2391 886 2425 societatem
914 2392 1177 2437 pristinamque
1205 2401 1284 2423 cum
1307 2390 1395 2436 ipsis
1431 2400 1586 2424 consue-

158 2433 325 2467 tudinem
349 2433 679 2481 redintegrabimus.
729 2437 768 2470 Si
796 2447 879 2471 vero
905 2438 1084 2481 repulsam
1117 2437 1313 2482 patiamur,
1348 2437 1588 2482 petitionem-

159 2490 232 2525 que
255 2485 411 2514 nostram
436 2482 591 2523 reiiciat,
616 2488 691 2516 tum
716 2483 858 2516 demum
883 2483 1154 2517 deliberandum
1180 2484 1260 2524 erit,
1290 2494 1335 2515 an
1360 2483 1468 2515 aliam
1491 2482 1584 2513 viam

159 2525 298 2570 ingredi
324 2526 505 2570 expediat.
551 2529 604 2561 lta
629 2530 725 2563 enim
752 2530 945 2570 facientes,
969 2541 1089 2575 neque
1113 2530 1245 2563 mortui
1271 2528 1436 2562 Gubazae
1476 2527 1584 2560 obliti

159 2582 237 2605 esse
261 2571 482 2615 videbimur,
507 2585 624 2621 neque
652 2576 851 2614 temeritate
877 2577 998 2620 potius
1023 2587 1130 2622 quam
1162 2575 1314 2610 consilio
1352 2586 1407 2608 res
1445 2577 1586 2609 nostras

160 2619 384 2659 institueref‘

253 2675 303 2727 ll}-
352 2674 415 2714 His
445 2674 550 2716 dictis
573 2676 701 2723 Colchi
725 2677 970 2725 palinodiam,
996 2684 1035 2716 ut
1062 2684 1115 2715 est
1138 2680 1176 2715 iu
1206 2676 1416 2725 proverbio,
1443 2676 1584 2718 cecine-
