1832 3152
538 120 911 165 uls'romARUM
952 123 1019 161 ιν.
1042 122 1084 166 6.
1443 119 1472 152 2
1488 118 1505 152 1
1524 116 1550 172 7
1575 104 1578 107 ’

114 229 185 267 λον
202 222 274 266 καί
293 217 435 264 εὔνουν
459 223 531 264 καί
544 220 748 271 ’πολλάκις
768 222 1184 280 προκεκινδυνευκότα
1202 222 1281 264 ταῖν
1295 223 1421 270 πέλας
1439 215 1581 265 εἶναιΑ
1612 230 1649 264 C.
1677 232 1743 268 555

115 293 300 346 συμβαίη
326 287 398 331 τὸν
420 284 676 344 ἧδίκημένον.
715 289 780 339 τίς
808 287 888 345 γὰρ
911 287 934 330 ὅ
958 291 1032 330 τοῦ
1059 290 1242 344 Περσῶν
1269 286 1451 330 πλούτου
1477 279 1678 329 mil-1³9

111 361 196 400 ταῖν
224 356 548 412 προτεινομένων
574 354 772 397 ἁπάντων
795 353 871 409 την
905 354 1005 411 πρὸς
1031 354 1143 408 ὑμᾶς
1175 348 1343 396 εὔνοιαν
1368 349 1550 405 ἀλλαξά-

115 438 235 478 μενος
244 441 258 475 ,-
287 422 351 470 τίς
374 419 395 462 ὃ
420 418 497 475 τὴν
516 419 709 477 Χοσρόου
732 423 878 477 φιλίαν
895 418 1117 478 ὑπεριδών,
1144 422 1238 471 καί,
1267 417 1400 474 παρὸν
1424 420 1555 461 ἐκεῖσε

84 488 216 546 ὄπρός
245 486 437 543 μεγίστην
471 488 740 541 εὐδαιμονίαν
776 489 991 544 χωρῆσαι,
1030 484 1078 528 τὸ
1108 489 1207 541 παρ’
1256 485 1356 539 ὑμῖν
1384 483 1553 528 ἔλαττον

115 555 360 611 α’γαπήσαςς
387 554 448 604 τίς
469 554 490 598 ὃ
508 552 706 611 πρότερον
730 555 804 609 τῆς
819 551 961 610 χώρας
978 550 1059 595 ὑπὸ
1077 551 1244 607 Μήδων
1265 550 1338 594 ἐπὶ
1360 555 1549 593 πλεῖστον
1565 555 1591 587 Β

111 619 264 677 χρόνον
285 622 540 677 πιεζομένης,
572 623 644 662 καί
666 620 741 675 τῆς
759 623 859 677 παρ’
885 619 1006 673 ὖμῶν
1028 617 1269 674 ἐπικουρίας
1294 615 1358 659 ἔτι
1375 616 1555 671 μελλού-

114 702 215 741 σης,
254 685 466 740 μεταστάς
489 686 648 743 ἀθρόον
679 684 753 728 καί
779 683 1127 739 μετοικισάμενος
1157 684 1223 726 ἐπ’
1254 682 1385 733 αὐτὰς
1420 682 1555 739 δήπου

113 750 192 802 τὰς
213 749 450 808 ὑπερβολὰς
467 754 541 795 τοῦ
559 752 807 805 Καυκάσου,
837 747 1022 793 ἐνταῦθα
1047 766 1093 791 τε
1115 747 1307 807 θηριώδη
1331 748 1422 792 τινα
1447 749 1559 791 δίαι-

70 829 197 859 ιοταν
219 820 374 871 μᾶλλον
395 817 579 868 ὑποστὰς
604 818 814 871 μετιέναι,
851 814 879 872 ἢ
893 817 1202 874 προσηκάμενος
1223 815 1299 871 τήν
1323 817 1407 858 τῶν
1438 819 1559 857 πολε-

114 882 224 936 μίων
254 882 564 941 φιλοφροσύνην
602 885 675 926 καί
715 882 903 938 καταβὰς
932 881 1037 926 οἴκοι
1065 885 1205 936 μένειν
1247 883 1292 924 ἐν
1330 881 1560 939 εὐπαθείας

115 946 181 1000 τίς
204 949 255 1006 δη
279 945 355 992 οὖν
385 945 530 1004 οὗτος,-
578 951 730 999 ἐκεῖνος
753 949 777 991 o‘
799 951 931 1006 μηδὲν
957 951 1040 991 τῶν
1067 951 1211 992 δεινῶν
1225 984 1238 1003 ,
1266 943 1319 1004 ἦν
1344 965 1385 990 τι
1404 950 1558 989 παθεῖν

116 1017 223 1074 ὑπὲρ
247 1016 368 1070 ὑμῶν
386 1014 484 1070 ἔδει,
512 1012 851 1072 κατορῥωὸήσας,
876 1017 917 1058 Γ
915 1014 1105 1071 ουβάζης,
1142 1010 1178 1058 ὦ
1204 1013 1323 1069 νόμοι
1348 1013 1420 1057 καί
1440 1013 1560 1068 δι’κηὶ

119 1081 366 1138 ὄμηδίσας,
407 1081 429 1124 ὅ
459 1082 684 1138 τύραννος,
722 1079 743 1123 ὅ
769 1080 822 1123 τὰ
852 1078 1070 1134 Ῥωμαίων
1103 1082 1448 1137 καταπροέμενος·
1488 1080 1562 1122 καὶ

73 1150 318 1205 ιότέθνηκεν
347 1146 431 1190 ὑπὸ
464 1147 715 1191 ‘Povau'nov
754 1163 797 1190 τε
834 1147 906 1188 καί
942 1145 1162 1199 Ἰωάννου,
1205 1148 1421 1203 βδελυρῶν
1453 1143 1561 1188 οὕτω

118 1213 192 1256 καὶ
219 1213 516 1257 καταπτύστων
553 1212 788 1271 ἀνθρώπων
804 1248 817 1267 ,
863 1212 964 1270 ἀνὴρ
1001 1212 1210 1268 βασιλεύς·
1259 1207 1368 1271 ᾧπερ
1416 1214 1455 1255 εἰ
1494 1212 1566 1254 καί

119 1279 309 1322 τοιούτου
331 1281 458 1335 μετῆν
478 1277 536 1329 ὥς
563 1280 732 1336 ἀληθῶς
756 1278 1049 1335 ἐπικλὴματος,
1079 1275 1168 1321 ἀλλ’
1193 1275 1274 1333 οὐχ
1301 1276 1384 1320 ὑπὸ
1406 1278 1600 1326 τούτωνο

121 1344 251 1388 αὐτὸν
275 1346 402 1402 ἐχρῆν
433 1344 565 1396 εὐθυς
597 1341 868 1401 ἀνηρπάσθαι
880 1379 893 1398 ,
923 1346 1122 1401 κριθέντα
1147 1345 1192 1387 δὲ
1211 1347 1368 1398 μᾶλλον
1392 1343 1564 1398 σχολαί-

121 1425 239 1466 τερον
272 1409 357 1452 ὖπὸ
388 1413 462 1453 τοῦ
500 1413 640 1453 κοινοῦ
679 1408 905 1463 εΡωμαίων
938 1426 984 1452 τε
1023 1409 1093 1452 καὶ
1131 1407 1314 1464 Κόλχων
1346 1410 1566 1464 βασιλέως,

69 1472 201 1521 ὶοᾶτε
230 1474 281 1531 δη
302 1477 500 1531 μεγίστου
525 1476 597 1519 καί
623 1479 679 1533 τῷ
694 1478 818 1518 παντὶ
846 1478 1102 1532 κρείττονος,
1132 1475 1416 1532 προσηκόντως
1436 1491 1566 1528 τιμω-

122 1543 318 1598 ρηθῆναι.
345 1538 435 1583 ἄλλ’
463 1541 603 1598 ἐπειδη
626 1541 782 1598 ταύτης
807 1541 857 1597 δὴ
884 1544 957 1597 τῆς
981 1541 1226 1598 μιαιφονίας
1249 1541 1362 1584 αἰτία
1390 1543 1468 1595 μὲν
1487 1537 1567 1582 αὖά

125 1613 210 1656 τοῖς
239 1605 395 1658 ἔνδικος
429 1604 511 1662 οὔχ
535 1609 667 1664 ὑπῆν,
705 1609 927 1662 δυσμένεια
962 1609 1008 1649 δὲ
1034 1610 1192 1661 μᾶλλον
1224 1607 1455 1662 παράλογος
1482 1603 1564 1648 ὖπό

219 1693 246 1715 ι.
274 1682 339 1714 καὶ
364 1687 448 1715 ante
472 1681 656 1719 πολλάκις
680 1694 752 1717 om.
778 1683 816 1715 R.
910 1683 940 1726 4.
966 1680 1145 1728 Κοσρόου
1170 1679 1269 1736 sph.³
1285 1681 1360 1714 Par.
1440 1682 1472 1736 8³·
1495 1689 1564 1725 με-

215 1727 482 1774 τοικισάμενος
506 1730 558 1770 Β.,
581 1727 902 1774 μετοικησοέμενος
925 1729 1018 1773 vulg.
1164 1739 1213 1761 12.
1249 1739 1295 1768 ην
1328 1738 1392 1772 pro
1423 1737 1492 1762 ουν
1524 1728 1562 1760 Β.

220 1777 273 1810 18·
301 1774 422 1809 αὐτὸν
449 1776 526 1822 ἐχρ.
552 1772 671 1812 &3135-
694 1776 754 1817 R„
780 1776 861 1808 ⁸15³.
888 1775 966 1821 ἐχρ,
993 1773 1072 1808 αὐτ.
1099 1775 1191 1820 vulg.

122 1865 258 1901 iniuria
279 1869 335 1899 est
363 1867 518 1900 affectus.
568 1866 660 1913 Quis
686 1867 783 1900 enim
814 1870 869 1900 est
893 1867 957 1912 qui
981 1866 1130 1899 Persicis
1159 1865 1291 1910 opibus
1323 1865 1565 1911 omnibusque

122 1911 230 1947 rebus
255 1912 385 1946 oblatis
409 1913 698 1947 benevolentiam
715 1924 796 1958 erga
813 1923 874 1946 vos
895 1912 1149 1946 commutavit?
1183 1912 1286 1957 Quis,
1312 1914 1376 1959 qui
1393 1913 1565 1946 Chosrois

125 1959 320 1994 amicitiam
338 1965 565 2004 aspernatus,
591 1959 688 2005 apud
719 1970 827 2006 quem
854 1959 971 1992 facilis
993 1959 1026 1992 ei
1052 1959 1098 1992 ad
1127 1970 1278 1993 summas
1305 1959 1451 1993 divitias
1483 1959 1564 1993 adi-

123 2009 183 2038 tus
205 2006 403 2050 patuisset,
426 2008 564 2041 minore
581 2006 676 2051 apud
694 2016 756 2040 vos
783 2007 863 2040 loco
887 2016 964 2040 esse
987 2006 1143 2040 maluit?
1170 2006 1261 2051 Quis
1287 2012 1393 2040 antea
1417 2008 1564 2051 regione

124 2056 241 2084 vestra
259 2051 464 2097 longissimo
487 2059 649 2098 tempore
682 2064 702 2085 a
722 2053 839 2086 Medis
873 2063 1061 2098 oppressa,
1095 2052 1423 2099 cunctantibusque
1448 2051 1566 2086 adhue

125 2098 251 2130 vestris
271 2098 417 2132 auxiliis
430 2124 439 2139 ,
466 2100 655 2133 confestim
671 2102 818 2132 mutatis
838 2101 1092 2145 translatisque
1105 2099 1252 2133 sedibus
1275 2099 1449 2134 altissima
1468 2098 1566 2133 Cau-

128 2143 202 2176 casi
227 2144 310 2188 iuga
339 2145 496 2187 insedit,
530 2152 638 2191 atque
673 2146 730 2180 ibi
760 2146 911 2179 ferinam
952 2148 1074 2191 potius
1112 2146 1294 2193 quandam
1321 2147 1429 2180 vitam
1463 2158 1566 2191 agere

127 2189 320 2232 sustinuit,
343 2198 469 2237 ‘quam
498 2192 656 2226 hostium
680 2193 940 2233 munificentia,
964 2192 1111 2226 domum
1139 2203 1313 2234 reversus,
1340 2193 1500 2227 molliter
1530 2198 1568 2227 et

129 2236 283 2270 delicate
310 2237 459 2272 vivere?
483 2238 574 2285 Quis
600 2239 770 2273 tandem?
801 2239 866 2272 Ille
899 2240 959 2273 cui
992 2239 1089 2273 nihil
1117 2239 1208 2273 adeo
1240 2245 1318 2274 erat
1349 2239 1499 2275 arduum
1531 2246 1569 2273 et

128 2292 254 2327 grave,
279 2283 396 2329 quod,
421 2285 450 2318 si
472 2292 588 2320 vestra
609 2297 713 2319 causa
734 2285 960 2319 tolerandum
981 2291 1095 2328 esset,
1129 2285 1398 2327 reformidaret,
1439 2286 1568 2320 Gubu—

128 2340 198 2369 zes,
222 2339 243 2362 o
261 2330 377 2374 leges,
401 2342 422 2364 ο
443 2332 602 2366 iustitia!
629 2333 715 2373 ille,
745 2334 904 2378 inquam,
921 2332 1085 2366 Gubazes
1117 2333 1360 2367 defectionem
1379 2333 1426 2366 ad
1440 2333 1569 2367 Medos

127 2381 290 2416 tentans,
323 2377 387 2409 ille
416 2383 612 2422 tyrannus,
643 2379 707 2412 ille
737 2380 975 2413 Romanorum
1006 2379 1190 2424 proditor-3
1230 2386 1267 2413 et
1307 2391 1427 2413 caesus
1458 2385 1513 2413 est
1544 2392 1564 2413 a

128 2422 273 2455 Rustico
294 2427 332 2455 et
346 2423 490 2465 Ioanne,
513 2425 601 2458 adeo
625 2426 773 2459 nefariis
802 2426 1025 2472 abiectisque
1046 2426 1273 2467 hominibus,
1315 2427 1371 2460 vir
1399 2438 1462 2460 rex
1491 2426 1565 2458 du-

129 2473 224 2502 ctus:
254 2470 318 2514 qui
354 2469 465 2502 etiam
496 2471 527 2504 si
550 2483 671 2505 revera
697 2473 918 2506 eiuscemodi
945 2473 1085 2505 crimini
1110 2473 1240 2506 fuisset
1263 2473 1461 2512 obnoxius,
1488 2483 1565 2507 non.

128 2520 250 2548 tamen
292 2515 395 2549 illum
431 2518 552 2551 statim
586 2518 630 2551 ab
656 2518 714 2552 his
740 2530 759 2552 e
787 2519 907 2552 medio
932 2519 1014 2552 tolli
1038 2518 1252 2564 oportebat,
1286 2519 1351 2553 sed
1375 2521 1496 2564 potius
1523 2524 1566 2551 ut

129 2567 210 2597 reus
237 2567 401 2606 peractus
427 2566 651 2598 cunctantius
676 2577 696 2597 a
721 2566 901 2599 communi
928 2567 1168 2600 Romanorum
1191 2567 1328 2610 pariter
1352 2571 1388 2599 et
1408 2564 1565 2599 Colcho-

130 2618 210 2640 rum
233 2609 450 2653 Imperatore
467 2635 476 2650 ,
498 2615 624 2656 utpote
648 2613 800 2645 maximo
828 2612 1061 2658 omniumque
1094 2613 1401 2652 eminentissimo,
1433 2613 1562 2644 merito

130 2655 311 2698 supplicio
335 2655 540 2692 afficeretur.
587 2656 718 2690 Verum
753 2669 833 2691 cum
870 2659 970 2692 nulla
1005 2659 1078 2691 illis
1109 2659 1269 2703 legitima
1302 2658 1409 2691 huius
1443 2659 1562 2692 caedis

132 2700 392 2750 pssxpetraudae
418 2713 520 2737 causa
546 2703 677 2745 ruerit,
718 2704 780 2743 sed
800 2706 923 2755 potius
947 2716 1119 2744 vesanum
1152 2705 1332 2751 quoddam
1367 2704 1490 2746 odium
1520 2716 1563 2745 ex.
