1722 3146
275 154 360 190 XIV
912 150 1034 190 VlTA

276 261 397 301 quem
423 245 675 286 Alexandria
707 246 817 299 ipsa,
845 260 1057 300 nunquam
1083 253 1202 287 antea
1213 249 1370 288 moveri
1397 250 1544 302 solita,
1572 248 1693 291 sen-⁷

271 319 380 352 serat
395 341 407 361 ,
438 311 838 364 Constantinopolim
859 326 1066 365 regressus
1088 319 1148 353 est
1168 316 1220 362 8).
1254 307 1257 310 ’
1275 314 1411 364 Quem
1440 315 1670 360 studiorum

270 375 514 415 iuvenilium
538 389 703 414 cursum
723 376 794 427 qui
813 378 1088 429 reputaverit,
1121 391 1202 416 non
1228 377 1430 416 dubitabit
1449 378 1669 431 Agathiam

270 445 370 478 tunc
397 439 602 478 decimum
626 445 818 479 octavum
844 441 984 480 aetatis
1006 455 1160 479 annum
1189 455 1392 494 egressum
1422 456 1505 480 non
1527 442 1668 493 fuisse,

268 502 436 556 eiusque
466 503 646 542 natalem
667 503 709 541 in
740 517 897 542 annum
923 504 1036 553 536„
1073 505 1141 543 vel
1171 511 1439 557 sequentem,
1470 506 1669 548 incidere.

267 568 407 617 Quum
429 580 527 606 vero
547 567 718 620 Berytus
741 568 812 606 illa
830 568 946 607 clade
968 569 1148 621 collapsa
1173 574 1290 619 esset,
1310 583 1393 607 non
1413 569 1584 608 dubium
1605 575 1668 608 est

266 643 359 669 eum
381 631 423 669 in
442 631 541 669 urbe
556 632 670 684 regia
685 637 964 671 antecessores
988 632 1202 672 audivisse.
1257 634 1372 684 Quae
1388 633 1522 672 studia
1537 646 1668 686 quum

265 694 452 747 quinque
485 708 614 734 annos
646 695 892 748 implerent,
939 695 1073 748 quarti
1102 696 1145 733 in
1173 695 1351 748 quodam
1375 697 1666 750 epigrammate

263 758 452 799 meminit
475 759 540 809 9):
579 765 620 798 et
640 758 737 798 alibi
773 759 886 812 leges
915 760 1120 798 Romanas
1150 765 1280 799 artem
1313 774 1428 799 suam
1459 773 1545 799 esse
1579 760 1666 813 ipse

264 825 479 876 profitetur
506 825 586 874 1⁰);
643 837 814 876 quarum
855 824 1135 876 cognitionem
1181 837 1278 863 cum
1315 824 1485 864 dicendi
1529 824 1666 864 facul-

262 893 344 927 tate
378 887 433 926 ita
465 888 684 927 coniunxit
713 893 758 925 ut
786 902 924 927 causas
951 895 1046 927 ante
1073 888 1300 927 tribunalia
1337 894 1493 929 oraret:
1537 887 1665 940 idque

261 951 651 1004 Constantinopoli,
682 951 753 990 ubi
772 952 814 990 in
837 950 1006 991 basilica
1027 951 1249 992 clientibus
1265 965 1431 1006 operam
1453 951 1575 990 dabat
1595 953 1664 1001 11),

261 1015 471 1055 causidici
501 1022 601 1054 tunc
630 1015 865 1054 scholastici
899 1016 1154 1055 vocabantur
1175 1017 1263 1066 12),
1328 1016 1440 1054 unde
1465 1014 1666 1068 Agathiae

260 1094 490 1135 cognomen
529 1079 673 1121 haesit.
739 1079 894 1118 Tenuit
926 1086 1062 1120 autem
1097 1080 1205 1120 istud
1243 1079 1354 1120 vitae
1391 1093 1522 1133 genus
1559 1079 1666 1118 invi-

259 1153 343 1197 tus,
391 1160 438 1185 ae
460 1143 700 1184 necessitate
730 1150 919 1193 coaetus,
959 1151 1004 1182 ut
1031 1144 1188 1183 victum
1227 1144 1305 1184 sibi
1340 1148 1562 1196 quaereret
1582 1143 1617 1171 ¹³
1635 1145 1690 1195 ):·

257 1225 350 1250 nam
379 1210 431 1249 ad
469 1207 704 1247 amoeniora
739 1208 871 1246 studia
901 1208 1122 1247 sevocabat
1151 1208 1458 1249 adolescentem
1489 1207 1665 1246 honesta

257 1275 463 1315 voluntas.
527 1273 759 1311 Exaruerat
792 1272 980 1310 nondum
1020 1273 1176 1324 poesis,
1229 1271 1503 1324 vivebantque
1529 1269 1666 1310 adhuc

255 1338 299 1376 in
327 1352 396 1377 ore
422 1336 636 1375 hominum
665 1335 830 1374 fabulae
862 1335 1096 1375 vetustatis:
1136 1336 1238 1388 quin
1266 1335 1475 1386 florebant,
1497 1334 1539 1372 in
1569 1334 1664 1373 aula

255 1402 345 1456 ipsa
378 1407 501 1454 atque
539 1400 650 1438 inter
676 1413 868 1451 proceres
903 1399 974 1451 qui
1011 1399 1196 1439 versibus
1228 1399 1456 1452 pangendis
1488 1398 1663 1451 gloriam

255 1465 334 1505 sibi
361 1468 635 1518 quaererent:
666 1476 926 1514 quamquam
968 1476 1051 1501 non
1081 1462 1324 1502 imminebat
1352 1462 1488 1501 solum
1517 1475 1663 1501 verum

255 1529 420 1568 iamiam
445 1527 757 1580 ingravescebat
779 1525 1001 1576 barbaries,
1020 1540 1124 1579 quae
1148 1540 1258 1575 mox,
1288 1525 1475 1565 extincto
1494 1525 1662 1578 penitus

255 1592 515 1646 antiquitatis
540 1589 716 1637 lumine,
747 1590 1001 1629 densissimis
1025 1590 1231 1640 tenebris,
1258 1601 1503 1640 mor-umque
1524 1589 1662 1628 imma-

254 1659 395 1708 nitate,
414 1659 592 1696 Graecas
611 1653 802 1707 regiones
815 1654 1008 1702 foedavit,
1031 1659 1327 1705 stuporemque
1342 1665 1419 1705 pro
1438 1652 1662 1704 prudentia

252 1721 433 1762 induxit.
485 1720 550 1758 Ad
565 1719 689 1756 hasce
706 1717 877 1755 delicias
889 1716 1082 1769 Agathias
1103 1716 1276 1766 delatus,
1307 1715 1486 1770 primum
1505 1723 1658 1756 amato-

253 1786 315 1826 ria
334 1783 516 1825 carmina
539 1781 679 1820 brevia
699 1780 884 1832 scripsit,
917 1794 1022 1833 quae
1045 1781 1085 1818 in
1114 1794 1264 1819 novem
1284 1780 1437 1830 libros,
1473 1780 1658 1834 Daphni-

254 1865 324 1890 aea
350 1848 589 1900 inscriptos,
620 1844 790 1895 collegit
808 1844 886 1895 ¹²¹):
917 1845 1118 1898 pluraque
1139 1850 1355 1896 praeterea
1382 1844 1567 1884 eiusdem
1585 1859 1657 1898 ge-

255 1914 365 1955 neris
391 1913 492 1950 alia:
522 1925 544 1950 e
567 1923 746 1963 quorum
765 1922 936 1947 numero
961 1908 1090 1948 multa
1111 1913 1333 1961 supersunt
1353 1909 1656 1962 epigrammata,

254 1992 338 2018 non
354 1978 584 2016 invenusta.
610 1975 770 2022 Postea,
783 1973 856 2012 sed
871 1979 1070 2026 regnante
1082 1972 1218 2012 adhuc
1232 1973 1462 2012 Iustiniano
1475 1974 1508 2001 ¹⁵
1521 1978 1550 2022 ),
1567 1973 1657 2012 eol-

253 2043 366 2097 legit,
397 2039 576 2093 atquein
601 2043 755 2091 septem
773 2037 899 2076 libros
915 2037 1095 2090 digess1t,
1119 2037 1424 2090 epigrammata,
1452 2036 1658 2090 siquidem

254 2108 342 2148 eius
362 2105 485 2146 verba
507 2103 559 2142 ad
574 2102 752 2141 litteram
773 2100 1082 2154 interpretanda
1106 2107 1203 2140 sunt
1229 2101 1527 2151 recentiorum,
1551 2114 1658 2140 non-

296 2227 333 2273 8)
358 2226 446 2259 Hist.
480 2226 526 2258 ΙΙ.
564 2225 613 2257 16.
643 2234 676 2267 p.
711 2234 764 2266 99.
854 2220 891 2265 9)
915 2220 1027 2265 Epigr.
1054 2221 1086 2264 4.
1145 2221 1211 2253 Illo
1236 2231 1329 2253 anno
1352 2219 1457 2253 λύπαι
1487 2219 1656 2253 ‹liceban-

343 2277 419 2312 tur,
443 2270 536 2303 unde
556 2266 600 2301 τοὶ
623 2267 762 2312 λύσιμα
786 2266 860 2300 τῶν
876 2265 1002 2310 νόμων
1024 2286 1064 2290 ——
1086 2266 1187 2299 inser.
1211 2267 1316 2310 epigr.
1338 2268 1393 2300 23.
1416 2285 1462 2290 -
1488 2266 1656 2311 explicari

345 2328 448 2362 posse
470 2316 646 2349 videntur.
692 2312 857 2357 Agathias
884 2317 979 2344 trans
1004 2317 1143 2355 portum
1161 2313 1198 2344 in
1227 2313 1368 2355 regione
1391 2312 1516 2344 Peraea
1541 2322 1656 2344 mora-

343 2364 466 2402 batur,
497 2366 537 2394 ut
558 2365 813 2404 postremorum
840 2357 960 2390 decem
983 2357 1154 2389 librorum
1178 2358 1407 2401 singularium
1434 2357 1655 2390 difficultati-

343 2410 410 2442 bus
435 2407 609 2440 solvendis
635 2415 777 2448 operam
805 2402 923 2442 daret,
962 2403 1082 2445 procul
1119 2403 1162 2435 ab
1192 2403 1289 2435 urbis
1314 2403 1461 2446 strepitu
1489 2407 1651 2436 remotus.

350 2457 403 2500 ιο)
427 2455 583 2486 Prooem.
610 2451 631 2483 l.
666 2462 695 2484 c.
812 2448 865 2493 ιι)
889 2448 977 2480 Hist.
1008 2449 1068 2480 ΙΙΙ.
1103 2460 1128 2481 1.
1158 2459 1192 2492 p.
1233 2450 1305 2481 138.
1353 2447 1459 2492 Quod
1489 2447 1652 2494 Smyrnae

345 2510 464 2534 causas
495 2509 608 2531 orasse
637 2496 878 2533 coniecerunt,
923 2500 1109 2537 propterea
1147 2493 1242 2538 quod
1269 2495 1486 2539 Σμυρναῖον
1519 2492 1652 2535 σχολα-

345 2539 473 2579 στικὸν
493 2545 531 2576 in
550 2543 651 2575 libris
671 2541 842 2583 corruptis
861 2539 978 2571 vocari
998 2538 1186 2580 vidissent,
1211 2539 1249 2572 id
1272 2550 1353 2572 vero
1380 2548 1490 2583 usque
1513 2537 1557 2570 ad
1575 2543 1651 2570 sto-

344 2592 515 2625 liditatem
550 2593 708 2632 argutum
738 2591 790 2619 est
820 2589 1060 2618 commentum.
1168 2596 1205 2618 12
1257 2585 1323 2618 Iae.
1352 2583 1511 2617 Gothofr.
1543 2582 1587 2615 ad
1610 2582 1649 2615 C.

344 2635 479 2670 Theod.
502 2635 592 2668 VIII.
622 2645 672 2669 10.
699 2645 732 2668 2.
780 2631 878 2663 Tom.
903 2630 944 2661 II.
971 2640 1003 2673 p.
1026 2631 1104 2674 627.
1130 2629 1183 2662 ed.
1237 2631 1303 2674 ips.
1414 2628 1573 2674 13)Hist.
1590 2628 1647 2659 111.

344 2682 368 2715 1.
386 2694 411 2715 c.
507 2680 562 2725 14)
584 2679 698 2724 Epigr.
723 2690 752 2722 7.
851 2674 904 2720 15)
929 2674 968 2706 Id
989 2686 1030 2708 ex
1054 2675 1276 2719 praefatione
1295 2678 1448 2720 apparet.
