1832 3152
327 203 354 236 2
370 203 387 236 1
399 204 432 236 o
891 198 1161 242 AGATHIAE

134 299 226 350 Δίς.
242 296 437 349 5550301',
466 295 599 338 εἴποῦ
623 313 685 347 τις
711 294 838 339 αὖτόν
868 302 1036 341 τοιαῦτα
1062 303 1271 353 τολμῶντα
1302 301 1372 342 καί
1390 301 1625 354 α’ποκτείνοι,
1653 294 1723 344 οὕ..

186 347 308 392 ¹·I·²9
321 363 366 402 δὲ
394 362 514 402 τοῦτο
540 359 636 415 ἧμῖν
667 359 860 414 ἐσόμενον
892 359 972 403 ἄπο
1004 362 1179 418 τρόπου,
1221 362 1368 407 οὗκοῦν
1397 364 1496 407 οὐδὲ
1526 365 1667 414 ποινὰς
1697 366 1724 406 ὅ

320 424 480 478 δράσας
501 424 643 480 ὑφέξει
666 426 740 466 τοῦ
759 426 1060 480 ἐγχειρήματος.
1089 427 1136 467 οὔ
1163 427 1239 482 γὰρ
1268 427 1322 476 ὥς
1347 430 1570 484 μιαιφόνον
1595 427 1722 470 αὐτὸν

318 491 558 540 κολαστέον,
598 490 685 529 ἀλλ’
708 490 763 538 οἷς
789 489 1103 543 τυραννοκτόνον
1130 493 1367 533 ἐπαινετέον.
1379 496 1405 511 ”
1475 491 1500 546 ἦ
1537 494 1614 544 μὲν
1649 487 1721 534 οὖν

315 551 428 607 παρὰ
448 555 647 605 βασιλέως
667 552 854 607 ἐπιστολὴ
880 552 1016 594 τοιάδε
1039 548 1137 594 ἅττα
1153 556 1466 610 ἐγκελευσαμένη
1491 557 1745 610 διέγνωστο.ὄ

422 617 470 670 γ’.
515 613 676 658 Αὐτίκα
702 618 746 657 δὲ
781 616 818 657 οἱ
843 612 989 671 ἄνδρες
1023 618 1103 658 τῶν
1138 617 1339 670 Κόλχων,
1389 621 1430 660 οἳ
1457 619 1506 673 δὴ
1543 618 1642 675 πρὸς
1671 617 1717 660 τό

313 686 547 735 κατηγορεῖν
576 681 817 733 ἐτετάχατο,
863 681 1001 734 ἐπειδὴ
1035 679 1186 730 αὐτοὺς
1215 681 1239 722 ὅ
1276 682 1464 737 δικαστὴς
1495 685 1718 738 ἐψηφιζετο

269 743 361 790 nto}
391 745 569 799 σφέτερα
600 742 733 785 αὐτῶν
760 745 1016 796 δικαιώματα
1045 739 1071 800 ᾗ
1095 745 1304 798 βούλοιντο
1326 748 1584 801 προτιθέναι,
1612 745 1651 787 οἱ
1673 748 1718 787 δὲ

310 808 535 865 προθύμως
557 806 713 860 εἴχοντο
739 811 811 849 τοῦ
826 806 1108 862 ἐπικλήματος,
1131 808 1202 850 καί
1215 809 1352 860 ἔλεξαν
1376 810 1528 851 τοιάδε·
1557 806 1717 862 „ssmi-

310 890 392 928 χρη
422 875 523 925 μὲν,
562 867 595 912 ὦ
621 871 812 924 δικαστά,
840 871 885 913 τό
905 875 1217 926 τετολμημένον,
1260 874 1299 914 εἰ
1329 874 1400 914 καί
1425 875 1553 928 μηδὲν
1580 873 1768 920 ὅτιοῦνίὀ

311 937 542 993 φήσαιμεν,
581 941 739 983 ποιναῖς
774 941 864 983 ταῖς
894 937 1102 989 μεγίσταις
1126 935 1297 990 ὑπάγειν
1334 936 1429 986 τοὺς
1459 929 1715 992 δεδρακότας·

307 999 411 1054 πλὴν
445 998 551 1041 ἄλλά
588 1005 672 1047 τοῖς
695 999 909 1054 ὑμετέροις
936 998 1074 1052 νόμοις
1105 1002 1249 1042 δοκοῦν
1280 1000 1326 1041 τὸ
1352 1003 1504 1055 χρῆναι
1533 1000 1604 1041 καί
1634 1002 1714 1043 τῶν

306 1065 501 1118 ἐμφανῶν
521 1065 616 1118 πέρι
640 1062 711 1104 καὶ
730 1063 927 1116 μεγίστων
949 1063 1212 1118 ἀδικημάτων
1231 1062 1288 1119 μὴ
1311 1065 1506 1120 πρότερον
1527 1063 1601 1113 τιὶς
1628 1063 1715 1119 κρί-

305 1144 390 1176 σεις
416 1129 622 1182 ἐκφέρειν,
662 1126 757 1181 πρὶν
793 1123 842 1168 ἂν
877 1126 947 1168 καί
971 1127 1070 1183 λόγῳ
1097 1127 1150 1168 τά
1178 1129 1414 1183 πραχθέντα
1451 1128 1712 1182 διαγορεύειν,

303 1190 451 1245 ἥκομεν
476 1193 548 1232 νῦν
578 1191 765 1245 ἐροῦντες
792 1191 916 1243 μόνον
947 1189 1196 1244 ἀμωσγέπως
1226 1190 1276 1232 τά
1306 1193 1562 1246 γεγενημένα.
1603 1188 1708 1231 οὕτω
1718 1200 1762 1239 15

302 1254 380 1310 γὰρ
418 1251 469 1296 ἂν
499 1257 570 1296 καί
590 1255 688 1309 ἡμῖν
721 1257 1041 1308 διανυσθήσεται
1073 1253 1119 1296 τὸ
1146 1257 1432 1307 νενομισμένον
1442 1288 1455 1307 ,
1495 1256 1534 1296 εἰ
1557 1257 1629 1296 καί
1657 1253 1709 1295 τὰ

301 1320 383 1360 τῶν
406 1318 534 1372 λόγων
567 1317 646 1359 εἶεν
678 1319 787 1359 ἁπλᾶ
807 1318 878 1359 καί
904 1316 1046 1373 ἥκιστα
1081 1321 1411 1372 κεκομψευμένα,
1439 1318 1512 1359 καί
1541 1316 1607 1360 οἷα
1638 1319 1709 1360 τοῦ

206 1391 247 1423 V.
261 1392 303 1435 78
312 1384 512 1439 μεγέθους
544 1384 624 1424 τῶν
651 1384 925 1437 εἰργασμένων
957 1382 1013 1435 μὴ
1041 1385 1296 1432 ἐξικνεῖσθαι.
1340 1383 1438 1423 ποῖἀ
1470 1381 1546 1436 γὰρ
1575 1378 1710 1430 αὐτοῖς

183 1448 534 1499 Ρ.11ολελει’ψεται
566 1448 739 1500 σκῆψις,
778 1441 907 1499 ἄνδρα
931 1447 1145 1498 τοσοῦτον,
1185 1447 1304 1501 φίλον
1327 1446 1428 1498 ὑμῖν
1453 1445 1524 1486 καί
1553 1443 1709 1500 συνήθη

296 1509 370 1552 καί
413 1511 629 1562 σύμμαχον
668 1509 740 1550 καί
779 1509 1013 1560 ὁμοδίαιτον
1050 1509 1122 1550 καί
1156 1508 1407 1562 ὁμόσπονδον
1418 1543 1430 1562 ,
1468 1508 1539 1550 καὶ
1572 1507 1760 1549 watinho

296 1573 394 1630 περὶ
425 1572 471 1614 τὸ
499 1580 680 1628 κρεῖττον
708 1573 964 1627 φρονοῦντα,
1007 1572 1078 1613 καί
1094 1572 1142 1613 τί
1161 1575 1205 1614 δὲ
1231 1570 1428 1626 οὖχίτοὸν
1449 1570 1705 1614 οἰκειοτάτων

297 1639 545 1692 κεκτημένον,
560 1634 731 1691 άναίδην
749 1633 856 1677 οὕτω
879 1637 1262 1691 διαχειρισαμένοις,
1290 1636 1360 1678 καί
1377 1638 1506 1692 πολλῇ
1531 1637 1579 1692 τῇ
1603 1637 1703 1677 δυσ-

389 1720 438 1741 ιο.
467 1703 495 1740 ὦ
520 1707 753 1747 Quaeram,
777 1708 882 1750 Intpr.
908 1706 1055 1740 iudices.
1154 1719 1201 1740 12.
1227 1707 1428 1759 ὑμετέροις,
1440 1708 1586 1747 correxi,
1610 1706 1700 1752 ἤμε-

387 1754 509 1797 τέροις
532 1763 662 1785 omnes.
765 1753 812 1786 15.
836 1753 965 1784 τοίνυν
990 1753 1025 1783 Β.
1054 1763 1116 1795 pro
1148 1754 1226 1786 νῦν.
1274 1753 1367 1784 Num
1392 1763 1431 1784 το
1457 1753 1553 1786 miv?
1647 1754 1695 1786 16.

387 1796 433 1831 ἂν
445 1809 509 1830 om.
525 1799 560 1830 R.
654 1796 881 1836 22 dua56qv.
907 1797 964 1828 Sic
984 1798 1090 1840 Intpr.
1115 1796 1350 1843 impudenter,
1361 1795 1493 1838 ἀνέδην
1506 1799 1542 1831 Β.
1555 1803 1592 1831 et
1604 1799 1695 1842 vulg.

296 1860 374 1904 quis
401 1870 488 1890 eum.
503 1859 588 1891 talia
615 1858 802 1891 audentem
826 1859 933 1889 etiam
956 1857 1194 1898 interfecerit,
1224 1870 1269 1892 ne
1296 1858 1363 1892 hoc
1398 1858 1542 1904 quidem
1570 1860 1695 1891 imme-

295 1905 364 1937 rito
391 1904 519 1936 factum
545 1903 774 1941 censebimus,
799 1913 914 1946 neque
939 1913 1122 1945 percussor
1145 1903 1310 1936 facinoris
1343 1905 1398 1936 sui
1428 1915 1558 1948 poenas
1592 1905 1697 1946 luet;

297 1955 422 1994 utpote
444 1960 516 1981 nou
538 1954 578 1981 ut
605 1947 782 1980 homicida
804 1946 1005 1990 puniendus
1023 1971 1032 1986 ,
1073 1947 1134 1980 sed
1159 1954 1199 1981 ut
1222 1948 1439 1991 tyrannicida
1469 1948 1698 1981 laudandus.⁴‘

293 1994 533 2039 Imperatoriis
557 1994 677 2038 itaque
703 1993 830 2025 litteris
854 1993 939 2024 talia
963 1992 1134 2036 quaedam
1158 1994 1316 2026 mandari
1342 1999 1395 2026 est
1417 1996 1608 2037 cognitum.

382 2041 412 2072 3.
461 2039 586 2072 Statim
609 2049 690 2072 vero
714 2038 783 2070 viri
807 2037 964 2070 Colchici
992 2037 1230 2070 instituendae
1257 2040 1471 2072 accusationi
1501 2039 1696 2082 designati,

293 2095 370 2116 cum
394 2083 502 2117 iudex
525 2085 610 2128 ipsis
633 2082 867 2128 permisisset,
891 2088 932 2115 ut
956 2093 1076 2115 causae
1103 2093 1185 2115 suae
1211 2083 1405 2127 praesidia,
1432 2084 1461 2115 si
1484 2084 1634 2123 vellent,
1657 2084 1696 2116 in

290 2129 445 2162 medium
480 2129 675 2168 adferrent,
721 2129 882 2161 alacriter
918 2128 1197 2160 criminationem
1232 2134 1314 2160 sunt
1347 2128 1491 2168 adorsi,
1535 2129 1573 2161 in
1608 2128 1696 2161 haec

289 2175 421 2207 verba:
454 2174 595 2211 „Scelus
623 2175 739 2217 ipsum
762 2177 1013 2217 perpetratum,
1040 2184 1059 2204 o
1085 2173 1202 2211 iudex,
1229 2179 1360 2216 aperte,
1386 2174 1491 2205 etiam
1514 2173 1616 2206 nobis
1641 2178 1694 2206 ta-

290 2219 465 2258 centibus,
503 2220 658 2251 clamitat
698 2224 857 2251 auctores
899 2217 1104 2261 gravissimis
1151 2219 1334 2261 suppliciis
1382 2229 1456 2251 esse
1489 2218 1660 2252 obnoxios
1683 2233 1691 2252 :

290 2269 445 2297 ceterum
470 2274 547 2296 cum
582 2263 718 2308 legibus
742 2263 866 2297 vestris
892 2262 942 2294 ita
979 2267 1120 2295 cautum
1152 2264 1197 2295 sit
1217 2287 1226 2302 ,
1263 2269 1302 2296 ut
1333 2274 1378 2295 ne
1413 2263 1457 2296 de
1489 2264 1687 2298 manifestis

289 2309 433 2354 quidem
462 2310 694 2354 maximisque
718 2308 924 2341 criminibus
948 2310 1124 2340 sententia
1158 2309 1289 2340 feratur
1307 2333 1316 2347 ,
1351 2307 1463 2341 donec
1494 2309 1584 2341 facta
1614 2311 1689 2352 ipsa

287 2355 396 2399 plana
420 2355 578 2387 oratione
598 2354 771 2397 explicata
798 2354 947 2394 fuerint3
973 2353 1130 2385 venimus
1147 2364 1240 2385 nunc
1261 2364 1352 2398 quae
1375 2354 1466 2386 facta
1491 2359 1572 2386 sunt
1596 2355 1688 2387 sim-

286 2400 428 2445 pliciter
454 2399 659 2444 exposituri.
707 2400 757 2430 lta
789 2398 882 2430 enim
917 2397 1020 2430 ctiam
1053 2409 1072 2429 a
1099 2397 1202 2430 nobis
1229 2398 1466 2441 praestabitur
1494 2397 1589 2444 quod
1612 2399 1688 2443 lege

289 2451 430 2478 cautum
455 2450 528 2484 est,
561 2443 700 2476 etiamsi
732 2444 892 2475 oratione
926 2447 1066 2474 utamur
1101 2443 1253 2487 simplici
1289 2444 1505 2488 minimeque
1541 2449 1686 2484 ornata,

314 2500 448 2535 uaeque
472 2488 749 2534 magnitudinem
784 2488 967 2519 criminum
997 2487 1225 2520 admissorum
1251 2499 1471 2533 nequaquam
1501 2495 1684 2534 exaequet.

287 2503 470 2580 Quaenam
495 2535 589 2567 enim
607 2533 784 2566 excusatio
809 2537 996 2576 suppetere
1019 2538 1138 2576 potest
1162 2534 1222 2573 iis,
1246 2535 1308 2578 qui
1328 2534 1434 2566 talem
1450 2533 1574 2572 virum,
1597 2535 1686 2567 ami-

287 2592 366 2613 cum
388 2580 488 2613 vobis
508 2584 544 2612 et
563 2578 783 2618 familiarem,
812 2579 980 2610 societate
1005 2578 1093 2610 belli
1115 2583 1152 2611 et
1175 2578 1356 2611 foederum
1380 2578 1604 2610 coniunctum
1629 2589 1688 2612 ea—

287 2625 442 2670 demque
464 2625 644 2657 vobiscum
664 2623 708 2656 de
732 2623 812 2655 Deo
835 2623 1067 2663 sentientem,
1094 2628 1130 2655 et
1153 2623 1239 2667 quid
1262 2635 1335 2655 non
1362 2633 1483 2655 eorum
1510 2633 1598 2666 quae
1620 2634 1686 2656 vo—

285 2670 342 2702 bis
357 2671 540 2703 familiaria
563 2674 645 2702 sunt
660 2673 896 2707 consecutum,
913 2668 1048 2700 nefarie
1071 2667 1158 2701 adeo
1183 2668 1456 2707 interfecerunt,
1480 2672 1612 2699 tantam
1639 2677 1685 2698 ue

286 2715 448 2750 adversus
475 2726 536 2750 vos
560 2714 792 2748 hostilitatem
814 2713 1056 2754 declararunt,
1089 2713 1243 2746 hostium
1270 2713 1415 2758 gratiam
1447 2711 1610 2745 demeren
1636 2710 1686 2744 o?
