1832 3152
523 157 898 201 111s'romARm1
930 151 1000 198 rv.
1029 153 1099 195 αι»,
1321 140 1323 142 ’
1442 138 1550 193 255

112 266 311 320 θέο-τερον
337 263 471 304 ποιοῦν
506 260 553 304 τὸ
585 259 837 318 φασκιόλιον.
893 254 1044 315 ἤμελλε
1083 260 1130 300 δὲ
1158 254 1242 316 ἄρα
1272 259 1410 318 χρόνῳ
1439 255 1658 303 ‘Sors-Ao
1678 270 1747 304 556

113 345 190 386 ρον
216 327 364 379 ποινάς
386 327 568 383 μεγάλας
594 327 740 384 ἡλίκας
768 326 1042 368 ἀποτιννύναι
1060 357 1072 368 .
1112 326 1152 368 εἰ
1176 324 1255 383 γὰρ
1286 328 1360 368 καί
1382 325 1559 382 μυρίους
1574 316 1697 353 ¹·1·3⁰

112 393 219 448 μετὰ
245 393 378 437 ταῦτα
407 393 577 449 διήνυσε
605 392 780 445 πόνους,
809 390 885 433 καί
918 393 1108 445 μέγιστον
1142 386 1272 447 ἤρατο
1301 392 1417 441 κλέος
1445 391 1562 448 ἀμφὶ

111 459 185 504 τόν
199 455 364 516 Ἴστρον
390 457 597 513 ποταμὸν,
634 457 710 509 τὰς
747 459 829 500 τῶν
872 455 1101 514 βαρβάρων
1141 455 1375 515 ἐπιδρομὰς
1410 454 1561 501 ἆνακό-

86 529 228 570 firmor
245 559 258 579 ‚
288 525 378 566 ἀλλ’
409 525 533 567 οῦδὲν
562 525 731 567 ἐνθένδε
760 523 785 579 ἦ
815 525 889 564 τοῦ
917 523 1147 580 κρείττονος
1174 522 1407 565 ἐθωπεύετο
1435 522 1528 578 δίκη
1536 532 1592 577 ,Β

115 591 215 634 οὐδὲ
241 590 404 640 τούτοις
427 593 564 633 ἐκεῖνα
592 589 892 632 ἐπεκαλύπτετο
910 605 922 617 ·
955 587 1071 642 ἐζιιενε
1100 590 1159 643 δὲ,
1191 586 1305 642 οἶμαι
1318 623 1331 643 ,
1357 588 1562 645 ἠρεμοῦν-

110 674 164 700 τα
200 659 273 700 καί
299 656 554 714 ἐφυλάττετο
596 655 756 710 μόνιμα
785 656 858 697 καί
893 654 1141 711 οἷνάγραπτα
1179 656 1308 712 μέχρι
1346 657 1426 697 τοῦ
1467 672 1561 696 και-

112 725 192 781 ροῦ
228 725 303 766 τοῦ
335 723 599 779 καθήκοντος.
657 722 709 763 οὖ
747 720 828 777 γάρ
868 718 958 775 ἅμα
996 722 1053 779 τῷ
1092 725 1348 776 πλημμελεῖν
1386 722 1460 763 καί
1484 718 1560 769 τάς
1574 724 1671 769 V-93

110 791 314 844 τιμωρίας
341 783 668 845 ἆναμετρεῖσθαι
707 787 979 843 πεφύκαμεν,
1017 785 1122 840 μετὰ
1162 786 1314 843 χρόνον
1355 788 1402 829 δὲ
1430 786 1487 836 ὥς
1511 784 1563 828 τοὶ

63 855 249 901 ιοπολλὰ
292 856 367 896 καί
408 852 511 904 ἴσως
547 854 669 910 ἡνίκα
695 855 779 895 τῶν
819 855 1102 909 εἰργασμένων
1130 851 1464 908 ἐπιλελήσμεθα.
1491 855 1566 896 καί

115 918 334 974 ἀνιώμεθα
361 922 441 974 μὲν
467 918 514 963 τὸ
540 921 777 976 παραυτίκα
808 925 894 969 τοῖς
924 922 1024 961 καθ’
1051 919 1172 976 ἡμῶν
1198 922 1475 975 γιγνομένοις,
1507 917 1565 968 ὥς

114 985 362 1044 παραλόγως
388 988 462 1029 καί
489 982 566 1028 οὗκ
599 987 644 1029 ἐν
674 987 768 1043 δίκῃ
796 984 1107 1041 συμβεβηκόσι,
1151 985 1226 1028 καί
1250 984 1566 1039 καταιτιώμεθα

116 1051 303 1109 φθόνους
329 1049 618 1109 οἷνθρωπείους
655 1050 785 1106 τυχόν
813 1053 887 1092 καί
914 1053 1185 1104 δυσμενείας,
1229 1050 1287 1102 ὥς
1325 1053 1372 1094 ἐκ
1408 1050 1566 1094 τούτων

117 1117 168 1160 οὖ
195 1115 451 1175 προσήκοντα
479 1116 752 1167 πεπονθότες·
789 1116 836 1159 τό
868 1118 914 1159 δὲ
943 1119 1117 1170 ξυνέχον
1146 1114 1256 1172 ἡμᾶς
1294 1116 1369 1159 καί
1394 1118 1567 1159 διατάτ-

66 1188 188 1230 ιότυν
213 1182 430 1227 ἐπιῖτταται
467 1183 512 1227 τὸ
548 1186 708 1241 πρέπον
735 1181 895 1242 ἑκάστῳ
921 1184 995 1225 καί
1017 1181 1300 1239 ὄφειλόμενον,
1327 1185 1401 1226 καί
1425 1181 1565 1240 τρόπῳ

117 1246 199 1309 ὅτῳ
225 1249 300 1292 καῖ
321 1248 518 1305 βούλεται
545 1252 704 1304 μέτεισι
733 1249 808 1292 καί
841 1247 1054 1304 ἅνιχνεύει
1083 1247 1136 1291 τά
1164 1251 1302 1307 πολλῷ
1324 1247 1601 1306 ἐζιιπροσθενῦ

117 1317 408 1372 ἡμαρτημένα.
439 1313 533 1358 ἀλλ’
555 1315 680 1358 ὁποῖα
705 1318 784 1369 μὲν
806 1310 911 1358 ἄττα
932 1314 1004 1357 ἐπὶ
1022 1313 1242 1372 Ἰουστίνῳ
1273 1311 1448 1370 ὕστερον
1474 1318 1572 1366 ξυν-

118 1382 282 1438 ηνέχθη
320 1383 394 1424 καί
429 1378 541 1431 ὅπως
580 1379 698 1440 αὐτῷ
732 1382 758 1436 ἧ
787 1383 863 1422 τοῦ
887 1382 983 1435 βίου
1004 1382 1167 1436 καὶτῆς
1192 1379 1400 1437 τοσαύτης
1425 1381 1571 1423 εὔδαι-

118 1447 270 1503 μονίας
309 1444 538 1498 κατάλυσις
581 1445 783 1503 ἀδόκητος
831 1447 1062 1501 ἐπεγένετο,
1106 1447 1323 1502 εἰρήσεταί
1339 1462 1414 1500 μοι
1444 1448 1487 1497 ἐς
1521 1447 1567 1488 τὸ

67 1514 292 1571 ἳοοῖκριβὲς
317 1514 498 1566 ἕκαστα,
536 1512 658 1569 ἧνίκα
688 1513 711 1555 ὅ
738 1511 859 1568 λόγος
893 1510 976 1569 ὁδῷ
1008 1510 1083 1555 ἰών
1117 1508 1363 1561 ἀκολούθως
1396 1514 1470 1556 καί
1498 1512 1568 1554 διὰ

120 1580 204 1622 τῶν
232 1579 304 1626 oia*
337 1579 550 1633 ἐχομένων
579 1577 819 1636 φερόμενος,
851 1579 895 1627 ἐς
926 1579 1056 1619 ἐκεῖνο
1092 1579 1168 1619 τοῦ
1203 1577 1359 1634 χρόνου
1388 1594 1571 1634 περιενε-

119 1643 259 1700 χθείη.
286 1646 363 1687 νῦν
396 1646 444 1687 δὲ
478 1642 560 1687 ἀντὶ
595 1643 652 1687 τὰ
687 1642 872 1702 πρότερά
905 1658 982 1698 μοι
1008 1645 1236 1699 ἐπανιτέον,
1265 1645 1340 1686 καί
1359 1635 1446 1696 τοῖς
1477 1641 1570 1700 ἑξῆς

120 1711 403 1767 ἐπιχειρητέα.

219 1795 248 1819 ι.
273 1782 492 1831 φασκόλιον
515 1784 555 1818 Β.
666 1784 716 1818 ι6.
752 1779 811 1816 ὅτε
833 1783 871 1815 R.

124 1874 328 1900 crumenam
357 1862 524 1900 reddens,
573 1862 746 1896 Successu
771 1872 855 1895 vero
881 1862 1054 1907 temporis
1083 1873 1203 1907 graves
1230 1872 1364 1906 poenas
1390 1867 1467 1896 erat
1487 1874 1571 1908 per-

125 1913 318 1955 soluturus.
343 1910 504 1943 Tametsi
529 1910 626 1942 enim
652 1910 816 1942 infinitos
841 1908 1016 1953 posthaec
1038 1910 1182 1943 labores
1210 1910 1419 1950 exantlavit,
1454 1911 1570 1942 maxi-

125 1958 289 2006 mamq'ue
323 1956 470 2003 gloriam
495 1960 550 1989 est
584 1961 796 1989 consecutus
836 1956 929 1988 circa
967 1957 1098 1989 Istrum
1125 1957 1295 1997 fluvium,
1335 1956 1570 2000 barbarorum

124 2006 279 2039 insultus
313 2003 533 2037 retundens:
562 2002 625 2036 sed
650 2001 745 2034 nihil
769 2001 855 2035 inde
882 2002 1007 2035 divina
1031 2003 1194 2036 vindicta
1219 2008 1274 2036 est
1298 2003 1480 2044 emollita,
1503 2012 1572 2036 ne·-

124 2063 197 2098 que
218 2051 275 2085 his
298 2050 363 2084 illa
379 2050 524 2084 obtecta
538 2049 703 2092 fuerunt3
725 2054 937 2083 manserunt
959 2060 1057 2090 vero,
1084 2050 1254 2090 arbitror,
1279 2051 1418 2095 quieta,
1437 2055 1475 2082 et
1492 2060 1569 2083 me-

123 2098 261 2132 moriae
284 2097 434 2131 firmiter
457 2097 580 2137 infixa,
603 2097 643 2129 in
667 2100 914 2141 opportunum
939 2100 1081 2141 tempus
1107 2102 1191 2129 sunt
1218 2096 1408 2129 custodita.
1441 2096 1568 2141 Neque

126 2145 224 2179 enim
247 2143 464 2189 simulatque
492 2143 751 2189 delinquimus,
775 2153 894 2187 poena
919 2143 1041 2176 statim
1068 2143 1219 2188 irrogari
1245 2143 1363 2183 solet,
1390 2142 1455 2177 sed
1488 2144 1570 2187 ple-

126 2202 276 2238 rumque
298 2195 383 2236 post
407 2189 555 2236 aliquod
583 2195 725 2234 tempus
741 2215 750 2230 ,
785 2200 939 2234 cumque
964 2189 1125 2222 fortassis
1152 2200 1289 2230 eorum,
1315 2200 1407 2235 quae
1432 2200 1568 2235 perpe—

126 2238 307 2278 travimus,
330 2248 450 2271 sumus
477 2236 608 2272 obliti:
633 2241 670 2270 et
691 2235 854 2270 dolemus
880 2234 1027 2282 quidem
1049 2236 1148 2269 illico
1178 2236 1225 2273 ob
1249 2237 1357 2278 mala,
1384 2247 1478 2282 quae
1499 2248 1569 2269 no—

125 2285 184 2318 his
209 2283 400 2324 accidunt,
433 2283 586 2331 perinde
620 2293 662 2316 ac
686 2284 717 2316 si
752 2283 980 2316 immerentes
1013 2283 1224 2328 iniusteque
1256 2283 1302 2316 iis
1339 2294 1567 2327 premamur,

125 2337 237 2378 atque
270 2331 473 2364 incusamus
511 2329 660 2379 quidem
696 2328 884 2363 hominum
918 2329 1091 2363 invidiam
1131 2330 1294 2363 fortassis
1330 2335 1368 2363 et
1404 2330 1567 2363 inimici-
1621 2329 1626 2334 ”

125 2379 237 2416 tiam,
269 2382 443 2422 tanquam
465 2376 511 2411 ab
548 2378 593 2410 iis
621 2375 782 2421 indignis
814 2376 918 2410 malis
950 2375 1079 2410 affecti.
1128 2377 1227 2410 Deus
1253 2387 1361 2418 vero,
1400 2378 1440 2410 in
1465 2378 1568 2410 cuius

127 2436 237 2458 manu
263 2429 371 2469 atque
395 2424 545 2469 imperio
578 2434 710 2463 sumus,
738 2426 806 2458 scit
828 2422 919 2469 quid
942 2423 1075 2470 cuique
1101 2424 1294 2457 conveniat
1316 2428 1354 2456 et
1378 2422 1567 2463 debeatur,

127 2477 167 2506 et
181 2482 253 2518 quo
280 2471 350 2516 ipsi
373 2471 489 2503 visum
507 2475 562 2504 est
581 2469 702 2510 modo,
720 2471 952 2516 persequitur
971 2475 1080 2515 atque
1091 2470 1283 2515 investigat
1294 2475 1451 2514 peccata,
1474 2480 1567 2515 quae

126 2518 241 2552 multo
266 2522 372 2550 antea
395 2522 556 2561 tempore
578 2521 662 2550 sunt
685 2516 880 2557 commissa.
929 2516 1099 2550 Ceterum
1133 2518 1256 2564 qualia
1291 2518 1430 2549 Iustino
1463 2521 1566 2561 post-

130 2563 277 2599 modum
303 2563 520 2604 acciderint,
544 2567 581 2597 et
607 2563 751 2608 qualem
774 2564 889 2608 ipsius
927 2567 965 2596 et
990 2564 1063 2597 vita
1092 2568 1268 2610 tantaque
1302 2563 1457 2596 felicitas
1483 2562 1567 2594 ino-

128 2613 297 2656 pinatum
324 2610 460 2644 exitum
485 2609 678 2650 habuerit,
709 2609 875 2643 dicentur
898 2620 918 2642 a
944 2620 1002 2643 me
1029 2615 1194 2643 accurate
1222 2610 1388 2654 singula,
1422 2608 1566 2654 quando

130 2668 246 2691 sermo
280 2668 346 2690 suo
372 2661 637 2703 consequenter
660 2655 787 2690 ordine
812 2655 1024 2701 procedens,
1061 2661 1098 2689 et
1124 2656 1373 2690 continuatam
1397 2654 1566 2688 inciden-

129 2703 222 2736 tium
246 2714 364 2737 rerum
387 2705 517 2737 seriem
554 2712 773 2748 persequens
793 2725 802 2742 ‚
835 2703 881 2735 ad
916 2703 982 2735 illa
1018 2708 1181 2747 tempora
1215 2701 1330 2735 fuerit
1359 2700 1565 2747 perductus.

128 2749 234 2784 Nunc
247 2761 331 2786 vero
344 2749 390 2784 ad
409 2751 532 2796 priora
550 2748 642 2784 mihi
656 2754 710 2789 est
721 2748 957 2791 redeundum,
977 2749 1191 2795 reliquaque
1205 2753 1288 2784 sunt
1300 2748 1565 2795 prosequenda.
