1794 3112
265 143 335 208 34
837 159 1109 204 AGA'rmAE

72 259 157 292 ΑὭ-
181 259 245 294 552
261 259 428 311 κόμενον
458 255 618 300 ἅπαντα
649 258 687 299 οἱ
723 257 796 313 τὴν
829 258 1036 312 Σιβυλλαν
1067 261 1196 316 φάναι
1227 262 1277 303 τὰ
1311 257 1482 318 ὕστερον
1518 266 1681 314 ξυνενε-

93 305 118 338 I'
138 306 161 336 Ι·
181 307 224 338 ²6
259 323 428 376 χθέντα.
455 321 558 377 ὖπὲρ
585 322 740 377 ταύτην
764 321 813 378 δὴ
837 320 909 365 οὖν
932 324 1007 379 τὴν
1028 324 1236 379 σπήλυγγα
1255 328 1380 381 μέρος
1400 343 1440 368 τι
1462 329 1538 367 τοῦ
1565 342 1679 381 περι.-

257 384 381 438 βόλου
411 384 616 440 ἐρήρειστο
639 386 712 426 καί
739 386 982 442 ἐφειστήκει.
1036 391 1205 444 Ναρσῆς
1229 391 1275 430 δὲ
1304 391 1420 430 τοῦτο
1446 387 1678 445 ἐπιφρασά..

256 465 374 502 μενος
399 447 500 504 πρὸς
522 449 651 490 αὐτοῦ
677 447 782 492 εἶναι
803 447 932 507 ᾠήθη,
962 452 1033 493 καί
1053 449 1126 494 οὖν
1150 450 1301 494 αὐτίκα
1322 449 1472 509 ἄνδρας
1493 454 1548 502 ὥς
1568 452 1678 494 πλεί...

257 528 377 560 στους
401 511 480 553 ὑπὸ
505 511 557 553 τὰ
581 517 695 554 κοῖλα
716 514 908 566 ἐμβαλών
936 517 1007 556 τοῦ
1034 515 1257 569 σπηλαίου,
1287 514 1453 571 ’ὄργανα
1476 519 1701 572 φέρονταςό

256 573 451 628 λιθοτόμα
474 578 544 616 καί
568 575 827 632 τειχωρύχα,
855 576 1117 628 ἐξεκόλαπτεν
1139 580 1273 634 ἠρέμα
1300 582 1371 621 καί
1405 581 1587 632 διέτεμεν
1606 580 1678 621 τοῦ

256 635 402 695 ἄντρου
428 638 498 681 τὸν
522 636 691 696 ὄροφον,
727 640 831 683 ἔνθα
862 640 907 682 τὸ
929 641 1062 696 ἔρυμα
1090 640 1281 697 ἥδραστο,
1324 643 1395 685 καὶ
1414 647 1458 692 ἐς
1482 646 1677 686 τοσοῦτον

255 705 463 753 ἐξέκοπτεν
498 707 570 745 καί
600 703 859 759 διεκάθαιρεν
898 705 972 759 την
991 705 1114 758 βάσιν
1143 708 1213 760 τῆς
1243 708 1494 760 οἰκοδομιὶις,
1519 709 1563 755 ἐς
1583 705 1677 749 ὅσον

157 770 195 804 V.
214 773 253 806 ιδ
267 762 343 821 ἤδη
373 766 447 822 την
482 766 617 822 ἀρχὴν
643 770 718 808 τοῦ
744 771 937 821 θεμελίου
981 770 1334 823 ἀπογυμνοῦσθαι.
1379 771 1470 812 τότε
1499 773 1545 812 δὲ
1574 771 1677 821 ξύλα

254 827 378 887 ὄρθια
410 833 454 873 ἐν
476 830 610 887 κόσμῳ
635 831 900 887 ὗπεστηριζε,
929 834 1056 889 ταύτῃ
1083 849 1126 874 τε
1159 830 1320 888 ἆνεΐχεν
1340 833 1451 876 ἅπαν
1475 833 1518 876 τὸ
1543 829 1726 887 ἅχθοςιο

224 909 329 941 Βτου
371 900 555 948 τείχους,
603 895 658 944 ὥς
690 894 749 950 μὴ
780 895 975 952 ὗποῤῥέοι
1005 897 1110 938 κατὰ
1134 898 1271 953 βραχύ
1311 901 1381 940 καί
1411 899 1617 940 ὃιαλύοιτο
1650 898 1676 952 ἧ

256 961 457 1015 ἁρμονία,
496 960 767 1013 συναίσθησίς
801 976 846 1001 τε
876 963 948 1002 τοῦ
973 963 1182 1016 ὁρωμένου
1213 969 1358 1015 ταχεῖα
1389 965 1562 1016 γίγνοιτο
1594 967 1678 1010 τοῖς

253 1027 293 1066 Γ
291 1024 441 1073 ότθοις.
485 1020 514 1078 ἦ
543 1022 618 1079 γὰρ
652 1021 704 1065 ἂν
733 1028 820 1066 κατ’
844 1022 978 1081 ἀρχὰς
1005 1024 1133 1074 εὐθὺς
1155 1027 1488 1081 ἐπιβοηθοῦντες,
1529 1028 1600 1068 καί
1622 1026 1669 1067 τό

258 1087 462 1137 πεπονθὸς
487 1086 751 1140 ἆκεσάμενοι,
792 1089 1062 1145 διεφύλαττον
1093 1089 1279 1132 τολοιπὸν
1308 1091 1570 1144 βεβαιότατα·
1610 1092 1678 1133 ἵνα

257 1155 304 1194 δὲ
323 1151 381 1207 μὴ
404 1153 574 1204 πάμπαν
593 1151 644 1193 τὰ
669 1153 893 1205 ποιούμενα
917 1155 1135 1206 ἐπιγνοΐεν,
1160 1156 1267 1209 μηδὲ
1289 1158 1363 1196 τοῦ
1385 1153 1565 1208 πατάγου
1592 1157 1723 1208 τῆςιὸ

255 1218 452 1269 λατομίας
476 1217 675 1267 ἐπαΐοιεν,
714 1217 804 1257 τότε
829 1216 879 1271 δὴ
902 1219 945 1266 ἐς
968 1215 1030 1258 ὅτι
1053 1219 1231 1270 μάλιστα
1252 1219 1491 1275 ἐπεφέροντο
1515 1213 1678 1260 ἄνωθεν

255 1282 311 1337 τῷ
339 1277 508 1333 τείχειὸ
539 1281 621 1321 τῶν
649 1278 874 1332 ιΡωμαίων
896 1280 1088 1335 στρατὸς,
1128 1282 1397 1332 ἀλαλάζοντες
1425 1281 1497 1323 καί
1517 1283 1680 1336 ἐπικρο-

256 1348 446 1394 τοῦντες·
472 1343 651 1399 θόρυβός
677 1360 719 1385 τε
750 1341 800 1398 ἦν
828 1345 934 1400 πέρα
952 1346 1023 1385 τοῦ
1053 1343 1275 1398 οἶναγκαίου
1297 1344 1422 1393 πολὺς
1447 1346 1518 1386 καί
1554 1362 1681 1401 ταρα-

256 1408 393 1463 χώδης
418 1408 443 1463 ἧ
465 1409 684 1463 πολιορκία.
714 1407 804 1449 ἐπεὶ
830 1410 876 1449 δὲ
898 1406 1008 1449 ἅπαν
1042 1404 1120 1463 ἤδη
1140 1407 1186 1448 τὸ
1211 1414 1341 1462 τεῖχος
1361 1406 1507 1450 ὅπόσον
1524 1411 1579 1465 τῷ
1605 1405 1681 1451 ἄν..

257 1489 338 1529 τρῳ
373 1474 642 1527 παρετέτατο,
686 1473 876 1526 ἐκκρεμές
907 1488 951 1512 τε
984 1467 1037 1525 ἦν
1072 1475 1143 1513 καί
1172 1475 1398 1527 μετέωρον,
1438 1475 1509 1514 καί
1538 1472 1728 1526 μόνοιςὶο

258 1537 492 1591 ἐπεβεβήκει
528 1541 612 1583 τοῖς
656 1537 810 1586 ξύλοις,
853 1533 879 1576 ἃ
901 1536 951 1590 δὴ
984 1533 1236 1591 ὀρθοστάδην
1266 1537 1486 1590 ἐτύγχανον
1521 1538 1679 1593 ἐρηρει-

349 1626 380 1647 2.
407 1611 609 1656 σπήλυγγα
630 1614 667 1645 R.
682 1637 691 1651 ‚
718 1612 942 1656 σπήλυγγον
979 1613 1071 1657 vulg.
1177 1613 1208 1645 6.
1238 1611 1404 1657 διέτεμεν
1428 1614 1465 1644 R.
1480 1637 1490 1653 ‚
1511 1611 1679 1658 διέτεμνε

348 1660 440 1702 vulg.
494 1659 542 1702 ¹4·
570 1658 815 1703 διεφύλαττον
835 1655 1016 1691 τολοιπόν
1029 1661 1079 1698 R„
1106 1657 1394 1702 διεφυλάττοντο
1423 1655 1563 1692 λοιπὸν
1584 1660 1676 1704 vulg.

354 1704 508 1748 15.,ιιηδ”ὲ
518 1706 554 1736 R.
567 1704 690 1747 Lugd„
702 1705 811 1746 Intpr.
828 1715 931 1743 neve,
951 1701 1000 1748 μ’)
1016 1702 1057 1745 δὴ
1078 1704 1168 1747 vulg.
1214 1707 1265 1738 16.
1291 1704 1517 1748 ἐπεφέροντο
1534 1704 1680 1743 3.,ἐπι·

349 1752 529 1795 φέρονται
546 1750 637 1792 vulg.
696 1761 745 1792 ¹9-
768 1746 810 1781 τὰ
829 1754 949 1792 τεῖχος
967 1748 1046 1783 add.
1063 1751 1103 1785 R.
1121 1754 1157 1781 et
1169 1750 1278 1793 Intpr.
1339 1761 1391 1782 21.
1409 1748 1618 1794 ἐπιβεβᾶκει
1639 1751 1677 1782 R.

258 1827 473 1872 praedicere.
520 1827 631 1860 Aiunt
651 1838 735 1860 vcro
766 1829 873 1860 etiam
900 1826 1053 1866 Aeneam
1090 1826 1264 1861 Anchisae
1292 1828 1404 1860 fllium
1428 1839 1583 1862 cum‘eo
1615 1839 1678 1861 ve-

259 1875 390 1913 nisset,
415 1874 586 1916 Sibyllam
623 1874 657 1906 ei
692 1875 810 1906 omnia
835 1884 925 1918 quae
951 1873 1117 1918 deinceps
1143 1873 1347 1906 acciderunt
1372 1875 1513 1907 dixisse.
1565 1875 1679 1919 Super

259 1919 350 1951 hanc
386 1920 507 1963 itaque
547 1919 751 1963 speluncam
786 1930 866 1963 pars
899 1919 1071 1963 quaedam
1104 1920 1284 1951 moenium
1319 1920 1549 1952 incumbebat
1572 1925 1678 1964 atque

260 1965 490 1997 innitebatur.
540 1964 647 2010 Quod
679 1975 758 1996 cum
795 1963 1102 1997 animadvertisset
1125 1964 1274 2004 Names,
1298 1976 1362 2008 pro
1388 1976 1424 1997 se
1451 1966 1566 1998 facere
1593 1977 1678 1998 cen-

261 2012 342 2050 suit,
369 2010 604 2054 immissisque
628 2011 755 2043 statim
786 2011 824 2042 in
860 2010 938 2042 illas
963 2011 1054 2044 antri
1081 2011 1315 2043 concavitates
1339 2011 1423 2043 viris
1455 2011 1677 2055 quampluri-

258 2057 324 2088 mis
349 2056 593 2089 adferentibus
619 2066 735 2089 secum
772 2056 1006 2088 instrumenta
1039 2055 1286 2089 exscindendis
1311 2057 1403 2088 saxis
1429 2062 1465 2089 et
1487 2056 1679 2089 suffodien-

261 2102 315 2134 dis
339 2102 447 2134 muris
475 2101 626 2141 idonea,
650 2102 831 2134 excavavit
855 2102 1026 2145 paulatim
1051 2107 1158 2146 atque
1189 2101 1323 2134 excidit
1346 2103 1437 2134 antri
1462 2113 1676 2141 convexum,

261 2158 329 2192 qua
354 2153 454 2190 parte
468 2148 771 2191 propugnaculum
800 2148 834 2180 ei
856 2147 1097 2189 innitebatur3
1126 2158 1239 2192 eoque
1266 2147 1409 2180 tandem
1434 2147 1675 2180 exscindendo

261 2198 298 2226 et
322 2192 525 2226 abradendo
557 2192 670 2224 basim
695 2192 848 2226 aedificii
882 2194 1073 2236 processit,
1103 2198 1144 2226 ut
1182 2194 1251 2225 inm
1278 2194 1421 2226 initium
1446 2193 1670 2226 fundamenti

259 2238 464 2270 nudaretur.
491 2239 582 2270 Tum
606 2245 721 2272 erecta
737 2239 778 2270 in
802 2237 962 2271 ordinem
977 2239 1072 2282 tigna
1097 2239 1303 2278 substituit,
1327 2250 1418 2283 quae
1441 2244 1554 2272 totum
1583 2238 1676 2271 muri

259 2284 398 2328 pondus
432 2289 695 2324 sustentarent,
733 2295 779 2316 ne
811 2284 983 2328 paulatim
1013 2284 1166 2316 resoluta
1212 2295 1394 2329 compages
1421 2289 1616 2324 corrueret,
1639 2289 1676 2316 et

262 2329 374 2362 Gothi
398 2330 486 2374 quid
517 2335 681 2373 ageretur
710 2332 827 2362 statim
853 2335 1112 2374 cognoscerent.
1150 2330 1236 2362 Nam
1261 2331 1400 2375 alioqui
1419 2331 1542 2363 statim
1567 2329 1674 2362 initio

261 2381 502 2414 occurrentes,
547 2381 778 2420 reparataque
805 2377 936 2408 iactura
962 2376 1155 2408 firmissime
1188 2376 1354 2420 deinceps
1403 2387 1464 2408 sua
1499 2374 1673 2408 custodis-

262 2426 349 2453 sent.
374 2420 426 2453 Ne
455 2422 576 2465 itaque
600 2422 746 2453 omnino
775 2432 863 2465 quae
890 2421 1084 2466 agebantur
1109 2423 1159 2454 eis
1185 2422 1468 2461 innotescerent,
1490 2430 1579 2454 neve
1601 2420 1673 2452 fra-

265 2477 327 2510 gor
361 2477 540 2499 caesorum
576 2478 737 2499 saxorum
771 2466 1020 2506 exaudiretur,
1051 2472 1127 2499 tum
1151 2469 1276 2512 utique
1302 2469 1475 2500 Romanus
1500 2466 1674 2499 exercitus

266 2523 398 2544 summa
421 2513 455 2544 vi
485 2513 523 2544 in
547 2512 894 2545 editiorem-murum
919 2513 1089 2556 impetum
1113 2513 1284 2553 faciebat,
1306 2513 1438 2556 magnis
1463 2511 1673 2544 clamoribus

266 2562 304 2589 et
338 2568 510 2590 armorum
540 2558 840 2602 complosionibus
875 2558 1045 2591 excitatis.
1106 2558 1292 2592 Tumultus
1317 2560 1446 2602 itaque
1480 2561 1555 2589 erat
1580 2556 1674 2588 ultra

266 2614 371 2646 quam
395 2614 458 2647 par
486 2609 561 2636 erat
582 2614 726 2648 magnus
762 2609 798 2636 et
823 2603 1029 2636 turbulenta
1059 2603 1209 2637 obsidio.
1258 2605 1346 2637 Cum
1367 2613 1450 2636 vero
1483 2602 1553 2634 iam
1591 2612 1670 2633 mu-

266 2658 324 2679 rus
351 2660 418 2693 qua
443 2654 518 2681 erat
540 2651 578 2682 iu
601 2650 692 2681 antri
716 2648 975 2693 longitudinem
997 2656 1178 2693 porrectus
1201 2654 1298 2683 totus
1314 2651 1476 2682 suffossus
1497 2652 1534 2680 et
1549 2658 1569 2680 e
1585 2646 1670 2680 sub-

266 2691 343 2725 limi
376 2694 554 2738 peudulus
578 2699 690 2735 esset,
717 2700 753 2727 et
776 2700 912 2728 tantum
936 2696 1043 2739 tignis
1067 2697 1214 2729 firmiter
1235 2696 1275 2729 in
1299 2695 1408 2728 altum
1431 2693 1558 2727 erectis
1593 2703 1670 2725 sus-
