1794 3112
261 137 336 203 48
851 150 1122 197 AGATmAE

75 263 114 297 A.
130 262 170 296 C.
190 264 254 298 552
268 250 342 296 οὖν
370 252 392 296 ὅ
414 254 586 309 Ναρσῆς
610 253 827 306 παρελθών
849 255 892 302 ἒς
913 257 1038 307 μέσον
1061 257 1134 310 τῆς
1159 256 1367 311 στρατιᾶς,
1395 254 1503 308 ἔλεξε
1521 255 1673 300 τοιάδε·

130 310 156 343 Ῑ·
169 310 249 345 1³2⁶
262 322 391 372 „Tocg
409 320 486 370 μὲν
505 317 753 368 εἰθισμένοις
773 313 959 359 ἑκάστοτε
979 320 1061 360 τῶν
1082 322 1286 372 πολεμίων
1310 327 1484 375 κρατεῖν,
1511 324 1583 363 καί
1599 320 1669 363 διαὶ

261 378 409 429 παντὸς
448 380 594 422 αἰσίων
621 381 848 434 πειρᾶσθαι
880 384 961 422 τῶν
990 380 1146 438 ἔργων,
1188 381 1350 431 τούτοις
1383 382 1427 425 εἴ
1453 387 1500 438 γε’
1525 401 1566 426 τι
1598 387 1670 426 καὶ

262 443 366 499 πρὸς
386 443 525 500 βραχὺ
546 442 602 498 μὴ
630 441 807 484 καθόσον
834 442 987 486 οἴονται
1006 447 1160 500 χρῆναι
1189 448 1413 500 συμπέσοι,
1454 454 1669 503 παραιρεῖ-

259 524 330 548 ται
352 506 396 548 τὸ
420 513 570 563 χαῖρον
592 504 732 561 εὐθὺς,
760 510 832 550 καί
846 507 918 557 τὰς
941 509 1111 558 ἐλπίδας
1131 510 1341 563 ἀμβλύνει.
1368 510 1446 564 ἐγώ
1471 513 1516 553 δὲ
1540 513 1692 566 προσ-5

259 571 371 625 ήκειν
413 570 529 624 οἶμαι
564 579 649 621 τοῖς
687 572 887 629 ἔμφροσιν
925 575 970 615 ἐν
1006 580 1099 622 ταῖς
1127 574 1368 629 εὐπραγίαις
1396 574 1444 631 τῇ
1475 573 1578 630 τύχῃ
1607 571 1667 628 μὴ

259 636 595 691 συνεξαίρεσθαι,
637 637 727 678 ἀλλ’
765 637 821 686 ὦς
858 637 1002 695 ῥᾴδιον
1033 633 1080 679 ὂν
1110 636 1341 693 μεταβολὴν
1373 641 1558 692 γίνεσθαι
1590 639 1671 679 τῶν

216 698 496 755 Βπαρόντων,
535 698 668 749 οὕτως
703 702 772 743 αἐἰ
798 700 1130 758 παρεσκευάσθαι
1160 703 1233 750 τὰς
1267 702 1442 756 γνώμας.
1477 708 1561 750 τοῖς
1588 699 1668 756 γάρ

255 758 339 805 ὧδέ
359 780 445 812 πως
473 762 640 816 ἔχουσιν
666 765 844 821 τρόπου,
883 759 1057 821 ἥδιστον
1074 769 1151 820 μὲν
1172 763 1342 819 εὖτυχία
1371 771 1581 821 φανεῖται,
1618 758 1668 806 οὔ

254 826 420 882 σφόδρα
454 828 500 868 δὲ
537 827 718 884 λυπηρόν
748 828 864 871 εἵπου
902 832 973 872 καί
998 829 1110 886 παρὰ
1142 828 1304 885 γνώμην
1341 834 1547 884 σφαλεῖεν.
1582 826 1718 884 ὅρῶιο

251 889 387 932 τοίνυν
412 888 522 943 ’ὑμᾶς
534 922 547 944 ,
575 888 613 933 αἶ
634 888 799 948 ἄνδρες,
828 897 949 936 πλέον
980 891 1008 949 ἢ
1030 892 1133 935 κατὰ
1153 892 1199 935 τὸ
1222 891 1386 948 συμβὰν
1403 894 1666 945 ἀνιωμένους,

251 957 324 996 καί
351 956 475 1009 δῆλον
506 956 566 1004 αἷς
597 957 675 1010 οὐχ
703 955 908 1013 ἑτέρωθεν
944 960 1068 1000 τοῦτο
1098 956 1354 1009 πεπόνθατε,
1401 953 1430 1012 ἢ
1455 953 1580 1010 μόνον
1608 957 1667 1012 τῷ

249 1019 356 1073 πέρα
366 1021 442 1059 τοῦ
457 1020 626 1075 μετρίου
641 1026 914 1075 μεγαλαυχεῖν
935 1025 984 1079 τῇ
1004 1024 1080 1064 τοῦ
1096 1023 1209 1079 νικᾷν
1221 1022 1431 1077 συνηθείᾳ,
1456 1021 1528 1061 καί
1539 1021 1666 1074 μηδὲ..

247 1097 347 1122 ποτε
362 1084 602 1139 διαμαρτεῖν
614 1086 842 1140 δυνηθῆναι
863 1088 1065 1141 οἰηθῆναι,
1089 1084 1208 1137 ὥστε,
1234 1088 1273 1127 εἰ
1300 1086 1420 1140 τήνδε
1440 1082 1514 1138 τὴν
1539 1081 1662 1133 δόξαν

248 1146 422 1200 ἀφέντες
451 1147 580 1200 μόνον
607 1152 707 1190 καθ’
737 1147 862 1190 ἑαυτὸ
898 1150 1137 1205 σκοπήσοιτε
1169 1148 1216 1190 τὸ
1251 1150 1461 1204 πραχθὲν,
1507 1142 1580 1188 οὖκ
1610 1142 1714 1190 div-5

246 1207 345 1262 ὑμῖν
378 1210 533 1267 ὄφθείη
557 1215 772 1268 τηλικοῦτο
796 1212 951 1267 δεινὸν,
980 1213 1132 1255 ὁπόσον
1156 1209 1291 1262 ἄλλως
1315 1213 1494 1268 ἡγεῖσθε.
1529 1213 1569 1252 εἰ
1580 1209 1660 1266 γαρ

155 1276 324 1320 nnana?
341 1274 575 1331 Φούλκαρις
607 1277 630 1318 ὅ
659 1276 908 1332 στρατηγὸς,
944 1275 1018 1319 ἅτε
1043 1277 1094 1332 δή
1123 1277 1353 1332 βάρβαρος,
1398 1277 1470 1318 καί
1494 1276 1541 1316 τό
1562 1290 1665 1330 προ..

243 1340 363 1386 πετὲς
387 1339 675 1395 ἕπιχωριάζων
707 1340 811 1396 πρὸς
840 1344 1024 1383 τοσαῦτα
1054 1341 1260 1393 πολεμίων
1287 1339 1426 1394 πλήθη
1453 1337 1530 1380 σύν
1565 1339 1664 1379 ἄκο-

246 1404 348 1460 σμία
373 1403 720 1458 διακινδυνεύσας,
747 1407 945 1458 μετέσχεν
966 1405 1127 1446 ἐκείνων
1143 1401 1309 1453 εἰκότως
1329 1398 1459 1456 ὧνπερ
1490 1401 1663 1444 ἀκόλου-

335 1492 367 1524 7.
394 1476 447 1513 ὤν
470 1481 511 1518 R,
604 1494 635 1526 9.
663 1474 736 1515 ὧδέ
759 1493 839 1518 πως
861 1484 912 1523 R„
937 1475 1011 1516 ὧδέ
1031 1493 1081 1524 πη
1105 1483 1195 1527 vulg.
1267 1481 1411 1527 τρόπον
1435 1480 1516 1517 add.
1538 1491 1582 1513 ex
1607 1481 1660 1521 R„

332 1525 444 1570 Lugd.
471 1526 506 1559 h.
533 1527 556 1560 1.
582 1527 742 1560 lacunam
758 1527 877 1562 habet.
993 1541 1045 1564 ιο.
1069 1530 1132 1562 καὶ
1161 1524 1264 1573 παρὰ
1288 1526 1440 1573 γνώμην
1463 1528 1518 1566 Β.,
1543 1526 1658 1571 Intpr.

331 1579 478 1616 praeter
488 1573 715 1613 sententiam,
738 1570 957 1618 vulgavxdv
982 1576 1055 1607 καὶ.
1153 1585 1204 1609 11.
1229 1570 1256 1606 ὦ
1280 1573 1357 1606 add.
1384 1583 1427 1605 ex
1450 1573 1488 1605 R.
1504 1571 1657 1615 etIntpr.

338 1628 390 1650 12.
414 1615 455 1650 τὸ
478 1619 575 1662 πέρα
598 1620 638 1655 R.
706 1618 756 1661 ¹4·
783 1621 955 1661 οἰηθῆναι
976 1620 1069 1663 vulg.
1095 1630 1179 1659 om.,
1202 1630 1323 1652 verum
1348 1620 1386 1650 R.
1410 1628 1476 1650 om.
1497 1615 1658 1657 δυνηθῆ-

333 1673 407 1696 ναι.
444 1663 639 1708 Utrumque
670 1665 798 1709 posui,
836 1670 978 1698 auctore
1000 1667 1110 1708 Intpr.
1142 1664 1231 1711 quia
1266 1664 1307 1695 in
1346 1664 1501 1696 animum
1547 1661 1657 1694 indu-

333 1709 439 1740 xistis
451 1732 462 1748 ,
487 1709 591 1742 nulla
613 1711 654 1742 in
685 1721 723 1743 re
748 1718 811 1742 aut
831 1710 930 1755 falli
957 1717 1020 1743 aut
1040 1720 1190 1754 peccare
1213 1720 1279 1743 vos
1299 1719 1411 1754 posse.
1519 1706 1568 1748 ¹4·
1590 1705 1656 1748 τὴν

333 1764 400 1786 om.
414 1755 489 1791 Par.
543 1756 593 1787 15.
606 1753 673 1799 ἐφ’
687 1753 793 1787 ἑαυτὸ
809 1756 861 1795 R.⁷
885 1754 945 1800 ἐφ’
968 1755 1083 1798 ἑαυτῷ
1096 1756 1186 1788 coni.
1201 1755 1252 1787 Cl.
1300 1751 1505 1794 σκοπὴσητε
1519 1753 1555 1784 Β.
1603 1755 1655 1787 16.

331 1799 523 1838 τηλικοῦτο
537 1801 591 1838 R„
611 1801 826 1840 τηλικοῦτον
839 1802 930 1845 vulg.
994 1803 1043 1834 18.
1059 1799 1315 1846 ἐπιχωριάζων
1333 1801 1385 1840 R„
1407 1796 1657 1842 ἐπιχωριάζον

331 1845 424 1889 vulg.
475 1856 524 1888 ¹9·
550 1837 672 1890 ὦνπερ
696 1843 906 1880 ἀκόλουθον
928 1847 966 1878 R.
991 1852 1028 1879 et
1044 1845 1152 1890 Lugd.
1165 1870 1175 1886 ,
1199 1838 1251 1879 ὦν
1267 1843 1556 1890 παρακόλουθον
1572 1843 1655 1877 edd.

296 1919 467 1954 otidianis
493 1919 536 1953 de
561 1919 724 1953 hostibus
749 1921 905 1955 victoriis
939 1920 1116 1966 rebusque
1141 1931 1307 1964 prospere
1331 1925 1503 1964 perpetuo
1530 1930 1655 1964 geren-

244 1933 299 1999 ἕξις
334 1971 417 1999 sunt
446 1966 654 2006 assuefacti,
687 1967 731 1998 iis
756 1967 786 1998 si
822 1965 907 2010 quid
932 1966 1023 1998 forte
1057 1967 1166 1998 etiam
1203 1965 1247 1997 ad
1282 1966 1388 1999 breve
1418 1971 1557 2009 tempus
1580 1976 1655 1998 non

243 2013 350 2056 plane
391 2023 434 2044 ex
461 2011 570 2044 animi
608 2012 785 2044 sententia
811 2011 967 2052 accidat,
1008 2016 1044 2043 et
1073 2011 1248 2044 laetitiam
1281 2010 1462 2054 intercipit
1503 2016 1539 2043 et
1572 2021 1652 2055 spes

246 2057 424 2090 obtundit.
485 2057 558 2102 Ego
596 2067 678 2090 vero
711 2057 762 2089 ita
790 2067 941 2097 censeo,
975 2057 1067 2089 viros
1097 2055 1288 2100 prudentes
1313 2057 1350 2087 in
1375 2055 1478 2089 rebus
1502 2066 1650 2100 prospe-

247 2103 294 2134 ris
319 2114 544 2148 nequaquam
574 2113 653 2135 cum
677 2103 820 2135 fortuna
845 2102 969 2134 extolli
1006 2101 1155 2141 debere,
1206 2100 1268 2133 sed
1299 2106 1340 2133 ut
1372 2101 1486 2134 facilis
1524 2106 1578 2134 est
1611 2106 1650 2133 et

244 2148 411 2191 proclivis
437 2159 554 2181 rerum
584 2148 824 2192 praesentium
855 2147 1075 2187 immutatio,
1121 2147 1171 2179 ita
1195 2157 1330 2190 semper
1356 2151 1583 2191 praeparatos
1609 2145 1648 2179 in

249 2203 391 2225 omnem
424 2199 590 2235 eventum
614 2193 749 2226 animos
785 2203 912 2237 gerere.
958 2193 1004 2224 Iis
1030 2193 1123 2224 enim
1149 2193 1211 2236 qui
1234 2193 1284 2224 ita
1309 2193 1424 2226 affecti
1451 2197 1544 2232 sunt,
1569 2202 1652 2224 sua-

246 2238 388 2271 vissima
415 2238 560 2284 quidem
587 2249 640 2271 res
665 2238 845 2272 videbitur
871 2237 1104 2281 prosperitas3
1144 2249 1217 2269 non
1247 2236 1350 2270 valde
1382 2243 1500 2270 tamen
1524 2236 1650 2270 acerba

247 2294 288 2316 ac
311 2284 482 2324 molesta,
528 2285 558 2316 si
586 2284 678 2316 forte
710 2283 903 2328 aliquando
938 2293 1000 2326 spe
1035 2294 1097 2316 sua
1134 2282 1308 2315 excidant.
1375 2283 1488 2317 Video
1523 2283 1575 2315 ita
1601 2293 1648 2315 ue

247 2340 321 2369 vos,
345 2330 424 2369 viri,
458 2330 537 2374 plus
572 2341 675 2374 quam
707 2340 805 2362 casus
829 2329 897 2362 iste
927 2328 1101 2372 postulet,
1141 2329 1238 2372 angi3
1262 2339 1377 2373 neque
1407 2327 1550 2361 aliunde
1605 2338 1647 2360 oc

248 2375 424 2419 proficisci
449 2386 554 2419 quam
585 2386 628 2408 ex
663 2374 732 2407 hoc
755 2385 838 2414 uno,
864 2373 959 2419 quod
985 2374 1077 2406 ultra
1100 2373 1242 2406 modum
1268 2373 1432 2406 vincendi
1457 2377 1646 2406 consuetu-

249 2420 334 2453 dine
360 2421 580 2465 gloriemini,
613 2422 714 2464 quasi
739 2430 920 2464 nunquam
947 2419 1022 2451 labi
1046 2420 1205 2463 possitis;
1237 2420 1401 2463 quocirca
1425 2420 1454 2452 si
1477 2418 1542 2451 hac
1566 2417 1646 2461 opi-

247 2466 357 2499 nione
392 2465 553 2510 deposita
585 2465 716 2498 factum
747 2465 862 2509 ipsum
892 2475 956 2508 per
995 2475 1030 2497 se
1061 2464 1310 2504 consideretis,
1354 2475 1426 2497 non
1450 2469 1521 2496 tam
1545 2467 1645 2495 atrox

250 2515 287 2543 et
317 2522 429 2555 grave,
457 2522 560 2556 quam
585 2511 721 2555 alioqui
756 2510 903 2554 putatis,
936 2509 1124 2543 videbitur.
1189 2510 1226 2542 Si
1252 2510 1346 2542 enim
1368 2508 1546 2548 Fulearis,
1580 2512 1642 2540 ut-

248 2561 333 2599 pote
368 2556 556 2597 barbarus,
591 2557 706 2601 patrio
730 2566 827 2588 more
851 2560 983 2588 temere
1007 2555 1170 2588 adversus
1202 2559 1336 2588 tantam
1371 2553 1525 2587 hostium
1549 2553 1644 2586 mul—

249 2601 442 2635 titudinem
468 2601 590 2635 ordine
610 2601 706 2635 omni
730 2601 890 2646 neglecto
905 2612 1127 2646 congressus,
1152 2605 1402 2634 consentaneas
1428 2610 1511 2632 suae
1531 2603 1644 2631 teme-

253 2646 368 2680 ritatis
394 2658 526 2691 poenas
561 2647 649 2680 luit:
691 2651 728 2679 at
763 2657 847 2686 VOS,
878 2658 898 2679 o
925 2647 1012 2686 viri,
1056 2657 1171 2692 neque
1195 2646 1245 2679 sic
1285 2646 1323 2677 in
1357 2643 1534 2690 praesenti
1564 2643 1644 2675 ani-

257 2692 322 2724 mis
356 2692 502 2734 cadere,
538 2703 654 2739 neque
698 2692 742 2726 ab
780 2692 942 2726 instituto
975 2691 1154 2726 discedere
1188 2694 1336 2736 oportet.
1403 2690 1524 2735 Turpe
1547 2687 1643 2723 euim
