1794 3112
552 140 926 191 HISTORIARUM
967 151 1038 190 111.
1067 154 1136 195 12.
1323 162 1325 164 -
1482 126 1585 184 165

162 251 334 296 κέσθαι.’
361 247 470 292 οὕτω
500 247 579 306 γάρ’
605 249 707 306 ἧμῖν
741 252 1057 304 βουλευομένοις
1095 249 1247 292 αὐτίκα
1276 253 1495 306 φανεῖται,
1531 247 1589 299 ὥς
1603 252 1686 288 A.c.
1703 253 1769 298 554

163 313 262 359 οὔτε
278 317 324 359 ἐκ
350 317 432 358 τῶν
460 314 714 367 Ῥωμαϊκῶν
735 314 979 369 ταγμάτων,
1018 310 1113 357 οὔτε
1141 314 1227 370 μην
1247 317 1327 357 τῶν
1354 316 1591 371 στρατηγῶν
1615 300 1678 334 1¹¹·
1697 303 1740 336 ²8

161 379 378 433 ἁπάντων,
426 381 562 436 πολλῷ
590 381 636 421 δέ
656 395 702 434 γε
727 382 886 433 μᾶλλον
920 377 1020 422 οὐδὲ
1049 381 1125 422 τοῦ
1154 381 1274 436 σφῶν
1304 381 1509 434 βασιλέως
1539 377 1591 421 τὰ

158 448 233 502 τῆς
248 446 470 500 ἐπιβουλῆς
493 446 564 487 ε’πί
578 446 619 486 Γ
617 443 797 500 ουβάζην
825 447 1014 501 συνέστη.
1041 445 1392 501 διατεθρύλληται
1410 443 1489 501 γάρ
1510 439 1592 501 ἤδη

132 513 259 567 5παρ’
286 511 431 559 αὖτοῖς
459 512 534 552 καί
561 510 872 566 ἀνωμολόγηται
882 545 895 564 ,
924 511 981 560 ὥς
996 510 1237 560 Ῥούστικος
1266 510 1340 552 καί
1360 514 1592 566 ΙΙΙαρτῖνος,

156 573 438 631 βασκήναντες
472 575 584 632 αύτῷ
609 577 683 630 τῆς
712 575 936 630 εὖτυχίας,
986 576 1045 625 εἷς
1077 575 1402 630 αὖτεπάγγελτον
1432 570 1592 630 ἤλασαν

158 641 495 695 κακοδαιμονίαν,
522 642 604 683 τῶν
628 635 766 682 ἄλλων
783 639 994 696 ἡγεμόνων
1015 639 1098 695 ⁰¹37:
1123 636 1235 691 ὅπως
1257 641 1591 694 συλλαβομένων,

156 704 348 748 ἀλλὰκαὶ
364 708 606 763 περιφανῶς
627 706 896 749 ἆνιαθέντων.
921 701 1064 749 ἄδικον
1091 702 1167 748 οὖν
1190 703 1308 760 οἶμαι
1329 707 1402 747 καί
1425 704 1526 761 πρός
1546 721 1591 759 γε

157 767 429 828 ἇσύμφορον,
457 770 551 822 ἑνὸς
575 774 620 823 ἐξ
634 772 830 814 ἁπάντων
851 769 1006 829 άνδρὸς
1024 768 1054 828 ἢ
1078 774 1152 815 καί
1171 773 1290 815 δυοῖν
1303 769 1431 825 τυχὸν
1453 770 1593 826 ἧμαρ-
1640 825 1643 829 .

109 835 354 889 τοτηκὰτοιν,
382 838 600 893 ἐξυβρίσαι
622 838 701 890 μὲν
727 838 787 886 εἰς
809 835 906 887 τούς
933 835 1094 887 κοινούς
1122 835 1288 891 νόμους,
1313 834 1384 885 οὓς
1409 837 1593 891 στέργειν

156 901 450 957 προύθέμεθα,
487 904 695 944 πολιτείαν
724 904 770 945 δὲ
797 902 1022 956 σύμπασαν
1045 903 1119 946 καὶ
1140 903 1308 946 δίαιταν
1339 900 1501 956 συνήθη
1523 898 1595 942 καὶ
1604 910 1637 943 Ρ.
1649 909 1697 948 87

157 966 283 1022 φίλην
305 963 415 1008 οὕτω
438 983 528 1016 πως
552 966 706 1025 ῥᾳδίως
733 966 1134 1022 ἀποσκευάσασθαι,
1171 970 1256 1011 τῶν
1281 969 1327 1010 δὲ
1351 967 1423 1023 την
1449 965 1595 1022 χώραν

157 1028 480 1087 φρουρούντων,
507 1033 582 1073 καί
606 1031 780 1080 πολλοὺς
802 1028 925 1082 ὅσους
947 1032 1149 1075 κινδύνων
1170 1033 1507 1086 οἷναδεχομένων,
1537 1030 1595 1080 αἷς

156 1092 209 1138 ἂν
229 1096 332 1151 ἡμῖν
361 1098 407 1139 ἐν
437 1094 641 1155 εὗπαθείᾳ
668 1095 871 1151 βιοτεύειν
889 1098 981 1155 ἐξῇ,
1020 1097 1222 1153 προδότας
1251 1099 1486 1153 δειχθῆναι,
1524 1095 1598 1138 καί

109 1159 204 1206 τότό
226 1160 277 1217 δὴ
303 1161 468 1208 πάντων
487 1162 761 1219 ἀνοσιώτερον
771 1196 785 1216 ,
824 1163 950 1214 δόξαν
973 1162 1106 1219 ὀρθὴν
1134 1162 1239 1219 πρὸς
1273 1159 1491 1217 εύσέβειαν
1522 1161 1598 1203 καὶ

155 1225 230 1281 τήν
253 1228 337 1269 miv
365 1226 487 1283 ἱερῶν
509 1227 756 1284 ἀπορρήτων
783 1226 1015 1284 σεμνότητα
1033 1229 1353 1285 περιφρονῆσαι.
1396 1229 1484 1276 πῶς
1509 1225 1589 1282 γάρ

158 1292 210 1333 οὔ
240 1293 362 1334 τοῦτο
388 1291 640 1348 φανούμεθα
682 1295 882 1350 δρῶντες,
931 1294 972 1335 εἰ
997 1293 1372 1349 προσχωρήσαιμεν
1407 1299 1494 1341 τοῖς
1518 1294 1592 1333 τοῦ

159 1356 386 1413 κρείττονος
406 1356 720 1407 ἐναντιωτάτοις
729 1376 744 1411 ,·
772 1360 812 1400 εἰ
835 1360 913 1411 μὲν
935 1357 1014 1414 γάρ
1043 1358 1344 1401 διακωλύσαιεν
1364 1357 1474 1414 ἡμᾶς
1500 1362 1593 1405 ταῖς

157 1419 306 1471 αὖταῖς
328 1422 556 1476 ἁγιστείαις
578 1423 793 1476 ἐμμένειν,
833 1422 907 1465 καί
926 1425 1228 1479 μεταστήσαιεν
1261 1422 1364 1479 πρὸς
1391 1422 1465 1478 την
1489 1439 1593 1479 σφε-

109 1487 312 1542 αοτέραν,
351 1487 399 1528 τί
420 1487 569 1529 τούτου
594 1485 827 1540 πεισόμεθα
854 1486 1167 1544 χαλεπώτερον,
1210 1486 1420 1544 περιόντες
1450 1486 1596 1533 τεκαὶ

158 1551 422 1607 τεθνηκότεςς
458 1553 506 1594 τί
523 1553 569 1595 δὲ
600 1554 877 1608 κερδανοῦμεν
910 1550 1078 1595 ἅπασαν
1101 1551 1177 1608 την
1198 1553 1393 1609 Περσίδα
1432 1554 1594 1608 (θῶμεν

157 1613 234 1672 γάρ
268 1614 399 1673 οὕτω)
422 1617 831 1672 προσλαμβάνοντες,
868 1617 943 1667 τὰς
976 1619 1023 1659 δὲ
1053 1617 1197 1672 ψυχὰς
1223 1620 1520 1673 ἑζημιωμὲνοι,
1559 1619 1597 1659 εἰ

254 1698 282 1720 1.
308 1683 402 1731 ἡμῖν
424 1686 462 1717 R.
490 1690 527 1718 et
547 1685 664 1730 Intpr,
687 1685 782 1730 ὑμῖν
805 1686 897 1730 vulg.
946 1686 979 1719 6.
1005 1684 1146 1726 ἤλασαν
1169 1687 1209 1720 R.
1236 1685 1336 1732 (CL),
1361 1684 1476 1727 ἤλασε
1499 1686 1594 1730 vulg,

251 1744 284 1777 7.
311 1731 595 1777 συλλαβομένων
620 1734 674 1772 R„-
706 1732 1068 1777 συλλαμβανομένων
1090 1733 1182 1777 vulg.
1322 1745 1357 1777 9.
1385 1730 1595 1777 ἀσύμφορα

249 1779 278 1812 R
427 1780 477 1812 13.
502 1777 776 1823 φρουρούντων
800 1797 848 1803 —
867 1776 1069 1821 δειχθῆναι
1094 1790 1162 1812 om.
1189 1780 1227 1812 R.
1267 1779 1380 1822 Igitur
1407 1776 1596 1811 κινδύνων

246 1803 344 1858 solus
373 1823 483 1869 Lugd.
508 1836 573 1868 pro
596 1835 668 1870 quo
693 1823 746 1858 Cl.
782 1835 869 1858 corr.
895 1823 1107 1862 κινδύνους.
1209 1824 1263 1869 ι4.
1289 1825 1375 1867 ἐξῆν
1409 1824 1492 1869 Sph.
1519 1825 1593 1860 Par.

251 1882 303 1916 ¹7·
329 1871 528 1917 φανοῦμεν
551 1872 593 1908 R.

209 1932 258 1967 od
291 1944 411 1980 neque
454 1946 474 1967 a
514 1935 678 1968 Romanis
719 1934 947 1980 legionibus,
990 1945 1109 1981 neque
1151 1946 1171 1968 a
1205 1932 1395 1980 praefectis
1441 1935 1585 1967 univer-
1639 1968 1642 1972 ,

158 1991 226 2019 ss,
258 1980 372 2013 multo
401 1990 486 2013 vero
519 1982 637 2014 minus
669 1981 714 2014 ab
748 1983 827 2026 ipso
861 1993 984 2014 eorum
1014 1983 1232 2026 Imperatore
1266 1980 1420 2014 insidiae
1447 1980 1586 2013 Gubazi

159 2025 297 2059 fuerint
319 2031 484 2060 structae.
530 2028 779 2072 Pei-vulgatum
804 2028 901 2061 enim
925 2029 998 2061 iam
1035 2029 1130 2072 apud
1157 2029 1253 2072 ipsos
1279 2033 1316 2060 et
1347 2028 1385 2060 in
1422 2028 1584 2060 confesso

130 2092 136 2099 -
159 2075 235 2111 est,
257 2071 355 2117 quod
378 2073 540 2106 Rusticus
565 2079 602 2107 et
627 2075 804 2107 Martinus
834 2085 1024 2119 prosperae
1048 2075 1148 2107 illius
1183 2074 1348 2107 fortunae
1380 2072 1583 2107 invidentes

159 2118 198 2150 in
234 2117 431 2151 ultroneam
461 2120 573 2153 animi
611 2121 794 2154 feritatem
828 2122 901 2154 sint
935 2120 1098 2164 abrepti,
1135 2120 1286 2165 reliquis
1324 2119 1477 2154 ducibus
1510 2131 1585 2152 non

159 2163 275 2196 solum
303 2175 377 2198 non
403 2165 681 2206 adiuvantibus,
711 2177 835 2199 verum
869 2169 977 2201 etiam
1002 2167 1128 2200 acerbe
1154 2165 1365 2199 ferentibus.
1414 2166 1585 2210 Iniquum

161 2210 283 2254 itaque
304 2215 342 2243 et
389 2217 547 2245 taeterea
570 2213 701 2250 inutile
726 2214 855 2254 fuerit,
900 2213 946 2247 ob
971 2214 1078 2246 unius
1102 2213 1261 2246 fortassis
1296 2218 1403 2258 atque
1433 2213 1583 2245 alterius

160 2255 299 2299 culpam
314 2267 363 2301 pu
390 2256 474 2290 licas
497 2258 606 2304 leges,
633 2269 721 2304 quas
745 2259 932 2293 observare
957 2260 1220 2298 constituimus,
1245 2264 1410 2303 proterve
1435 2259 1582 2299 violare,

160 2302 435 2348 universumque
457 2305 551 2338 vitae
575 2311 717 2338 nostrae
742 2306 948 2340 institutum
966 2331 975 2347 ‚
1002 2307 1060 2338 cui
1083 2306 1195 2338 amice
1219 2306 1456 2345 assuevimus,
1492 2305 1582 2338 adeo

159 2347 288 2381 leviter
309 2348 507 2391 immutare,
530 2362 650 2384 eorum
670 2363 767 2392 vero,
792 2352 856 2396 qui
878 2353 917 2387 in
939 2351 1128 2397 praesidiis
1151 2351 1358 2396 provinciae
1382 2363 1446 2396 pro
1463 2351 1582 2392 nobis,

160 2398 201 2426 ut
226 2395 419 2439 tranquille
440 2397 679 2443 iucundeque>
690 2399 861 2438 vivamus,
887 2398 1079 2439 excubant,
1103 2397 1308 2442 proditores
1328 2409 1368 2430 ac
1383 2397 1581 2432 desertores

159 2438 347 2481 declarari;
387 2445 424 2473 et
449 2442 546 2486 quod
570 2445 730 2477 omnium
755 2449 810 2478 est
839 2446 992 2478 maxime
1017 2445 1196 2489 impium,
1223 2449 1354 2477 rectam
1373 2443 1418 2476 de
1436 2444 1583 2487 religio-

125 2490 131 2491 ’
159 2496 206 2518 ne
230 2491 267 2519 et
297 2497 472 2520 sacrorum
505 2491 754 2532 mysteriorum
792 2490 970 2536 dignitate
1002 2491 1212 2536 opinionem
1241 2495 1349 2536 atque
1384 2489 1583 2522 doctrinam

157 2534 349 2575 aspernari.
398 2532 480 2578 Quo
503 2534 606 2582 pacto
632 2536 726 2568 enim
750 2547 825 2570 non
849 2537 895 2570 id·
911 2537 1029 2571 facere
1061 2536 1265 2574 videbimur
1280 2561 1289 2576 ‚
1325 2537 1355 2568 si
1389 2536 1433 2568 ad
1457 2535 1581 2567 infen-

158 2576 314 2612 sissimos
340 2579 455 2612 divini
478 2581 636 2615 numinis
662 2581 782 2616 hostes
819 2582 1118 2616 concesserimus?
1161 2582 1198 2615 Si
1230 2584 1325 2616 enim
1360 2582 1415 2614 illi
1451 2580 1579 2624 prohi-

157 2622 316 2665 buerint,
340 2635 386 2658 ne
411 2630 565 2658 nostram
589 2627 757 2672 deinceps
783 2629 994 2674 religionem
1020 2630 1198 2668 colamus,
1224 2628 1286 2661 sed
1311 2626 1354 2660 ad
1379 2638 1479 2659 suam
1513 2638 1579 2660 nos

159 2668 366 2715 adegerint,
393 2670 482 2718 quid
505 2671 655 2715 gravius
672 2674 774 2707 nobis
795 2676 957 2709 accidere
981 2676 1116 2720 possit,
1159 2674 1414 2718 superstitibus
1444 2674 1591 2718 pariter'

161 2720 199 2753 ct
220 2716 395 2754 mortuis?
441 2717 542 2762 Quid
567 2719 663 2754 enim
685 2720 775 2755 lueri
802 2721 1004 2764 fecerimus,
1028 2722 1059 2756 si
1084 2722 1282 2756 universam
1306 2719 1490 2766 (faciamus
1526 2721 1577 2757 ita
