1794 3112
572 143 945 188 ms‘romARUM
985 151 1036 188 11.
1066 149 1106 194 5.
1342 159 1344 161 v
1498 125 1567 201 75

139 261 257 300 γουσι
284 244 364 301 γάρ
393 243 438 286 αἱ
457 244 596 296 ὠτίδες
628 244 749 289 ἔνδον
774 247 1015 302 ἕνεχόμεναι
1038 249 1091 305 τῇ
1112 251 1257 306 σαρκί,
1296 250 1369 291 καί
1386 249 1620 304 πικροτέ-Α,
1635 256 1673 290 C.
1700 257 1768 293 553

138 327 216 366 ρας
241 309 467 369 ἐπάγουσαι
487 309 562 361 τοὶς
590 311 764 366 ὀδύνας,
805 310 912 355 ὥστε
941 315 982 355 εἷ
1001 316 1073 356 καί
1093 313 1153 370 μὴ
1175 315 1340 370 καιρίαν
1358 313 1428 357 τόν
1448 305 1605 356 πολέ-Ῑ·
1621 303 1647 336 I·
1662 315 1704 349 27

134 391 232 430 μιον
250 377 467 431 τρωθῆναι
492 380 781 434 ξυνενεχθειή,
824 375 930 420 ἀλλὰ
952 378 1082 437 ταύτῃ
1116 395 1161 434 γε
1193 381 1495 436 διαφθαρῆναι.
1534 381 1573 421 εἰ

136 441 185 483 δέ
208 456 255 495 γε
285 442 328 491 ἐς
355 441 514 483 οἷσπίδα
543 442 713 498 παγείῆ,
756 444 1041 500 ἄποκρέμαται
1071 446 1150 497 μὲν
1180 444 1329 486 αὐτίκα
1357 446 1400 496 ἐξ
1432 444 1573 500 αὖτῆς,

107 506 209 549 5καί
231 508 572 563 ξυμπεριάγεται,
603 511 834 565 συρομένου
863 510 909 551 ἑν
936 511 993 567 τῷ
1018 507 1165 565 ἐδάφει
1191 511 1265 551 τοῦ
1287 509 1570 564 ἀπολήγοντος·

131 570 155 613 ὅ
180 572 228 613 δὲ
258 575 428 628 βληθείς
467 568 560 615 οὔτε
597 571 813 624 ἐξελκύσαι
857 575 975 616 τοῦτο
1009 573 1061 630 δὴ
1092 575 1268 617 δύναται
1291 573 1338 616 τὸ
1367 574 1469 630 δόρυ
1497 572 1568 616 διὰ

130 635 207 692 τὴν
231 634 417 680 εἴσδυσιν
439 641 523 681 τῶν
544 635 721 692 ἆκίδων,
763 634 855 682 οὔτε
879 641 991 695 ξίφει
1017 641 1250 693 διατεμεῖν,
1288 642 1348 699 τῷ
1366 639 1424 695 μὴ
1459 642 1593 696 §qm-B

130 707 321 746 κνεῖσθαι
345 706 420 746 τοῦ
443 704 590 759 ξύλου,
633 704 738 747 ἀλλὰ
763 705 832 748 τὸν
847 707 1019 762 σίδηρον
1041 706 1370 760 παρατετάσθαι.
1401 705 1570 747 ἐπειδὰν

131 769 179 810 δὲ
199 770 315 811 τοῦτο
343 771 475 812 ἐσίδοι
504 771 528 812 ὅ
561 770 777 828 Φράγγος,
821 769 843 813 ὅ
868 773 913 814 δὲ
945 769 1102 828 ἀθρόον
1133 769 1280 824 ἐπιβάς
1302 773 1360 828 τῷ
1384 770 1482 812 ποδί
1501 773 1574 812 καί

78 834 367 890 Ῑοέμπατὴσας
388 834 460 879 τὸν
480 839 744 894 σαυρωτῆρα,
773 839 1019 894 καταβρίθει
1034 835 1109 893 τὴν
1129 837 1285 878 ἀσπίδα
1298 837 1371 877 καί
1389 837 1569 890 κατάγει,

122 899 182 950 ὦς
205 899 470 955 ὖποχαλάσαι
493 901 568 958 τήν
596 906 670 944 τοῦ
693 905 889 960 φέροντος
914 909 1064 959 χεῖρα,
1093 902 1167 943 καί
1193 902 1465 957 γυμνωθῆναι
1490 899 1567 956 τὴν

121 963 306 1021 κεφαλὴν
332 967 406 1008 καί
436 965 483 1008 τὸ
504 968 696 1024 στέρνον.
725 967 816 1011 τότε
847 967 896 1023 δὴ
920 963 995 1011 οὖν
1015 964 1145 1010 αὗτὸν
1176 961 1386 1023 ἄφρακτον
1410 968 1567 1016 ἐκεῖνος

119 1027 226 1074 ἑλών
254 1030 407 1089 ῥᾳδίως
423 1032 662 1087 ἀπόλλυσιν,
691 1029 722 1089 ἦ
743 1033 788 1076 τὸ
811 1035 1003 1088 μέτωπον
1027 1036 1188 1076 πελέκει
1210 1032 1417 1086 πατάξας,
1445 1028 1473 1087 ἢ
1493 1031 1566 1072 δό-

119 1111 216 1151 ρατι
241 1093 368 1156 ἑτέρῳ
391 1097 465 1154 τὴν
482 1097 674 1156 φάρυγγα
702 1098 910 1149 διελάσας.
940 1098 1113 1156 τοιαύτη
1133 1101 1212 1153 μὲν
1242 1103 1326 1148 τοῖς
1359 1095 1565 1154 Φράγγοις

69 1159 144 1218 1Ξῆ
168 1157 352 1216 ὅπλισις,
390 1165 462 1206 καί
485 1165 530 1206 ἐν
558 1166 694 1207 τοῖσδε
713 1163 765 1207 τά
785 1166 828 1215 ἐς
847 1163 920 1208 τὸν
940 1164 1119 1219 πόλεμον
1143 1161 1507 1221 παρεσκευάζοντο.

226 1227 272 1277 ς’.
303 1231 478 1286 Ναρσῆς
512 1232 558 1272 δὲ
593 1230 616 1272 ὅ
633 1232 716 1273 τῶν
745 1230 974 1284 Ῥωμαίων
998 1229 1226 1287 στρατηγὸς
1256 1228 1399 1284 ἐπειδὴ
1420 1230 1558 1270 ταῦτα

115 1293 304 1348 ἔγνωκει,
346 1295 498 1337 αὕτίκα
527 1293 592 1350 ὅγε
615 1292 770 1338 ἅπαντι
787 1298 847 1353 τῷ
866 1299 1031 1355 στρατῷ
1052 1292 1158 1353 ἄρας
1192 1297 1238 1338 ἐκ
1267 1297 1341 1350 τῆς
1371 1291 1598 1349 εΡιόμης,(;

114 1357 492 1414 στρατοπεδεύεται
518 1357 566 1401 οὗ
589 1359 732 1417 πόρ’ῥω
754 1363 838 1403 τῶν
872 1361 1102 1415 πολεμίων,
1132 1358 1221 1402 ἀλλ’
1249 1356 1347 1402 ὅσον
1368 1360 1556 1414 πατάγου

113 1439 159 1464 τε
192 1419 378 1479 ἇκούειν,
416 1425 488 1467 καί
515 1428 659 1484 διορᾷν
690 1425 738 1468 τὸ
759 1427 1015 1482 χαράκωμα·
1044 1424 1153 1468 οὕτω
1175 1428 1221 1468 δὲ
1246 1426 1327 1467 τῶν
1355 1441 1558 1480 στρατευ-

59 1492 256 1543 πομάτων
279 1490 470 1546 ἀλλήλοις
491 1493 810 1549 ἄναφανέντων,
849 1493 976 1548 πολλῆ
994 1495 1073 1546 μὲν
1098 1490 1352 1548 ἑκατέρωθεν
1370 1491 1556 1547 ὑπῆρχεν

208 1571 236 1594 1-
254 1558 477 1606 ἐνεχόμεναι
489 1562 532 1605 τῇ
546 1561 795 1607 σαρκὶ.1ῃῐ[)ι·.
810 1563 954 1596 cervice
968 1563 1081 1595 lazius
1093 1561 1250 1596 haerens
1273 1559 1327 1606 (9).
1401 1572 1431 1593 2.
1443 1561 1554 1602 Intpr.

201 1605 347 1651 legebat
372 1606 581 1651 ἐπάγουσιε
607 1607 724 1654 affert.
842 1608 874 1651 4.
901 1609 938 1644 ἐς
957 1609 1077 1641 0111.R.
1220 1608 1250 1641 5.
1277 1608 1488 1652 συρομένου
1502 1607 1555 1647 R„

203 1655 392 1698 συρομένη
419 1654 510 1699 vulg.
605 1657 637 1688 6.
669 1654 754 1688 οὔτε
778 1654 972 1694 ἐξελκύσαι
1004 1657 1040 1688 Β.
1076 1654 1183 1701 (CL),
1211 1652 1297 1687 οὔτε
1331 1652 1555 1692 ξυνελκύσαι

199 1699 293 1744 vulg.
388 1711 420 1744 9.
445 1699 566 1735 ἐνίδοι
591 1702 628 1735 R.
774 1713 824 1736 12.
853 1699 971 1738 αὐτὸν
994 1700 1075 1735 add.
1103 1712 1147 1735 ex
1168 1702 1228 1742 R.,
1263 1701 1372 1745 Iutpr.
1403 1700 1550 1734 hostem.

202 1747 256 1780 16.
283 1744 307 1779 ὁ
335 1746 415 1780 add.
445 1758 488 1780 ex
514 1749 556 1784 R.

111 1799 194 1835 dem
208 1801 318 1843 intro,
345 1803 400 1836 uti
411 1805 606 1839 verisimile
619 1810 684 1847 est,
710 1806 840 1851 cuspis,
865 1816 984 1851 neque
1003 1806 1032 1838 is
1049 1806 1112 1852 qui
1131 1806 1223 1839 ictus
1243 1809 1296 1838 est
1318 1816 1438 1850 neque
1460 1805 1552 1838 alius

106 1849 298 1894 quisquam
323 1849 430 1883 facile
462 1852 575 1884 telum
603 1853 757 1885 evellere
783 1858 917 1896 potest;
957 1851 1104 1884 obstant
1139 1853 1235 1884 enim
1267 1852 1462 1883 acuminati
1494 1852 1553 1884 illi

103 1891 244 1928 hamuli
268 1896 376 1929 altius
400 1899 498 1930 carni
518 1897 759 1938 inhaerentes,
785 1903 822 1930 et
835 1897 982 1930 acerbos
1003 1898 1181 1931 cruciatus
1200 1898 1370 1937 excitant,
1400 1897 1490 1930 adeo
1510 1903 1553 1931 ut

105 1939 215 1972 etiam
238 1941 270 1974 si
298 1940 438 1975 hostem
468 1953 699 1989 nequaquam
722 1944 832 1977 letale
862 1944 992 1977 vulnus
1015 1945 1194 1988 accepisse
1213 1945 1417 1988 contingat,
1446 1955 1490 1977 ex
1508 1955 1551 1977 eo

104 1990 225 2019 tamen
242 1987 408 2021 intereat.
436 1988 474 2022 Si
488 2000 572 2022 vero
591 1995 692 2027 scuto
712 1990 909 2035 impactum
927 1991 1050 2031 fuerit,
1069 1992 1189 2024 statim
1210 2001 1254 2023 ex
1275 2001 1317 2023 eo
1336 1989 1551 2035 propendet,

104 2036 143 2064 et
157 2031 416 2079 circumagitur,
441 2035 564 2069 infima
586 2037 642 2069 sui
659 2043 761 2082 parte
783 2038 900 2071 solum
912 2048 1056 2070 verrens
1075 2043 1112 2070 et
1130 2048 1284 2071 versans.
1331 2038 1364 2069 Is
1386 2048 1470 2070 vero
1487 2037 1552 2082 qui

102 2077 195 2111 ictus
216 2085 288 2122 est,
313 2092 432 2127 neque
460 2083 575 2116 telum
600 2089 700 2117 scuto
721 2084 878 2120 evellere
900 2083 996 2117 valet
1010 2109 1019 2124 ‚
1043 2083 1199 2117 hamulis
1216 2082 1396 2117 mordicus
1420 2083 1551 2116 inhae-

102 2124 265 2159 rentibus
281 2152 290 2168 ,
323 2138 442 2174 neque
461 2139 547 2163 ense
570 2135 756 2175 amputare
769 2157 779 2172 ,
834 2129 907 2163 uod
927 2130 1098 2163 nimirum
1118 2130 1164 2163 ad
1182 2131 1320 2174 lignum
1343 2130 1550 2174 pertingere

101 2180 176 2203 non
188 2173 311 2216 possit,
323 2174 448 2207 ferreis
462 2175 619 2218 laminis,
641 2177 772 2223 quibus
794 2143 834 2209 iii
855 2176 1052 2210 obductum
1071 2183 1135 2218 est,
1152 2176 1424 2219 obsistentibus3
1451 2175 1551 2222 quod

100 2215 252 2251 simulac
274 2219 406 2254 viderit
427 2221 608 2264 Francus,
635 2224 827 2257 confestim
844 2222 938 2267 pede
961 2224 1124 2265 insultat,
1150 2228 1187 2256 et
1209 2224 1420 2268 proculcans
1439 2223 1551 2255 imam

98 2261 258 2306 hastam,
282 2271 422 2301 scutum
443 2269 606 2312 pondere
628 2272 684 2303 sui
709 2270 869 2315 corporis
897 2269 1089 2314 deprimit,
1121 2271 1174 2302 ita
1194 2275 1254 2310 ut,
1282 2269 1454 2314 gestantis
1471 2281 1551 2302 ma-

98 2319 150 2362 :nu
166 2321 243 2343 sese
257 2313 426 2347 nonnihil
435 2313 579 2351 laxante
598 2328 639 2350 ae
664 2318 884 2357 remittente,
907 2322 1017 2361 caput
1038 2322 1074 2350 et
1090 2322 1214 2362 pectus
1233 2315 1427 2352 nudentur.
1454 2316 1551 2348 Tum

97 2355 163 2388 111e
184 2356 321 2392 nudum
347 2358 486 2395 hostem
506 2374 625 2410 neque
647 2365 829 2397 munitum
853 2369 980 2396 nactus
1004 2364 1111 2396 facile
1138 2363 1315 2402 trucidat,
1341 2363 1414 2397 sive
1432 2362 1550 2395 securi

92 2401 255 2436 *frontem
275 2405 430 2448 feriens,
455 2409 528 2442 sive
561 2410 632 2444 alia
654 2410 758 2444 hasta
781 2410 947 2455 iugulum
968 2410 1164 2444 traiiciens.
1221 2410 1272 2443 Ac
1292 2410 1375 2442 talis
1399 2407 1547 2454 quidem

98 2453 154 2481 est
176 2449 394 2485 Francorum
413 2461 611 2498 armatura,
639 2463 748 2504 atque
769 2458 824 2490 ita
843 2456 889 2490 ad
916 2457 1097 2501 proelium
1124 2456 1404 2502 apparabantur.

188 2497 221 2530 6.
269 2497 396 2533 Narses
410 2511 493 2535 vero
511 2503 657 2537 Romani
679 2506 861 2539 exercitus
884 2509 1030 2548 praetor
1050 2504 1116 2537 ubi
1142 2504 1232 2537 haec
1249 2503 1436 2547 cognovit,
1470 2504 1545 2533 sta-

94 2541 162 2573 tim
186 2548 223 2576 et
247 2545 326 2590 ipse
354 2548 519 2581 universo
543 2552 702 2584 exercitu
730 2553 845 2584 Roma
873 2551 1024 2592 educto,
1061 2563 1136 2585 non
1162 2550 1289 2595 procul
1310 2549 1354 2581 ab
1377 2546 1545 2580 hostibus

95 2593 205 2623 castra
232 2590 345 2633 locat,
371 2593 435 2626 sed
457 2592 553 2628 unde
572 2602 608 2629 et
627 2600 796 2643 strepitus
819 2597 988 2631 exaudiri
1016 2603 1052 2630 et
1077 2599 1210 2631 vallum
1230 2595 1390 2639 conspici
1410 2598 1543 2637 posset.

94 2631 172 2666 Hoc
195 2638 318 2684 itaque
342 2640 449 2674 modo
482 2652 563 2674 cum
600 2643 670 2677 ‹luo
700 2647 884 2678 exercitus
915 2645 954 2677 in
982 2650 1147 2678 mutuum
1167 2646 1396 2685 conspectum
1419 2640 1540 2672 venis-

94 2686 176 2714 sent
188 2707 197 2723 ,
222 2692 382 2720 accurate
397 2689 568 2734 utrinque
585 2691 678 2723 acies
699 2692 980 2725 instruebantur
994 2716 1003 2731 ‚
1038 2689 1290 2736 praesidiaque
1313 2693 1350 2720 et
1369 2685 1541 2720 excubiae

94 2725 319 2771 locabantur,
351 2738 388 2766 et
407 2734 514 2768 duces
540 2735 684 2771 ordines
707 2738 891 2784 militantes
915 2737 1079 2772 obibant.
1137 2737 1225 2781 Spes
1245 2745 1329 2770 vero
1351 2739 1387 2768 et
1410 2737 1539 2773 metus,
