1794 3112
513 123 889 168 H1sT0R1ARUM
935 126 968 167 1.
996 130 1063 171 13.
1455 105 1527 172 lu

94 230 172 287 τὴν
198 227 318 271 πόλιν
337 227 458 280 ὑμῶν
473 223 620 282 ἥκιστα
640 227 927 282 πημανοῦμεν.
954 227 994 269 εἰ
1017 227 1063 268 δὲ
1086 223 1168 281 μή,
1196 225 1247 268 οὖ
1273 226 1404 268 ταῖνδε
1431 226 1529 281 πέρι
1541 231 1581 266 Α.
1597 231 1712 268 c.552

92 299 194 350 ὑμῖν
227 290 417 336 τολοιπὸν
453 292 672 348 οἷλγητέον,
721 292 814 334 ἀλλ’
849 286 930 347 ἤδη
965 290 1179 349 φράζεσθε
1220 286 1332 340 ὅπως
1373 289 1433 348 μή
1460 279 1666 332 καίῙ·Ῑ·26

91 360 216 403 αὐτοὶ
234 355 414 406 ἅπαντες
441 353 566 410 ὅμοια
585 357 800 412 πείσησθε.
826 358 961 399 ταῦτα
983 359 1030 399 δὲ
1054 356 1148 398 ἐπεὶ
1164 351 1319 412 ἤκουον
1341 354 1382 398 οἱ
1404 359 1558 399 Λου-Β

90 423 213 468 navet*
223 458 236 477 ,
267 425 475 481 ἐξαπατᾷν
496 439 542 477 γε
566 421 695 464 αὐτὸν
718 422 896 478 ἡγοῦντο
920 423 994 464 καί
1019 424 1255 479 φενακίζειν
1281 420 1353 465 ἐπὶ
1378 423 1426 480 τῇ
1447 423 1531 464 τῶν

63 491 292 544 ὅκειμένων
327 487 624 545 ἀναζωγρήσει.
663 487 736 530 καί
769 484 880 544 ἦσαν
917 486 997 544 γὰρ
1044 487 1102 537 ὥς
1135 487 1305 543 ἀληθῶς
1327 487 1462 543 ἀπάτη
1491 487 1531 529 οἱ

87 555 226 611 λόγοι,
250 555 302 597 οὔ
327 556 469 609 μέντοι
491 570 538 609 γε
562 550 665 612 ᾗπερ
691 556 841 597 ἐκεῖνοι
866 548 1020 612 ᾤοντο,
1048 552 1352 610 προθυμότατα
1376 555 1423 595 δὲ
1450 548 1531 594 αὖ..

85 625 165 670 θτς
186 618 480 675 ἄνωμολόγουν
515 617 629 673 ὅμως
656 619 731 662 καί
758 616 1024 673 ἐπώμνυντο,
1061 621 1175 675 σφᾶς
1208 635 1253 661 τε
1279 617 1434 667 αὐτοὺς
1459 616 1534 660 καὶ

83 684 160 743 τήν
194 686 316 731 πόλιν
342 686 490 728 αὐτίκα
513 686 707 742 παρέξειν
729 685 863 742 αὔτῷ,
885 686 930 733 ἐς
956 681 981 726 δ’
991 719 1004 738 ,
1025 701 1065 726 τι
1089 684 1284 738 βούλοιτο
1310 686 1529 740 χρῆσθαι,

85 752 167 808 εἴγε
189 751 288 802 τοὺς
314 751 500 809 ὁμήρους
519 751 647 794 ἴδοιεν
670 750 901 808 περιόντας·
923 747 995 792 ἅτε
1017 748 1066 806 δὴ
1091 749 1170 806 γὰρ
1204 750 1347 799 αὐτοῖς
1371 751 1531 792 α’δυνα-

38 833 159 861 ῐοτον
193 816 302 861 εἶναι
338 819 490 859 δοκοῦν
519 814 618 866 τούς
650 818 880 866 τεθνεῶτας
923 816 1178 870 ἀναβιῶναι,
1218 815 1529 872 εὖπρεπέστατα

82 885 264 940 ἡγοῦντο
291 883 420 940 ταύτῃ
441 885 544 938 γοῦν
567 883 882 924 ἆποσείσασθαι
903 879 949 924 τὸ
971 883 1202 936 ἐπίκλημα,
1226 883 1300 922 καί
1323 878 1396 923 ἐπὶ
1417 881 1531 936 σφᾶς

83 947 241 998 αὐτοὺς
258 946 310 991 τοὶ
339 949 482 990 δίκαια
505 951 762 1001 μεταθεῖναι.
787 945 878 990 τότε
900 946 951 1003 δὴ
979 941 1058 989 οὖν
1086 946 1108 989 ὅ
1136 948 1311 1003 Ναρσῆς
1343 948 1531 1001 ἐγκελευ-

80 1014 284 1069 σάμενος,
319 1014 518 1070 ἀνίστησί
537 1030 581 1055 τε
612 1011 766 1063 αὖτοὺς
796 1010 981 1069 ἀθρόον,
1022 1011 1095 1055 καί
1119 1013 1406 1055 ἐπεδείκνυντο
1429 1014 1550 1060 τοῖςῦ

81 1078 314 1137 ὁμοφύλοις
339 1081 448 1122 σῶοί
463 1095 509 1122 τε
536 1078 610 1121 καί
629 1078 842 1135 ἀδήλητοι.
871 1079 910 1121 οἱ
939 1080 986 1121 δὲ
1011 1078 1224 1128 ἐπιδόντες
1251 1075 1428 1131 αὐτοὺς,
1455 1094 1532 1119 κα.

29 1145 347 1203 15τεπλήττοντο
380 1147 486 1200 μὲν,
530 1142 669 1203 ὥσπερ
707 1143 843 1199 εἰκὸς,
879 1147 938 1203 τῷ
975 1143 1201 1204 παραλόγῳ
1227 1146 1301 1199 τῆς
1318 1146 1450 1196 θέας,
1476 1144 1528 1185 οὗ

79 1211 165 1268 μὴν
190 1212 291 1254 οὐδὲ
317 1209 374 1262 ὥς
403 1208 587 1262 ἅπαντες
612 1214 789 1255 ἐκτελεῖν
815 1210 866 1254 τά
893 1210 1178 1265 ὄμωμοσμένα
1202 1204 1332 1268 ᾤοντο
1355 1212 1528 1266 χρῆναι,

80 1277 173 1320 ἀλλ’
189 1272 301 1334 ἦσαν
325 1277 369 1320 οἳ
388 1276 462 1320 καὶ
482 1276 705 1334 ἄνήνοντο.
733 1276 877 1334 ἐπειδὴ
894 1275 973 1334 γάρ
1000 1278 1144 1327 αὐτοῖς
1164 1278 1370 1334 περιῆσαν
1385 1274 1425 1317 οἱ
1454 1270 1529 1318 ἇν-

83 1343 200 1398 δρες,
221 1341 296 1384 καί
316 1340 362 1384 ‘td
392 1342 548 1397 ιῖλγοῦν
568 1345 642 1399 τῆς
667 1341 833 1399 γνώμης
858 1344 930 1386 καί
963 1341 1194 1396 ἀνιώμενον
1234 1344 1278 1391 ἐς
1310 1340 1357 1384 τὰ
1385 1335 1528 1383 εὔελπι

79 1410 375 1464 μετεβέβλητο,
399 1406 551 1462 πάλιν,
591 1406 662 1451 ἅτε
687 1407 738 1464 δὴ
766 1406 934 1462 ὅμιλος,
973 1410 1018 1458 ἐς
1048 1407 1098 1451 τὰ
1128 1406 1311 1465 πρότερα
1352 1405 1528 1464 ἐπανῄε-

26 1490 183 1527 αοσαν,
202 1473 276 1516 καί
294 1472 346 1516 τοὶ
367 1476 442 1530 τῆς
471 1475 667 1524 ἀπιστίας
687 1475 816 1517 ἐνίκα.
850 1476 894 1524 ἐς
918 1476 1040 1517 τοῦτο
1068 1476 1115 1517 δὲ
1138 1475 1281 1517 αὕτιῧν
1314 1474 1527 1529 ἀβελτερί-

79 1556 130 1588 ας
154 1537 427 1595 ἐληλακότων,
454 1543 630 1596 Ναρσῆς
658 1538 680 1582 ὅ
702 1538 930 1597 στρατηγὸς
956 1542 1087 1598 πολλῇ
1114 1539 1331 1596 χρώμενος
1369 1540 1420 1595 τῇ
1451 1554 1528 1592 με..

74 1602 394 1664 γαλοφροσύνῃ,
431 1605 584 1662 α’φίησι
617 1605 789 1656 τούτους
827 1605 985 1660 amoq,
1013 1605 1089 1648 καί
1125 1608 1170 1655 ἐς
1200 1604 1251 1648 τὰ
1289 1605 1420 1647 οἰκεῖα
1460 1605 1529 1646 ἐκ.

171 1713 199 1736 ι.
222 1699 340 1736 τῶνδε
352 1701 390 1733 R.
404 1706 442 1735 et
450 1700 561 1746 Lugd.
580 1712 683 1742 corr„
696 1698 808 1734 τοῦδε
824 1699 904 1733 edd.
926 1701 1038 1744 Intpr.
1052 1701 1160 1745 plane
1179 1700 1251 1732 alia
1270 1699 1398 1744 legisse
1418 1699 1524 1733 vidc-

161 1753 242 1783 tur:
260 1750 321 1783 sin
330 1749 463 1790 minus,
479 1759 621 1783 necesse
640 1749 711 1783 erit
730 1748 878 1782 omnino
896 1756 936 1781 ut
946 1748 1150 1793 malefactis
1161 1747 1299 1780 demum
1312 1745 1525 1780 indoleatis.

163 1807 196 1831 2.
221 1795 287 1831 Pro
302 1791 355 1840 μὴ
371 1797 409 1829 R.
426 1792 480 1839 δὴ.
557 1798 587 1832 3.
612 1797 794 1829 πείσεσθε
812 1794 970 1828 scribere
986 1793 1172 1827 debuisset
1185 1792 1291 1840 ‘(Cl.).
1355 1795 1388 1828 6.
1411 1788 1526 1831 αὖθις

165 1842 443 1888 ἀνωμολόγουν
470 1840 572 1890 ὅμως
596 1843 658 1883 R„
694 1840 797 1887 ὅμως
822 1839 1095 1887 ἄνωμολόγουν
1124 1836 1240 1877 αὖθις
1269 1841 1362 1886 vulg.
1472 1840 1525 1884 14,

165 1886 349 1931 ἄδήλωτοι
373 1891 411 1923 Β.
596 1886 794 1925 ἐπιδόντες
816 1889 868 1929 R.,
892 1886 1084 1926 ἐσιδόντες
1093 1887 1185 1933 vulg.
1258 1898 1310 1932 ¹7·
1333 1885 1520 1930 α’νὴνοντο

163 1936 224 1980 B„
246 1934 430 1980 οἷνήνηντο
445 1937 538 1983 vulg.
637 1947 688 1981 19.
708 1935 954 1982 μεταβέβλητο
979 1935 1017 1968 R.

75 2018 156 2048 sent
185 2013 346 2055 Lucani,
377 2013 484 2047 illudi
514 2013 586 2048 sibi
610 2013 806 2059 fucumque
830 2013 910 2046 fieri
927 2012 1134 2047 ,censebant
1167 2016 1391 2046 mortuorum
1418 2023 1523 2047 resu-

74 2061 275 2096 scitatione.
323 2061 369 2094 Et
397 2061 544 2095 suberat
578 2060 726 2106 quidem
757 2060 904 2093 omnino
929 2060 1049 2094 verbis
1074 2060 1194 2097 fraus,
1224 2071 1298 2092 non
1322 2064 1444 2093 tamen
1468 2060 1522 2093 ita

75 2113 184 2153 atque
207 2108 264 2141 illi
303 2107 491 2154 putabant.
551 2107 818 2152 promptissime
857 2117 942 2140 vero
979 2106 1218 2141 nihilominus
1255 2106 1522 2150 profitebantur

72 2165 191 2188 rursus
215 2159 252 2188 et
274 2154 461 2195 iurabant,
486 2165 524 2187 se
547 2154 644 2199 ipsos
669 2159 706 2187 et
729 2153 856 2187 urbem
882 2153 1032 2187 arbitrio
1057 2153 1219 2187 Narsetis
1243 2152 1453 2194 dedituros,
1487 2153 1521 2187 si

78 2200 223 2234 obsides
257 2202 371 2235 salvos
404 2206 602 2238 cernerent.
658 2201 750 2235 cum
787 2201 884 2234 enim
920 2201 1008 2245 ipsis
1053 2200 1280 2245 impossibile
1321 2199 1519 2241 videretur,

74 2252 233 2281 mortuos
255 2248 487 2288 reviviscere,
521 2247 703 2292 putabant
728 2259 766 2280 se
788 2248 1042 2281 honestissime
1066 2246 1136 2280 hoc
1161 2252 1267 2292 pacto
1291 2246 1519 2281 criminatio-

72 2304 156 2326 nem
178 2300 376 2329 remoturos
400 2305 613 2341 causamque
638 2305 738 2328 suam
753 2305 904 2339 aequam
934 2295 1106 2330 facturos.
1155 2296 1250 2328 Tum
1279 2293 1410 2327 Narses
1437 2305 1518 2327 ere-

73 2345 148 2374 ctos
166 2341 355 2375 confestim
375 2353 438 2383 eos
458 2346 552 2375 stare
567 2341 684 2382 iussit,
709 2346 746 2374 et
772 2341 965 2385 oppidanis
992 2341 1207 2386 spectandos
1233 2341 1376 2386 posuit,
1401 2341 1518 2374 salvos

73 2391 182 2433 atque
218 2387 425 2422 incolumes.
473 2388 521 2421 Hi
557 2399 641 2422 vero
675 2398 735 2420 eos
761 2389 979 2434 conspicati,
1002 2389 1159 2433 perculsi
1185 2388 1333 2434 quidem
1356 2387 1517 2427 fuerunt,

76 2437 117 2466 ut
144 2445 208 2478 pax·
243 2440 346 2476 erat,
381 2435 574 2480 spectaculi
611 2435 792 2476 novitate,
819 2436 883 2469 sed
914 2446 960 2468 ne
996 2435 1047 2468 ita
1074 2436 1223 2482 quidem
1253 2445 1378 2468 omnes
1402 2433 1516 2478 pactis

75 2480 242 2513 standum
268 2481 480 2524 censebant3
503 2493 622 2527 neque
650 2481 802 2515 deerant
824 2483 887 2528 qui
911 2488 1129 2517 recusarent.
1162 2483 1397 2526 Posteaquam
1417 2480 1516 2512 enim

73 2528 282 2570 superstites
307 2533 344 2560 et
366 2528 479 2561 salvos
505 2539 586 2562 suos
611 2534 696 2562 sunt
718 2529 937 2573 conspicati,
963 2529 1091 2562 animis
1125 2541 1170 2568 ex
1192 2538 1355 2562 moerore
1382 2531 1419 2559 et
1446 2525 1514 2558 do-

74 2572 152 2606 lore
180 2574 225 2607 nd
249 2574 383 2607 bonam
409 2585 508 2618 spem
535 2575 734 2616 conversis,
759 2576 815 2608 uti
841 2576 968 2621 vulgus
995 2576 1112 2618 solet,
1137 2576 1183 2609 ad
1206 2573 1391 2619 ingenium
1417 2571 1515 2605 redi-

75 2625 203 2661 eruut,
228 2621 388 2666 vicitque
422 2621 585 2665 perfidia.
633 2623 716 2668 Quo
741 2622 889 2667 quidem
913 2623 1081 2656 vesaniae
1115 2634 1196 2656 cum
1223 2621 1279 2654 illi
1305 2624 1424 2652 essent
1446 2619 1513 2652 ah-

75 2667 190 2709 repti,
214 2667 343 2701 Narses
369 2678 506 2701 summa
530 2672 634 2702 utens
671 2669 782 2702 animi
807 2669 1074 2714 magnitudine,
1106 2669 1227 2702 statim
1251 2665 1395 2700 obsides
1419 2665 1512 2700 libe-

75 2722 134 2745 ros
158 2713 204 2749 ad
227 2725 311 2750 suos
335 2715 492 2759 remisit,
521 2713 631 2750 nullis
655 2715 816 2752 xedimiis
841 2718 1019 2762 acceptis,
1051 2726 1171 2763 neque
1200 2714 1275 2748 ulla
1299 2713 1509 2751 conventio-
