1794 3112
605 127 982 171 HISTORIARUM
1026 131 1080 168 11.
1123 131 1188 174 25.
1314 175 1316 177 ,
1507 124 1603 159 121

172 231 372 290 μετέθηκε
394 229 618 272 πολιτείαν.
655 226 766 271 οὕτω
796 228 875 284 γὰρ
899 223 949 285 ἦν
977 227 1259 284 μεγαλουργός
1280 227 1323 276 ές
1345 225 1395 269 τά
1413 226 1599 279 μάλιστα
1613 233 1653 267 Α.
1668 232 1708 267 C.
1720 231 1786 275 554

173 300 247 343 καί
277 296 579 352 α’μαχώτατος,
629 293 710 348 ὥς,
748 294 891 352 ἐπειδὴ
922 295 1049 338 αὐτὸν
1077 296 1149 336 καί
1179 291 1412 346 άποβιιόναι
1450 293 1611 347 ξυνέβη,
1625 281 1651 318 ¹·
1670 281 1695 313 Ῑ·
1719 280 1765 351 33

174 363 287 420 ὅμως
310 361 407 413 τούς
436 364 593 404 ἐκείνου
617 362 858 416 διαδόχους,
889 359 1141 410 Μακεδόνας
1156 376 1203 415 γε
1227 354 1365 413 ἷίντας,
1394 364 1648 412 κατασχεῖνΒ

172 433 431 473 ἓπιπλεῖστον
456 430 531 483 τῆς
565 425 803 483 ἀλλοδαπῆς
831 430 903 469 καί
937 427 1124 479 ὂθνειάς,
1177 427 1248 467 καί
1267 426 1339 467 ἐπὶ
1361 426 1471 479 μέγα
1492 421 1620 466 δυνά-

147 502 284 550 δμεως
309 495 555 552 ἀφικέσθαι.
582 493 655 536 καί
673 491 791 547 οἶμαι
813 487 917 550 ἄχρι
942 492 1014 535 καὶ
1039 494 1082 541 ἐς
1103 490 1199 534 τόδε
1220 493 1296 534 τοῦ
1314 492 1462 545 καιροῦ
1486 486 1619 545 ἦρχον

171 558 224 605 ἂν
247 561 320 604 καί
345 561 599 618 ἐπεκράτουν
615 595 627 614 ,
655 564 705 618 τῇ
731 563 805 603 τοῦ
827 561 1006 602 οἰκιστοῦ
1027 556 1327 614 κρατυνόμενοι
1353 555 1471 613 δόξῃ,
1501 557 1541 598 εἰ
1559 555 1619 611 μὴ

156 631 216 678 -ἐς
242 623 445 683 ἆλλὴλους
471 626 784 680 στασιάσαντες,
812 629 885 668 καί
902 623 1023 679 θαμὰ
1048 624 1152 666 κατά
1170 639 1216 665 τε
1240 624 1360 679 σφῶν
1386 619 1528 664 αὐτῶν
1551 620 1624 663 καί

171 693 282 752 πρὸς
313 693 556 746 εΡωμαίους
592 693 945 749 παραταξάμενοι,
987 693 1061 734 τοῦ
1092 689 1279 739 πλείονος
1309 691 1451 741 ἕκατι,
1481 690 1621 731 διέλυ-

174 776 254 803 σαν
284 758 363 808 τὰς
398 758 551 808 οἰκείας
579 759 804 812 δυνάμεις,
851 760 924 799 καί
961 758 1099 799 οὕκέτι
1138 755 1345 798 οἷνάλωτοι
1375 760 1463 803 τοῖς
1492 756 1620 802 πέλας

123 824 364 868 ιοέδόκουν.
413 824 622 880 τοιγάρτοι
655 819 854 879 ἄρξαντες
901 824 950 865 οὗ
983 821 1078 864 λίαν
1115 820 1314 864 ἐλάττονα
1351 820 1504 877 χρόνον
1534 820 1620 861 τῶν

172 890 368 945 Μήδων,
411 886 476 931 ὅτι
499 888 557 946 μή
580 888 686 931 ἑπτὰ
709 889 819 932 ἔτεσι
845 892 1016 941 δέοντα,
1050 889 1259 945 (πειστέον
1285 884 1365 942 γὰρ
1397 882 1619 927 κάνταῦθα

172 958 232 1013 τῷ
247 957 560 1012 Πολυΐστορι,)
588 957 632 1005 ἐς
657 958 851 998 τοσοῦτον
875 955 925 1011 δὴ
949 951 1027 997 οὖν
1052 955 1343 1011 κρατήσαντες,
1367 953 1659 1008 Παρθυαῖοίῦ

173 1037 220 1077 γε
241 1019 419 1074 αὖτοὺς,
457 1019 580 1071 ἔθνος
603 1019 801 1077 κατήκοον
824 1020 898 1063 καί
922 1018 1072 1076 ἥκιστα
1104 1020 1150 1062 ἐν
1173 1022 1231 1078 τῷ
1256 1017 1336 1074 πρὸ
1365 1020 1442 1060 τοῦ
1467 1015 1621 1071 ὄνομα·

170 1085 396 1140 ’στότατον,
437 1088 680 1143 παρέλυσαν
709 1090 783 1143 τῆς
818 1084 952 1142 ἀρχῆς
984 1085 1085 1135 τούς
1118 1084 1386 1133 Μακεδόνας.
1431 1083 1506 1126 καί
1531 1080 1619 1126 εἶτα

120 1152 324 1200 ιόἐκεῖνοι
362 1155 448 1196 τῶν
492 1149 600 1196 ὅλων
632 1153 739 1210 πλὴν
776 1152 996 1208 Αἰγύπτου
1032 1152 1236 1209 ἡγοῦντο,
1283 1149 1496 1206 Ἀρσάκου
1541 1151 1622 1203 μὲν

173 1219 374 1276 πρότερον
391 1220 464 1276 τῆς
482 1216 750 1271 ἀποστάσεως
777 1220 1028 1274 ἆρξαμένου,
1059 1216 1115 1267 αἷς
1139 1217 1211 1259 καί
1245 1213 1503 1272 Ἀρσακίδας
1525 1214 1622 1265 τούς

173 1287 262 1339 μετ’
291 1284 423 1328 αὐτὸν
453 1285 750 1340 ὀνομάζεσθαι,
779 1285 1060 1341 Μιθριδάτου
1082 1286 1128 1326 δὲ
1154 1280 1203 1325 οὗ
1225 1284 1363 1338 πολλῷ
1384 1278 1556 1338 ὕστερον
1577 1283 1623 1332 ἐς

175 1350 283 1406 μέγα
309 1368 352 1393 τι
379 1352 496 1401 κλέος
525 1351 573 1394 τὸ
606 1352 876 1408 Παρθυαίων
904 1345 1035 1403 ὄνομα
1065 1348 1353 1404 ἐξενεγκόντος.

286 1415 344 1466 κς’
409 1414 710 1472 Ἑβδομήκοντα
731 1419 778 1460 δὲ
802 1419 904 1460 ἐτῶν
927 1413 1009 1473 ἤδη
1036 1418 1107 1458 ἐπὶ
1138 1414 1362 1464 διακοσίοις
1379 1412 1624 1473 παρῳχηκό-

276 1507 328 1529 12.
353 1494 610 1542 κρατήσαντας
633 1501 670 1530 et
701 1497 751 1530 16.
789 1495 1024 1541 ἀρξαμένους
1047 1495 1123 1539 sph.
1144 1496 1218 1529 Par.
1363 1508 1412 1540 ¹9·
1437 1495 1492 1528 Ab
1516 1495 1623 1527 Arsa·

272 1544 324 1575 cis
358 1543 475 1576 initiis
506 1555 621 1588 usque
647 1542 693 1575 ad
723 1544 911 1576 interitum
941 1543 1115 1576 Artabani
1146 1542 1232 1574 anni
1264 1541 1344 1585 476.
1369 1547 1621 1575 numerantur:

271 1589 344 1622 vid.
372 1589 445 1622 Ste.
465 1589 573 1622 Croix
592 1589 638 1622 ad
655 1590 768 1622 Tacit.
791 1590 845 1623 ed.
873 1589 1035 1623 Oberlin.
1066 1590 1108 1624 Τ.
1130 1590 1172 1621 ΙΙ.
1199 1599 1232 1632 p.
1253 1590 1332 1632 872.
1368 1588 1471 1622 Unde
1489 1588 1622 1637 aliquis

272 1636 446 1668 coniiciat
461 1634 715 1680 ἑβδομήκοντα
733 1636 796 1669 ἐπὶ
819 1639 1079 1683 τετρακοσίοις
1106 1634 1370 1669 emendandum
1400 1647 1486 1668 esse.
1547 1635 1622 1668 Ve—

271 1688 474 1715 rumtamen
501 1682 596 1716 nihil
622 1688 759 1716 mutare
790 1685 928 1723 ausim,
967 1695 1078 1729 quum
1103 1688 1252 1727 propter
1286 1693 1500 1715 consensum
1521 1683 1557 1713 R.
1586 1686 1623 1713 et

271 1729 383 1774 Intpr.
407 1741 486 1763 cum
517 1728 774 1774 Lugdunensi,
815 1735 893 1762 tum
920 1741 1003 1763 vero
1035 1729 1244 1775 praesertim
1272 1735 1420 1773 propter
1449 1729 1623 1772 temporis

271 1787 458 1816 summam,
485 1776 585 1822 quod
604 1775 773 1821 Agathias
794 1775 1029 1810 Macedonum
1049 1777 1202 1820 imperio
1226 1775 1366 1808 tribuit.
1392 1775 1493 1819 Quos
1512 1786 1623 1820 quum

271 1827 411 1866 septem
441 1828 580 1856 tantum
613 1824 718 1856 annis
741 1824 860 1857 minus
888 1835 994 1868 quam
1025 1822 1153 1856 Medos
1176 1822 1294 1856 Asiam
1319 1824 1480 1855 tenuisse
1504 1822 1623 1859 nouit,

267 1868 396 1903 Medos
419 1875 540 1903 autem
562 1880 628 1914 per
653 1871 729 1904 300.
749 1881 862 1903 annos
887 1871 1100 1915 imperasse,
1132 1869 1298 1914 sequitur
1324 1869 1427 1901 illum
1445 1868 1515 1901 sibi
1533 1858 1621 1912 iwer-

271 1915 446 1957 suasisse,
472 1917 682 1950 Parthorum
709 1917 902 1961 imperium
933 1929 1026 1950 anno
1053 1916 1198 1950 demum
1221 1916 1276 1959 44.
1302 1927 1332 1947 a.
1354 1914 1436 1948 Chr.
1458 1926 1494 1949 n.
1515 1925 1622 1947 exor-

269 1966 348 1995 tum
375 1973 463 1996 esse.
530 1964 586 1996 Ita
607 1973 691 1997 vero
714 1962 956 1997 Macedonum
980 1975 1092 1996 annos
1122 1974 1143 1995 a
1169 1963 1284 2007 primo
1313 1960 1511 1994 Alexandri
1540 1965 1623 2005 post
1646 1978 1650 1983 -

268 2014 410 2088 fatrem
433 2011 614 2055 regnantis
631 2035 640 2051 ,
664 2021 740 2043 non
763 2022 783 2043 a
809 2010 910 2043 Darii
935 2022 1044 2056 regno
1066 2020 1188 2043 everso
1214 2009 1434 2052 supputavit.
1483 2007 1532 2040 Ac
1550 2009 1622 2043 Po-

285 2054 481 2098 yhistorem
500 2068 646 2103 quoque
672 2062 855 2092 auctorem
873 2057 964 2091 falso
990 2058 1082 2098 fert,
1116 2056 1181 2102 qui
1211 2055 1313 2089 Sulla
1336 2066 1410 2089 rem
1429 2055 1622 2089 Romanam

269 2104 417 2137 tenente
438 2103 606 2140 florebat.

182 2179 259 2202 rum
281 2170 530 2216 magnitudine
553 2172 685 2205 eximie
700 2172 815 2205 clarus
833 2176 911 2205 erat
938 2171 1111 2216 belloque
1138 2169 1416 2214 insuperabilis,
1442 2176 1483 2204 ut
1506 2171 1619 2204 etiam

180 2220 413 2262 posteaquam
438 2229 520 2251 eum
549 2229 569 2251 e
589 2219 680 2252 vivis
700 2218 874 2252 excedere
896 2218 1048 2261 contigit
1063 2243 1072 2258 ,
1106 2228 1326 2250 successores
1350 2222 1469 2250 tamen
1493 2218 1619 2261 ipsius,

182 2261 396 2298 Macedones
420 2275 499 2298 cum
519 2270 661 2306 essent,
696 2266 853 2298 alienam
883 2271 1113 2310 exteramque
1141 2264 1327 2308 regionem
1348 2275 1456 2310 quam
1487 2263 1619 2298 diutis-

183 2308 273 2341 sime
288 2310 327 2342 in
347 2315 524 2354 potestate
553 2312 784 2350 retinuerint,
806 2317 843 2345 et
864 2311 909 2345 ad
926 2323 1096 2344 summam
1113 2311 1315 2355 potentiam
1338 2311 1528 2345 evaserint.
1575 2311 1620 2344 Et

183 2366 270 2388 sane
300 2356 455 2390 arbitror
481 2368 542 2391 eos
573 2359 682 2399 etiam
702 2359 741 2391 in
765 2357 862 2391 hunc
889 2369 1004 2403 usque
1039 2357 1133 2391 diem
1166 2364 1375 2403 regnaturos
1408 2359 1619 2401 imperium-

178 2412 256 2446 rque
284 2402 494 2437 obtenturos
523 2404 654 2451 fuisse,
686 2403 882 2438 Alexandri
907 2404 1019 2450 gloria
1046 2405 1228 2444 suffultos,
1262 2405 1335 2437 nisi
1357 2406 1452 2438 inter
1478 2415 1515 2436 se
1542 2403 1621 2436 dis-

182 2447 342 2482 sidentes
366 2450 690 2496 frequentibusque
714 2452 865 2497 proeliis
894 2457 971 2484 tum
995 2452 1161 2485 adversus
1192 2463 1230 2485 se
1263 2455 1410 2491 mutuo,
1446 2456 1523 2483 tum
1554 2449 1618 2482 ad—

181 2504 303 2528 versus
337 2497 514 2529 Romanos
540 2495 698 2540 habitis,
729 2497 834 2542 plura
854 2497 1016 2532 habendi
1042 2497 1182 2539 studio,
1228 2509 1307 2531 suas
1339 2498 1498 2542 ipsorum
1526 2496 1620 2530 vires

181 2543 458 2588 potentiamque
483 2542 694 2587 fregissent,
721 2546 996 2589 effecissentque
1025 2550 1067 2578 ut
1094 2556 1169 2577 non
1193 2545 1347 2588 amplius
1371 2543 1535 2576 finitimis
1561 2544 1620 2575 in-

182 2588 410 2632 superabiles
438 2588 666 2630 viderentur,
699 2601 779 2623 cum
802 2592 966 2637 alioquin
996 2592 1232 2635 imperassent
1261 2602 1335 2623 non
1357 2591 1497 2622 minore
1526 2594 1620 2622 tem-

181 2636 282 2678 poris
310 2636 428 2680 spatio
449 2646 557 2681 quam
581 2636 699 2678 Medi,
737 2643 873 2681 septem
893 2637 1069 2671 videlicet
1097 2638 1200 2671 annis
1229 2637 1368 2678 minus;
1402 2647 1485 2668 nam
1508 2637 1617 2669 etiam

182 2679 252 2713 hae
284 2683 322 2715 in
355 2693 393 2714 re
417 2681 636 2716 credendum
665 2688 719 2716 est
748 2683 975 2727 polyhistori.
1033 2684 1125 2718 Cum
1163 2684 1287 2728 itaque
1319 2687 1423 2716 tanto
1455 2687 1618 2727 tempore

182 2726 440 2774 imperassent,
482 2740 502 2762 a
521 2727 682 2770 Parthis,
717 2735 820 2775 gente
850 2730 930 2769 aliis
964 2731 1111 2766 subdita
1137 2729 1359 2776 minimeque
1385 2734 1489 2763 antea
1519 2730 1617 2763 cele-
