1794 3112
564 122 936 167 HlsTomAmJM
979 125 1030 164 ιι.
1059 125 1098 169 5.
1445 158 1456 171 .
1482 94 1552 171 73

130 231 174 275 ro*
205 230 442 286 στράτευμα
477 225 550 268 οὐκ
580 224 822 281 ἐπεπόμφει·
855 225 926 266 καί
957 222 1236 273 ὕπετόπαζεν,
1263 217 1320 270 ὥς
1345 219 1420 261 οὐκ
1442 211 1496 260 ἂν
1514 217 1661 268 &CA-C·
1685 226 1752 263 553

130 299 317 340 τοσοῦτον
329 296 562 348 ἐμέλλησεν,
592 293 631 334 εἰ
647 289 706 347 μή
732 307 773 332 τι
784 290 925 339 αὗτοῖς
950 288 1182 344 ξυνηνέχθη
1205 284 1338 328 δεινὸν
1360 285 1432 327 καί
1442 281 1558 326 ἀντί-
1570 276 1596 309 Ῑ·
1611 275 1635 308 Ῑ·
1649 285 1691 320 27

132 365 240 413 ξουν·
256 358 366 414 πλὴν
401 355 504 399 ἀλλὰ
532 356 605 399 καί
634 355 800 398 ἐκείνων
831 349 928 397 ἄνευ
956 355 1223 410 περιέσεσθαι
1257 351 1338 393 τῶν
1359 349 1564 402 πολεμίων

129 425 288 481 ἧγεῖτο,
327 421 398 466 ἅτε
431 421 482 478 δὴ
512 424 570 480 τῷ
612 421 763 477 πλήθει
793 422 866 462 καί
888 416 945 469 ὥς
976 417 1258 474 ὑπερβάλλων.
1285 418 1328 467 ἒς
1348 422 1457 472 τρεῖς
1483 412 1562 470 γὰρ

105 489 242 548 ὄαύτῷ
267 488 448 542 μάλιστα
475 485 686 543 μυριάδας
709 484 908 540 μαχήμων
937 485 1101 540 ἀνδρῶν
1129 482 1156 537 ἦ
1180 482 1398 536 λειπομένη
1433 495 1563 536 στρα-

127 554 200 598 τιοὶ
232 554 508 605 ξυνετάττετο·
530 553 555 609 ἢ
580 554 626 594 δὲ
657 554 740 594 τῶν
758 551 984 605 εΡωμαίων
1007 547 1183 602 δύναμις
1208 545 1326 601 μόλις
1357 548 1404 589 ἑν
1439 545 1565 589 ὀκτω-

129 621 299 663 καίδεκα
327 618 513 674 χιλιάσιν
546 617 773 672 ἐτύγχανεν
797 611 917 658 οὖσα.

239 687 275 727 έ.
328 683 472 735 Αὐτός
499 699 543 726 τε
582 682 648 738 δὴ
670 677 742 725 οὖν
778 677 864 725 ὧδέ
893 697 980 732 πως
1012 674 1166 736 ἄριστα
1198 674 1287 735 εἶχε
1310 680 1562 735 προθυμίας,

132 753 203 794 καί
226 747 381 793 ἅπαντι
398 751 454 807 τῷ
485 750 645 806 στρατῷ
667 745 959 805 παρεκελεύετο
985 744 1246 800 γιγνώσκειν,
1283 743 1340 795 ὥς
1368 743 1390 787 ὅ
1417 742 1562 799 παρών

82 813 254 871 ιοᾶγών
283 816 358 857 οῦκ
385 816 456 856 ἐπί
482 815 642 870 σμικρῷ
665 830 748 855 τινι
769 810 967 868 χωρήσει,
994 810 1111 864 »ἀλλ’
1134 806 1161 866 ἢ
1182 811 1446 863 καθέξομεν,”
1474 807 1570 865 ἔφη,
1586 820 1609 851 Β

132 880 234 937 ,,τὴν
250 881 452 934 Ἰταλίαν,
481 875 529 922 οὗ
557 878 607 934 δὴ
635 877 707 920 καί
726 881 838 920 ἕκατι
860 876 1118 934 ἀφικόμεθα,
1146 871 1174 930 ἢ
1205 874 1438 928 λελείψεται
1468 871 1569 930 ἡμῖν

142 943 162 960 (Ι
323 945 336 960 ²

133 962 288 989 απασιν
309 948 464 995 ακλεῶς
478 945 628 987 ἐνθάδε
640 941 852 986 τεθνάναι.
880 942 1029 984 ου’κοῦν
1052 939 1142 983 τόδε
1163 942 1285 997 ἡμᾶς,
1314 936 1349 982 αἶ
1362 945 1568 996 γενναῖοι,

132 1008 221 1055 ἄντ’
247 1013 402 1054 ἐκείνου
433 1007 607 1053 ἑλέσθαι
638 1007 858 1065 προσήκει,
902 1006 992 1058 ἐξὸν
1029 1002 1186 1063 ἄνδρας
1220 1004 1405 1061 ἀγαθοὺς
1436 1007 1483 1047 ἐν
1506 1007 1564 1062 τῷ

82 1092 86 1095 ·
133 1077 295 1134 πολέμῳ
330 1077 614 1131 γιγνομένους,
655 1073 892 1117 ‹zabam-‘mc
924 1067 984 1116 ὧν
1026 1074 1273 1130 §wine-‘hm
1327 1066 1570 1119 Βουτιλΐνος

87 1143 215 1197 ι5μὲν
237 1137 311 1184 οὖν
331 1140 463 1184 ταῦτά
482 1157 527 1182 τε
556 1140 628 1182 καὶ
653 1138 704 1182 τὰ
729 1141 869 1181 τοιάδε
896 1140 1110 1195 παραινῶν
1139 1143 1224 1187 τοῖς
1257 1138 1460 1191 πλήθεσιν
1493 1135 1569 1177 οὐκ

136 1206 256 1250 ἄνιἐι.
285 1206 324 1250 οἱ
345 1208 392 1248 δὲ
419 1203 728 1263 ἐπερῥώννυντο
755 1211 852 1255 ταῖς
882 1206 1049 1258 ἐλπίσι,
1083 1202 1157 1246 καί
1176 1201 1226 1246 τά
1259 1199 1388 1256 ὅπλα,
1426 1196 1484 1252 ὥς
1509 1219 1566 1256 πη

135 1269 293 1331 ἑκάστῳ
326 1274 472 1328 φίλον,
501 1271 865 1328 παρεσκευάζοντο.
909 1271 991 1313 ὥδί
1031 1273 1108 1323 μὲν
1143 1268 1224 1327 γὰρ
1253 1271 1435 1319 πελέκεις
1466 1266 1568 1324 ἐθή-

136 1353 256 1392 γοντο
277 1338 440 1390 πολλοὶ,
468 1337 550 1379 αἱδί
574 1339 620 1380 δὲ
655 1336 708 1379 τὰ
732 1336 936 1393 ἐπιχώρια
965 1334 1148 1391 δόρατα,
1188 1335 1227 1378 οἱ
1253 1331 1452 1391 ἇγγωνες,
1480 1331 1569 1376 ἑτέ-

138 1405 248 1458 ρωθι
269 1403 316 1444 δὲ
344 1403 426 1444 τῶν
453 1403 640 1445 ἀσπίδων
667 1402 711 1444 αἱ
743 1403 1016 1458 διερῥωγυῖαι
1047 1400 1148 1458 πρὸς
1181 1400 1225 1444 τὸ
1258 1399 1421 1457 ἐνεργὸν
1445 1415 1571 1454 μετε-

88 1468 342 1520 2οποιοῦντο,
378 1469 449 1509 καί
472 1467 626 1525 ῥαδίως
653 1468 790 1517 αὐτοῖς
813 1463 977 1510 ἅπαντα
1006 1467 1328 1524 παρεσκεύαστο.
1370 1467 1460 1522 λιτὴ
1492 1465 1569 1522 γὰρ
1587 1482 1614 1517 c

141 1534 258 1575 τοῦδε
275 1534 348 1574 τοῦ
371 1531 523 1582 ἔθνους
552 1531 577 1588 ἦ
602 1530 783 1586 ὅπλισις,
811 1535 883 1575 καί
907 1534 975 1575 οἵα
998 1533 1046 1574 οὕ
1076 1535 1274 1586 τεχνιτῶν
1300 1534 1467 1574 δεῖσθαι
1479 1546 1572 1573 ποι-

139 1600 285 1650 κίλων,
306 1592 479 1652 ἢμόνον
493 1598 565 1640 ὑπ’
579 1598 718 1642 αὖτῶν
742 1596 859 1652 οἶμαι
886 1601 968 1641 τῶν
987 1600 1216 1654 χρωμένων
1241 1600 1575 1650 διακοσμεῖσθαι,

229 1663 426 1702 alnetum!
439 1667 490 1708 R„
513 1665 658 1700 ἐκείνου
676 1667 768 1711 vulg.
782 1671 818 1700 et
833 1668 942 1711 Intpr.
998 1678 1046 1700 ιι.
1058 1663 1101 1708 δὴ
1115 1667 1178 1699 καὶ
1189 1666 1241 1700 ἓκ.
1264 1668 1314 1707 R.‚
1339 1663 1381 1708 δὴ
1405 1665 1456 1698 ἓκ.
1478 1665 1573 1710 vulg.

232 1709 370 1745 ἐνθάδε
386 1715 490 1750 τεθν.
514 1714 565 1754 Β.,
589 1714 700 1758 Intpr.
727 1713 787 1747 hic
806 1715 1013 1754 moriemur,
1040 1706 1082 1746 τὸ
1101 1715 1200 1747 tas-911.
1233 1714 1324 1758 vulg.
1397 1724 1446 1757 ¹7·
1467 1713 1576 1751 ξυνε-

233 1756 456 1798 σκευάζοντο
470 1759 507 1792 R.
560 1771 610 1805 ¹9·
626 1757 870 1806 διεῤῥωγυῖαι
883 1758 1185 1806 Β.,ὁ“ιερ’ῥαγυῖαι
1194 1760 1286 1804 vulg.
1354 1760 1408 1793 23.
1421 1759 1446 1792 f.
1460 1759 1525 1792 καὶ
1533 1769 1575 1805 μ.

142 1848 227 1883 dum
242 1848 464 1892 inaudIerat3
494 1849 693 1883 mirabatur
714 1859 797 1882 vero
818 1849 916 1894 quod
943 1850 976 1882 ei
996 1850 1116 1894 copias
1148 1859 1246 1890 suas,
1270 1849 1324 1882 uti
1352 1848 1448 1882 inter
1478 1848 1576 1894 ipsos

142 1902 373 1936 convenerat,
409 1907 483 1929 non
506 1897 680 1936 misisset,
722 1896 951 1940 suspicioque
975 1896 1046 1940 ipsi
1076 1895 1273 1935 incidebat,
1301 1906 1375 1927 non
1405 1900 1476 1928 tam
1512 1894 1577 1927 diu

140 1942 337 1975 tal-daturas
361 1943 483 1981 fuisse,
508 1943 579 1974 nisi
600 1943 651 1974 eis
674 1941 814 1986 aliquid
834 1942 973 1975 sinistri
995 1941 1206 1988 adversique
1230 1942 1436 1975 accidisset:
1474 1941 1576 1974 nihi—

141 1988 296 2022 lominus
314 1994 433 2022 tamen
462 1989 570 2021 etiam
596 1989 675 2021 sine
699 1988 772 2022 iuis
799 1989 984 2021 victoriam
1003 2000 1040 2022 se
1063 1989 1106 2022 ab
1130 1989 1296 2023 hostibus
1314 1992 1579 2033 reportaturum

143 2034 330 2078 censebat3
365 2035 500 2081 quippe
537 2036 599 2080 qui
626 2035 684 2068 vel
721 2035 772 2068 sic
805 2036 985 2079 copiarum
1011 2034 1245 2069 multitudine
1266 2039 1360 2068 esset
1401 2035 1576 2079 superior.

143 2080 218 2125 Qui
249 2083 344 2114 enim
374 2082 444 2126 ipsi
470 2081 631 2127 reliquus
661 2086 737 2114 erat
767 2083 944 2115 exercitus
970 2082 1015 2115 ad
1042 2083 1189 2127 triginta
1218 2082 1435 2115 bellatorum
1462 2081 1579 2114 millia

144 2127 351 2170 accedebat,
375 2130 611 2162 Romanorum
635 2139 718 2161 vero
735 2129 912 2162 exercitus
930 2129 1076 2162 vixdum
1099 2134 1176 2162 erat
1189 2129 1344 2162 millium
1367 2126 1578 2161 octodecim.

236 2173 266 2207 5.
316 2175 493 2220 Quocirca
517 2180 554 2208 et
583 2176 662 2219 ipse
695 2186 800 2219 quam
831 2177 966 2220 optime
999 2176 1176 2209 animatus
1202 2182 1277 2208 erat
1307 2180 1344 2208 et
1372 2175 1580 2207 universum

144 2220 337 2254 exercitum
358 2221 578 2262 hortabatur,
601 2233 675 2254 non
698 2221 743 2254 de
759 2222 886 2267 exigua
906 2223 1025 2267 aliqua
1039 2233 1076 2255 rc
1096 2234 1138 2256 eo
1157 2223 1297 2267 proelio
1313 2221 1581 2254 decernendum

147 2276 243 2306 esse,
274 2267 359 2305 „sed
382 2273 444 2301 aut
462 2268 621 2309 Italiam,
659 2268 802 2314 inquit,
840 2268 939 2302 cuius
973 2280 1075 2302 causa
1100 2270 1283 2308 venimus,
1320 2268 1580 2308 obtinebimus,

144 2317 208 2345 aut
227 2311 296 2346 hoc
315 2325 424 2347 unum
446 2315 588 2348 iamiam
610 2315 715 2348 nobis
734 2315 914 2360 reliquum
933 2317 1022 2356 erit,
1048 2320 1089 2348 ut
1114 2326 1236 2349 omnes
1263 2315 1410 2360 inglorii
1442 2315 1581 2347 moria—

144 2369 232 2391 mur.
281 2360 375 2394 Illud
394 2362 515 2406 itaque
534 2371 599 2395 nos
623 2362 770 2407 potius,
795 2363 864 2395 viri
900 2361 1031 2403 fortes,
1068 2373 1173 2407 quam
1207 2362 1296 2402 hoc,
1337 2361 1431 2394 velle
1463 2361 1578 2394 debc-

144 2415 240 2446 mus;
273 2416 352 2438 cum
380 2408 419 2440 in
443 2412 564 2441 nostra
588 2420 694 2441 manu
715 2408 763 2441 sit
787 2409 962 2452 positum,
987 2410 1017 2442 si
1042 2410 1179 2442 strenui
1202 2420 1278 2442 esse
1298 2408 1459 2446 velimus,
1486 2418 1580 2452 quae

145 2457 307 2496 optamus
330 2454 533 2498 consequi.’'
579 2455 759 2488 Butilinus
785 2456 906 2500 itaque
917 2455 1016 2489 hisce
1042 2455 1196 2500 aliisque
1220 2454 1339 2489 verbis
1370 2452 1578 2486 multitudi-

145 2509 228 2531 nem
250 2497 386 2532 hortari
400 2511 473 2532 non
494 2499 700 2536 desistebat.
749 2502 795 2534 Hi
813 2513 896 2535 vero
924 2502 1019 2535 bona
1039 2513 1102 2547 spe
1137 2502 1239 2542 fulti,
1263 2512 1356 2534 arma
1382 2505 1424 2534 ut
1446 2501 1579 2543 cuique

149 2545 265 2578 visum
287 2551 362 2578 erat
386 2547 617 2590 apparabant.
663 2547 762 2581 Alibi
789 2549 885 2581 enim
908 2560 1047 2582 secures
1067 2549 1201 2582 multae
1226 2547 1463 2585 acuebantur,
1488 2546 1581 2579 alibi

143 2591 261 2635 patria
285 2590 448 2632 hastilia,
483 2603 572 2637 quae
595 2594 666 2637 ipsi
700 2605 855 2638 angones
879 2601 1026 2635 vocant,
1053 2595 1142 2628 alibi
1174 2599 1271 2628 scuta
1302 2592 1496 2632 confracta,
1534 2597 1577 2625 ut

149 2637 232 2669 usui
256 2643 386 2678 essent,
411 2638 674 2680 reficiebantur,
701 2640 877 2686 facileque
901 2643 987 2685 ipsis
1014 2643 1132 2675 omnia
1157 2639 1435 2674 instruebantur.
1483 2637 1576 2671 Vilis

153 2682 250 2714 enim
273 2689 327 2717 est
350 2690 387 2717 et
409 2685 572 2729 neglecta
595 2685 701 2719 huius
726 2688 882 2720 nationis
908 2693 1080 2721 armatura
1113 2698 1275 2732 quaeque
1305 2686 1410 2718 variis
1434 2684 1575 2729 opifici-

149 2725 216 2767 hus
241 2739 314 2764 non
337 2730 518 2774 indigeam
544 2732 606 2766 sed
633 2732 738 2766 facile
768 2733 811 2767 ab
836 2736 935 2779 ipsis,
962 2736 1022 2779 qui
1050 2746 1091 2768 ea
1118 2739 1277 2773 utuntur,
1315 2733 1344 2765 si
1371 2730 1459 2777 quid
1484 2731 1576 2765 forto
