1832 3152
275 107 385 174 304
832 121 1103 167 AGATmAE

75 233 162 270 A.C.
186 236 253 271 558
270 225 342 267 καί
364 223 636 276 αἰχμαλώτων
663 220 920 277 ἄθροιζοντες
946 225 1107 279 πλήθη·
1135 226 1180 266 ἐν
1206 230 1291 275 τοῖς
1315 225 1388 268 καὶ
1401 228 1550 281 γύναια
1577 231 1678 269 πολέ

114 283 240 318 1·1·32
259 287 310 330 λά
339 289 421 329 τῶν
447 283 500 327 εὖ
524 287 742 341 γεγονότων
769 288 839 327 καί
873 285 1067 342 σώφρονα
1097 288 1259 331 δίαιταν
1277 291 1495 346 ᾑρημένων
1515 290 1678 343 αἶμότα-

259 370 312 394 τα
348 346 519 406 ἤγοντο,
547 351 621 392 καὶ
665 349 888 406 συμφορὰν
929 354 1072 392 πασῶν
1109 355 1276 405 μείζονα
1314 354 1592 409 ἐδυστύχουν,
1620 357 1679 404 εἰς

258 412 482 463 ἆκολασίας
521 411 722 471 οἷμετρίαν
758 415 971 470 ὑπηρετεῖν
1009 416 1344 470 ἀναγκαζόμενα·
1389 418 1495 462 ἔνιαι
1534 421 1580 460 δὲ
1606 419 1679 461 καὶ

262 480 523 534 ἆπειρηκυῖαι
549 476 628 535 ἤδη
655 481 700 521 ἐκ
725 480 884 520 παίδων
904 478 1050 532 γάμοις
1077 496 1118 520 τε
1137 480 1208 522 καί
1231 483 1474 540 φιλοκοσμία
1493 479 1705 526 και’ταύ-5

224 560 312 599 Dry]
341 542 390 598 δὴ
419 545 471 599 τῇ
496 542 593 598 περὶ
616 541 688 586 τόν
714 542 805 597 βίον
832 543 1075 599 ἀναστροφῇ
1101 545 1173 585 καί
1197 544 1351 602 ὄμιλία,
1371 549 1417 588 ἐν
1461 548 1679 603 ἀποκεκρι-

261 609 370 664 μένῳ
396 606 478 649 τινὶ
497 607 569 648 καὶ
591 609 643 664 τῇ
669 606 771 663 πρὸς
795 605 840 649 τό
880 609 993 648 θεῖον
1033 606 1183 665 ἱκετεία
1222 608 1464 664 προσήκοντι
1499 610 1680 666 ὑπεκρύ-

262 688 408 714 πτοντο
447 674 668 728 δωματίῳ,
709 670 755 713 τὸ
786 673 930 726 ἀμιγές
955 687 998 713 τε
1025 670 1098 713 καί
1123 673 1340 728 ἐλεύθερον
1366 674 1439 716 καί
1464 677 1679 717 παντάπα-

263 752 330 778 σιν
348 735 617 790 ἀκοινώνητον
637 738 709 791 τῆς
725 738 815 788 μετ’
837 732 999 790 ἀνδρῶν
1020 737 1241 785 συνουσίας
1261 739 1359 792 περὶ
1380 740 1568 780 πλείστου
1582 755 1676 781 ποι-

264 798 445 852 ούμεναι,
467 803 539 841 καί
562 798 674 856 μόνῳ
700 802 756 856 τῷ
782 800 952 855 ἠρεμεῖν
985 801 1208 853 ἄνειμέναι.
1229 801 1267 841 οἱ
1290 803 1335 841 δὲ
1362 804 1435 843 καί
1458 805 1502 851 ές
1527 804 1735 855 ταύταςῑο

264 863 473 918 ἐξύβριζον
499 860 802 919 ἀφαιρούμενοι
827 866 902 904 τοῦ
929 864 1041 919 ἱεροῦ
1076 866 1358 919 παρθενῶνος,
1384 865 1470 907 καὶ·
1490 866 1683 922 ἀπρεπῶς

265 923 414 975 αὐταῖς
437 927 541 982 πρὸς
563 930 660 980 βίαν
686 927 1079 982 ξυγκαλινδούμενοι·
1108 923 1231 970 ἄλλαι
1254 930 1300 970 δὲ
1324 929 1475 971 πολλαὶ
1497 933 1579 972 τῶν
1605 926 1683 986 ἆῤ-

264 990 377 1046 ῥεσιν
403 992 447 1040 ές
482 987 612 1032 ταύτὰ
651 992 757 1034 ἰέναι
797 992 870 1033 οὐκ
897 992 1160 1046 οἷνηναμένων
1178 1026 1189 1044 ,
1227 994 1402 1035 κύουσαι
1437 995 1482 1036 ἐν
1507 997 1566 1051 τῷ
1589 993 1682 1036 τότε

266 1051 372 1096 οὕτω
399 1053 616 1111 παρασχὸν
636 1057 828 1109 εῗλκοντο,
856 1057 927 1097 καί
951 1053 1052 1109 εἶτα,
1079 1055 1219 1110 ἐπειδὴ
1243 1059 1378 1112 παρῆν
1404 1055 1430 1112 ἦ
1459 1060 1534 1100 τοῦ
1560 1057 1680 1100 τόκου

267 1115 437 1173 οἷνάγκη,
465 1116 575 1160 οὕτω
603 1118 653 1174 δή
681 1135 722 1160 τι
749 1122 793 1161 ἐν
817 1121 924 1177 μέσῃ
951 1121 1003 1175 τῇ
1029 1121 1174 1176 πορείᾳ
1195 1121 1487 1175 ἐμφανέστατα
1511 1120 1734 1175 ἔτικτον,ιό

266 1178 358 1225 οἷῖτε
398 1183 450 1225 τοὶ
489 1183 740 1239 αἰσχυντηλοὶ
780 1186 861 1226 τῶν
901 1184 1060 1226 ὠδίνων
1099 1184 1388 1226 ἐπικαλύπτειν
1428 1185 1680 1240 δυνάμεναι,

150 1242 362 1301 Ρ,157οἷι’τε
389 1253 653 1303 περιστεῖλαι,
682 1245 737 1297 ὥς
763 1250 897 1301 θέμις,
925 1247 998 1289 καί
1022 1248 1242 1290 ἀνελέσθαι
1260 1247 1312 1289 τὰ
1331 1249 1491 1305 βρέφη·
1519 1247 1608 1291 ἄλλ’
1637 1251 1684 1292 αἱ

265 1315 343 1366 μὲν
371 1312 442 1354 καί
467 1311 524 1361 (ὃς
551 1312 767 1368 ἐσύροντο,
797 1314 903 1367 μηδὲ
932 1313 1112 1366 ἀλγῆσαι
1138 1313 1312 1365 αὐταῖς,
1351 1315 1390 1355 εἰ
1415 1312 1501 1356 οἷόν
1527 1331 1572 1356 τε
1599 1315 1684 1371 φά-

264 1393 359 1429 ναι,
388 1379 766 1432 ξυγκεχωρημένον,
794 1375 847 1418 τὰ
875 1378 922 1418 δὲ
949 1376 1110 1418 δείλαια
1133 1379 1266 1418 ἐκεῖνα
1294 1380 1356 1419 ἐπ’
1381 1380 1554 1434 ἐρημίας
1580 1379 1685 1421 ἐλεί-

266 1457 363 1483 πετο
391 1441 494 1482 κυσί
518 1457 562 1482 τε
596 1441 670 1482 καί
696 1443 852 1489 οἰωνοῖς
879 1440 1214 1497 σπαραττόμενα,
1257 1438 1393 1497 ὥσπερ
1421 1445 1540 1484 τοῦδε
1568 1445 1739 1491 ἓνεκαῃο

264 1505 397 1559 μόνου
420 1507 464 1554 ἐς
495 1507 584 1561 φῶς
614 1507 893 1561 προαχθέντα,
931 1505 1003 1547 καὶ
1020 1503 1155 1560 μάτην
1186 1507 1262 1546 τοῦ
1300 1509 1430 1563 φῦναι
1455 1507 1687 1561 ἀπογευσά-

266 1586 386 1625 μενοι.
412 1572 456 1619 ἒς
487 1571 608 1611 τοῦτο
639 1570 718 1627 γὰρ
742 1570 871 1626 τύχης
898 1569 948 1612 τοὶ
978 1571 1202 1624 εΡωμαίων
1237 1572 1456 1626 πράγματα
1482 1568 1688 1628 ἧληλάκει,

358 1659 391 1702 4.
416 1658 627 1693 ἀκολασίαν
652 1659 692 1692 R.
841 1660 874 1694 6.
896 1658 1214 1704 ἀποκεκρυμμένα)
1239 1660 1277 1693 R.
1316 1660 1425 1693 altera
1442 1672 1472 1706 μ
1509 1662 1687 1701 transfixa,

365 1716 416 1738 10.
441 1706 502 1736 καὶ
518 1703 622 1749 μόνῳ
644 1723 690 1728 -
710 1703 907 1750 ἅνειμέναι
935 1705 1016 1740 add.
1043 1717 1085 1738 ex
1106 1707 1142 1737 R.
1169 1711 1205 1738 et
1229 1705 1337 1750 Intpr.
1359 1707 1544 1753 quietique
1568 1719 1604 1741 se
1625 1720 1686 1741 so-

361 1751 433 1783 lum
461 1751 720 1794 permitterent.
795 1763 844 1784 12.
861 1749 1222 1796 ξυγκυλινδούμενοι
1257 1751 1336 1784 cdd.
1412 1753 1461 1787 13.
1481 1754 1523 1786 ἐν
1539 1754 1589 1797 τῷ
1603 1753 1686 1786 τότε

363 1794 438 1828 οὕτ.
463 1806 550 1843 παρ.
566 1797 618 1836 R,
642 1794 720 1829 οὔτ.
735 1806 823 1842 παρ.
846 1796 887 1831 ἐν
905 1808 935 1831 τ.
957 1808 990 1835 τ.
1012 1797 1104 1841 vulg.
1211 1809 1260 1841 ¹9·
1286 1797 1442 1842 ἐρημίαν
1463 1798 1502 1831 R.
1590 1804 1594 1807 “

273 1896 350 1918 eres
383 1884 517 1918 multae
549 1883 690 1917 nobiles
726 1889 763 1917 et
797 1888 927 1919 castam
956 1884 1066 1917 vitam
1100 1884 1269 1929 degentes
1302 1884 1543 1918 crudelissime
1566 1885 1689 1931 rapie-

272 1932 426 1971 bantur,
450 1930 542 1963 malo
566 1931 725 1963 omnium
754 1931 957 1974 gravissimo
983 1930 1179 1971 obnoxiae,
1208 1930 1304 1976 quod
1328 1931 1580 1964 immoderatae
1607 1932 1689 1964 bar—

274 1978 438 2011 barorum
451 1975 599 2008 libidini
617 1975 789 2008 inservire
813 1977 1045 2020 cogebantur:
1070 1977 1261 2009 nonnullas
1274 1987 1369 2017 vcro,
1392 1987 1484 2022 quae
1509 1977 1580 2009 iam
1602 1977 1688 2010 inde

274 2034 295 2056 a
319 2023 440 2068 pueris
476 2027 512 2054 et
537 2021 674 2064 nuptiis
702 2026 739 2054 et
762 2023 951 2054 mundanis
977 2020 1164 2054 desideriis
1189 2027 1226 2054 et
1251 2023 1344 2055 curis
1372 2022 1687 2066 occupationibus-

302 2080 346 2102 ue
370 2068 478 2100 huius
501 2068 596 2099 vitae
622 2067 884 2107 renuntiarant,
927 2072 963 2100 et
986 2068 1024 2100 in
1058 2073 1192 2101 remota
1213 2067 1334 2113 aliqua
1359 2067 1552 2113 divinoque
1575 2068 1689 2102 cultui

276 2081 396 2147 {licata
422 2113 636 2146 domuncula
663 2112 930 2153 delitescebant,
953 2113 1102 2147 liberam
1120 2114 1227 2157 plane
1252 2119 1288 2146 et
1309 2115 1500 2146 immunem
1525 2113 1570 2147 ab
1590 2114 1689 2147 omni

275 2161 432 2192 virorum
458 2158 696 2191 contubernio
723 2158 1051 2203 consuetudineque
1073 2159 1182 2191 vitam
1206 2170 1342 2192 summo
1368 2159 1485 2192 studio
1511 2159 1688 2192 colentes:

276 2207 387 2239 ctiam
418 2203 459 2236 hi
497 2205 602 2236 sacris
638 2204 816 2248 virginum
852 2204 1034 2237 coenobiis
1071 2209 1209 2249 ereptas
1242 2205 1457 2238 contumelia
1483 2205 1694 2246 afficiebant,

276 2251 430 2295 turpiter
457 2259 516 2282 eas
540 2260 604 2294 per
626 2250 697 2282 vim
730 2254 1006 2294 constuprantes.
1039 2249 1140 2282 Aliae
1169 2261 1252 2284 vero
1275 2251 1418 2291 multae,
1443 2261 1534 2296 quae
1558 2261 1579 2283 a
1603 2261 1692 2284 con-

278 2295 469 2330 suetudine
502 2296 658 2328 virorum
698 2306 920 2340 nequaquam
948 2295 1223 2336 abhorruerant,
1249 2301 1285 2329 et
1309 2295 1471 2341 gravidae
1503 2302 1579 2330 tum
1601 2301 1694 2329 tem-

277 2342 374 2387 poris
401 2339 642 2385 rapiebantur,
674 2351 754 2374 cum
780 2342 850 2374 iam
875 2341 1039 2386 pariendi
1058 2343 1246 2375 necessitas
1268 2347 1420 2386 urgeret,
1442 2342 1492 2376 ita
1512 2343 1551 2375 in
1572 2341 1692 2375 medio

279 2389 413 2421 itinere
437 2388 475 2419 in
498 2386 688 2430 propatulo
722 2387 932 2431 pariebant,
955 2398 1035 2420 cum
1067 2399 1134 2420 nec
1155 2389 1370 2421 verecundos
1400 2393 1523 2432 partus
1551 2387 1691 2421 dolores

281 2433 451 2476 obtegere
474 2437 639 2476 possent,
664 2443 781 2478 neque
806 2434 993 2477 complecti
1015 2433 1203 2478 fasciisque
1234 2434 1411 2467 involvere
1436 2434 1610 2473 infantes,
1635 2433 1691 2464 uti

280 2480 333 2512 sas
360 2483 434 2518 est,
463 2483 499 2510 et
523 2478 726 2520 sustollere3
750 2478 812 2511 sed
835 2479 904 2511 hae
929 2478 1073 2523 quidem
1101 2480 1207 2512 etiam
1237 2481 1288 2512 ita
1313 2477 1630 2524 protrahebantur,
1655 2482 1692 2510 et

278 2536 325 2558 ne
351 2524 477 2557 dolere
510 2523 654 2567 quidem
679 2524 779 2567 ipsis,
810 2525 963 2558 immane
997 2524 1107 2564 dictu,
1133 2525 1422 2569 permittebatur:
1454 2524 1573 2557 miseri
1606 2533 1693 2556 vero

279 2571 337 2603 illi
362 2569 518 2602 infantes
552 2570 590 2602 in
617 2569 812 2603 solitudine
839 2570 1143 2615 relinquebantur,
1177 2582 1196 2603 a
1219 2570 1365 2604 canibus
1399 2571 1531 2614 pariter
1553 2573 1592 2602 et
1614 2579 1692 2601 car-

279 2615 414 2648 nivoris
437 2614 560 2647 avibus
599 2615 846 2660 discerpendi,
868 2617 1018 2660 perinde
1041 2627 1081 2648 ac
1105 2620 1135 2651 si
1174 2627 1248 2648 eam
1273 2622 1413 2648 tantum
1441 2615 1486 2648 ob
1511 2623 1644 2647 causam
1656 2613 1695 2646 in

281 2661 396 2694 lucem
427 2660 516 2694 editi
541 2667 677 2703 essent,
712 2666 749 2695 et
776 2661 907 2695 frustra
932 2666 1029 2695 ortus
1055 2663 1109 2695 sui
1135 2661 1330 2706 primordia
1351 2661 1604 2706 degustassent.
1650 2659 1692 2693 ln
