1832 3152
280 124 391 181 318
842 141 1112 185 AGATmAE

104 252 189 288 A.C.
204 251 269 286 558
281 243 353 282 καί
377 237 636 296 ἀσύμφορον.
671 240 820 282 οὔκοῧν
834 241 879 283 τὸ
903 245 980 294 μὲν
1005 241 1126 286 ὅλον*
1152 245 1224 299 τῆς
1249 246 1298 286 δὲ
1326 244 1371 287 τὸ
1392 247 1604 300 βέλτιστον
1623 249 1690 297 ἐξ·

147 300 172 332 Ῑ·
188 299 271 333 1·32
284 305 535 359 αιρούμενοι,
564 304 635 345 καί
654 307 852 360 φρονήσει
876 305 924 346 τὸ
951 310 1182 360 κατορθοῦν
1211 309 1526 363 ἀναμιγνύντες,
1563 310 1688 362 ἴωμεν

242 366 392 412 σοῦ’τω
423 366 499 409 σὺν
535 368 748 425 παρ’ῥησίᾳ
779 367 881 410 κατὰ
913 372 996 411 τῶν
1029 372 1266 425 δυσμενῶν,
1310 374 1366 422 ὥς
1398 372 1561 422 οὐδενὸς
1590 372 1689 428 ἡμῖν

279 432 357 473 τῶν
385 429 551 474 δεόντων
586 434 894 487 περιοφθέντος.
935 435 1146 487 γινώσκειν
1179 434 1256 491 γὰρ
1281 435 1405 488 μόνον
1436 436 1594 492 χρεών,
1633 437 1689 485 ὥς

146 504 187 538 V.
206 495 520 548 ιι4ἆγωνιστέον
555 494 658 550 πρὸς
688 492 838 552 ἄνδρας
871 498 1134 552 βαρβάρους,
1185 500 1340 540 ἐπιέναι
1362 502 1440 551 μὲν
1463 500 1715 557 incremati-5

277 574 393 614 τερον
425 561 705 612 εἰθισμένους,
733 559 804 602 καί
829 560 1037 616 λαθραίοις
1055 560 1233 617 ἐφόδους
1251 567 1480 616 ποιεῖσθαι,
1512 562 1615 620 πρὸς
1642 566 1688 606 δὲ

277 625 524 678 παρατάξεις
559 627 756 680 ἐμφανεῖς
799 621 847 666 οὗ
890 623 1003 677 μάλα
1037 628 1418 679 γεγυμνασμένους,
1466 627 1563 669 οὐδὲ
1599 634 1688 677 ταῖς
1716 667 1724 672 .

278 693 530 740 συμπλοκαῖς
552 690 808 743 ἐγκαρτερεῖν
825 690 1134 739 παιδευθέντας.
1163 690 1336 745 δρῶντες
1356 692 1402 732 δὲ
1421 692 1494 734 νῦν
1509 693 1684 734 σταδίαν

275 750 414 806 μαχὴν
436 756 522 794 κατ’
545 754 680 793 αὐτῶν
705 755 1106 808 παρεσκευασμένην,
1133 753 1346 809 ἐρυμάτων
1387 770 1431 796 τε
1474 757 1546 798 καί
1573 771 1689 810 περι-

277 815 410 868 βόλων
431 814 544 865 ἐκτὸς
570 814 615 857 τὸ
653 816 921 858 zimara-tofina
947 816 1020 858 καὶ
1046 814 1302 870 οἷμυνόμενον
1323 818 1394 860 ἐπὶ
1412 820 1743 873 στρατοπέδουιο

278 883 618 933 συντεταγμένον,
666 877 917 933 ἀποβαλοῦσι
948 883 1026 933 μὲν
1049 880 1153 923 κατὰ
1186 881 1231 923 τὸ
1272 880 1381 931 εἰκὸς
1420 881 1473 925 τὰ
1505 885 1689 925 συνειθι-

233 950 265 982 D
279 945 423 996 σμένα·
459 946 810 1000 περιαχθήσονται
835 947 880 986 δὲ
909 944 1011 999 πρὸς
1034 944 1080 986 τὸ
1115 947 1287 998 ἐμμίξαι
1313 945 1384 988 καὶ
1409 946 1690 1002 προσπελάσαι

276 1009 351 1050 καί
374 1009 578 1064 συστάδην
609 1009 952 1063 διαγωνίζεσθαι,
996 1011 1262 1066 διδασκούσης
1285 1009 1438 1059 αὐτοὺς
1469 1013 1539 1065 τῆς
1566 1010 1690 1063 cimir-

279 1089 362 1128 κης·
402 1072 506 1127 πλὴν
543 1072 650 1114 ἄλλα
683 1070 1007 1128 σωφρονούντων
1044 1074 1162 1128 ἡμῶν
1195 1073 1267 1115 καὶ
1299 1077 1351 1130 τῇ
1386 1074 1541 1131 πατρίῳ
1581 1072 1692 1123 τάξει

277 1138 524 1193 χρωμένων,
573 1137 644 1179 καί
666 1140 756 1191 μετ’
781 1133 1000 1191 εὐβουλίας
1032 1139 1102 1179 ἐπὶ
1131 1137 1183 1179 τοὶ
1215 1140 1398 1193 πρακτέα
1432 1137 1742 1193 χωρούντων,ιὸ

276 1202 458 1243 εἴσονται
488 1201 557 1243 διὰ
587 1204 659 1256 τῆς
678 1203 833 1256 πείρας,
865 1201 922 1250 ὥς
948 1203 1008 1258 τῷ
1034 1203 1160 1244 παντί
1190 1209 1372 1257 κρεῖττον
1397 1201 1466 1244 del
1494 1201 1539 1244 τὸ
1563 1217 1690 1257 προη-

276 1268 476 1319 σκημένον
514 1265 586 1308 καὶ
632 1266 676 1308 τὸ
705 1263 954 1321 αὐθαίρετον
982 1268 1057 1307 τοῦ
1102 1265 1372 1318 αὐτοσχεδίου
1411 1265 1482 1308 καὶ
1513 1266 1692 1321 ἤναγκαφ

276 1332 468 1382 apae-'mvl'

385 1392 455 1435 ιθ’.
514 1395 705 1436 Τοσαῦτα
731 1395 808 1447 μὲν
833 1393 856 1435 ὅ
874 1395 1120 1449 Βελισάριος
1155 1390 1278 1436 εἶπεν.
1333 1392 1370 1435 οἱ
1410 1395 1457 1436 δὲ
1493 1394 1692 1448 στρατιῶ-

279 1474 348 1500 ται
376 1456 684 1510 μεταμαθόντες
715 1456 761 1499 τὸ
783 1459 908 1514 λῷον,
948 1456 1103 1511 εἴχοντο
1123 1461 1200 1511 μὲν
1228 1457 1299 1499 καὶ
1319 1457 1375 1507 ὣς
1405 1461 1479 1513 τῆς
1502 1455 1743 1511 ἇνδριας,κο

281 1523 406 1564 πλέον
434 1523 481 1562 δέ
503 1538 545 1562 τι
565 1518 618 1576 ἧν
648 1524 692 1564 ἐν
714 1518 858 1571 αὐτοῖς
885 1523 959 1563 τοῦ
981 1525 1262 1578 γαυρουμένου
1295 1521 1343 1563 τὸ
1372 1520 1692 1574 εὐλαβούμενον.

374 1628 405 1650 1.
426 1607 468 1648 τὸ
491 1614 563 1660 μὲν
597 1611 684 1647 ὅλον
707 1614 771 1655 τῆς
794 1613 834 1647 δὲ
858 1616 917 1656 R.,
941 1616 998 1648 Int
1024 1627 1049 1648 r.
1075 1617 1247 1658 quocirca
1274 1627 1318 1650 ex
1344 1626 1388 1649 ea
1412 1605 1490 1660 ipsa
1536 1622 1603 1646 uae
1625 1624 1692 1658 po-

370 1660 471 1695 tiora
493 1659 787 1706 suntdeligendo,
816 1660 956 1694 οὐκοῦν
977 1671 1017 1694 το
1045 1662 1116 1706 μὲν
1134 1660 1228 1707 (lac.)
1257 1655 1298 1694 τὸ
1328 1661 1400 1704 βέλ.
1427 1661 1538 1703 Lugt.
1563 1662 1600 1690 et
1635 1658 1688 1691 ed.

399 1719 438 1748 r.,
467 1706 608 1740 ου’κοῦν
633 1707 698 1747 τῆς
734 1705 805 1751 μὲν
838 1705 955 1751 ὀργῆς
976 1704 1016 1739 τὸ
1041 1707 1109 1750 βέλ.
1135 1708 1207 1739 Par.
1300 1706 1332 1741 5.
1358 1705 1593 1750 ἀγωνιστέων
1614 1702 1689 1748 sph.

398 1763 448 1788 ar.
521 1753 570 1786 16.
597 1754 872 1798 προσκείμενον
894 1753 930 1785 R.
1000 1764 1049 1797 ¹7·
1075 1753 1276 1798 ἅναίρετον-
1294 1753 1331 1785 R.
1379 1763 1434 1786 20.
1456 1748 1629 1795 ἀνδρείας
1651 1749 1688 1781 Β.

283 1857 459 1903 Quocirca
499 1856 537 1890 id
563 1855 660 1902 quod
682 1855 720 1888 in
751 1856 802 1888 ira
828 1860 881 1888 est
904 1856 1074 1900 optimum
1110 1854 1323 1899 deligentes,
1347 1853 1608 1899 prudentiaque
1635 1860 1690 1885 res

282 1903 451 1949 gerendas
474 1907 708 1947 temperantes
722 1927 731 1942 ,
758 1901 807 1934 ita
830 1900 970 1934 demum
997 1900 1148 1933 fidenter
1171 1901 1208 1933 in
1243 1901 1380 1933 hostem
1404 1910 1535 1939 eamus,
1558 1897 1691 1942 quippe

283 1951 350 1996 qui
379 1949 472 1982 nihil
506 1958 646 1988 eorum,
680 1957 770 1992 quae
792 1946 990 1980 necessaria
1024 1951 1116 1986 sunt,
1139 1947 1406 1989 neglexerimus.
1455 1945 1530 1977 Hoc
1552 1948 1692 1976 tantum

282 1997 432 2029 sciamus
452 1998 625 2039 ¹oportet,
659 1992 910 2026 decertandum
941 1991 1044 2024 nobis
1072 2001 1146 2024 esse
1183 2003 1260 2023 cum
1284 1991 1489 2023 hominibus
1519 1988 1693 2027 barbaris,

283 2043 349 2086 qui
372 2040 592 2086 praedonum
615 2041 653 2072 in
676 2049 808 2071 morem
842 2037 975 2071 adoriri
1007 2038 1236 2081 occultosque
1270 2037 1422 2070 insultus
1456 2036 1572 2068 facere
1605 2044 1692 2067 con-

283 2091 496 2126 sueverunt,
520 2086 563 2118 ad
588 2089 708 2130 aperta
732 2094 814 2116 vero
838 2084 975 2128 proelia
998 2094 1070 2116 non
1093 2082 1283 2115 admodum
1307 2087 1390 2114 sunt
1409 2079 1603 2119 exercitati,
1626 2089 1693 2112 ne·
1731 2112 1735 2117 x

284 2143 356 2178 que
381 2131 419 2164 in
443 2130 664 2164 conflictibus
688 2129 879 2173 perdurare
903 2128 1009 2162 docti.
1041 2128 1144 2161 Nunc
1165 2133 1281 2160 autem
1308 2132 1490 2160 cernentes
1514 2123 1693 2158 statarium

285 2188 442 2224 pugnam
464 2178 501 2209 in
523 2187 560 2209 se
584 2176 766 2221 apparari,
792 2180 829 2208 et
850 2179 947 2207 extra
971 2173 1102 2206 vallum
1130 2173 1391 2218 propugnacula
1418 2177 1454 2205 et
1477 2181 1595 2204 muros
1621 2171 1693 2202 vim

287 2233 428 2257 omnem
452 2221 649 2256 obsistendi
675 2232 715 2253 ac
730 2220 963 2265 propulsandi
987 2219 1023 2250 in
1045 2220 1200 2252 exercitu
1225 2220 1474 2258 constitutam,
1497 2214 1694 2260 deposituri

287 2273 372 2303 sunt
394 2268 634 2302 verisimiliter
662 2272 815 2300 veterem
848 2276 946 2298 suam
977 2265 1287 2305 consuetudinem,
1323 2274 1436 2309 eoque
1463 2261 1694 2299 adducentur,

287 2319 332 2348 ut
351 2315 536 2347 nobiscum
563 2313 776 2346 misceantur
811 2316 846 2344 et
877 2312 1004 2344 collato
1036 2310 1126 2354 pede
1158 2311 1262 2342 armis
1298 2309 1511 2349 decernant,
1542 2307 1692 2340 docente

287 2362 385 2404 ipsos
411 2359 635 2394 necessitate.
680 2357 791 2390 Vobis
824 2367 908 2390 vero
939 2355 1132 2400 prudenter
1154 2367 1227 2389 rem
1263 2355 1466 2400 gerentibus
1507 2353 1693 2398 patrioque

289 2405 416 2440 ordine
449 2416 490 2438 ac
523 2403 710 2447 disciplina
740 2403 924 2437 utentibus
962 2402 1188 2446 actionesque
1232 2407 1368 2434 nostras
1401 2405 1497 2434 recto
1541 2397 1692 2430 consilio

289 2450 577 2490 moderantibus,
591 2453 803 2493 cognoscent
822 2449 949 2492 reipsa,
971 2453 1103 2492 quanto
1115 2447 1166 2488 id,
1184 2446 1280 2492 quod
1299 2446 1694 2480 exercitationenostra-

290 2508 360 2542 que
400 2497 582 2529 voluntate
616 2500 652 2527 et
681 2493 799 2527 studio
837 2499 891 2527 est
922 2494 1155 2539 acquisitum,
1187 2503 1230 2526 ex
1266 2492 1478 2538 temporario
1510 2493 1547 2522 et
1573 2492 1692 2520 coacto

289 2552 426 2585 semper
447 2543 493 2574 sit
516 2540 783 2586 praestantius.“

386 2600 434 2632 ¹9-
482 2587 546 2620 His
571 2586 674 2620 dictis
696 2584 884 2619 Belisarius
910 2585 1016 2617 finem
1049 2584 1143 2617 fecit.
1192 2580 1340 2616 Romani
1363 2592 1444 2615 vero
1481 2579 1693 2623 resipiscen-

290 2638 360 2674 tes,
398 2633 622 2666 retinuerunt
653 2631 796 2676 quidem
834 2631 940 2663 etiam
975 2631 1023 2663 ita
1053 2628 1320 2670 fortitudinem,
1342 2627 1540 2673 plusculum
1572 2630 1693 2657 tamen

292 2678 380 2724 quid
412 2679 464 2712 eis
489 2680 605 2712 iuerat
633 2676 967 2723 circumspectionis,
997 2687 1102 2722 quam
1129 2676 1334 2715 iactantiae,
1364 2678 1401 2707 et
1421 2672 1483 2707 tau
1516 2670 1591 2705 fere
1611 2669 1691 2702 ani-
