1832 3152
277 135 385 190 236
857 153 1130 195 AGATHIAE

81 260 126 294 A.
145 261 181 293 C.
197 262 264 296 556
275 251 319 292 τὸ
346 249 509 307 ἀτρεκὲς
528 249 882 304 ὑποτοπήσαντες,
926 249 1013 306 ἅμα
1034 255 1079 294 δὲ
1110 253 1183 295 καί
1203 255 1258 310 τῷ
1291 249 1475 312 ιῖδοκὴτῳ
1505 267 1680 295 καταπε-

134 308 160 340 Ῑ’
177 309 260 345 ¹·30
271 318 514 370 πληγμένοι,
544 311 778 367 ἀμύνεσθαι
804 317 880 367 μὲν
904 313 1050 370 ἥκιστα
1073 320 1317 371 διενοοῦντο,
1347 318 1510 373 φεύγειν
1535 320 1579 359 δὲ
1606 318 1682 359 αὖ-

269 385 353 427 τοῖς
379 376 426 419 οὗ
446 377 560 430 μάλα
587 378 680 432 ἐξῆν
702 380 758 434 τῷ
782 381 937 436 θριγκῷ
959 383 1275 435 περιεχομένοις.
1316 380 1354 422 οἱ
1371 384 1449 434 μὲν
1471 377 1544 424 οὖν
1565 377 1682 423 ἄλλοι

268 440 444 490 ἅπαντες
477 442 610 497 χύδην
644 442 778 482 αὐτοῦ
809 442 1109 498 διεφθάρησαν,
1148 444 1271 496 μόνοι
1305 447 1352 486 δὲ
1382 445 1682 500 τεσσαράκοντα

267 501 416 561 ἇνδρες
433 506 677 561 παραλόγως
704 505 988 558 διαλαθόντες,
1016 508 1086 548 καί
1107 508 1176 548 ἐπὶ
1196 506 1293 556 τούς
1315 510 1479 562 τοίχους
1506 506 1710 564 οἶναρῥι-5

265 569 468 623 χώμενοι,
512 568 598 612 εἶτα
625 570 695 612 ἐπὶ
727 570 883 625 θάτερα
913 569 1206 624 διεκπεσόντες,
1254 569 1334 613 ὑπὸ
1360 571 1404 613 τὸ
1440 573 1582 615 λάσιον
1613 573 1685 627 τῆς

228 637 467 689 Βέχομένης
490 634 735 690 ἐκρύπτοντο
757 632 866 689 ὕλης.
889 636 994 690 πλὴν
1011 632 1206 677 ἀλλὰκαὶ
1224 634 1393 684 τούτους
1413 635 1451 678 οἱ
1478 634 1685 688 ζΡωμαῖοι

271 697 504 753 ἀνιχνεύειν
527 700 759 755 ἐπειρῶντο.
795 698 951 741 τούτων
971 701 1017 741 δὲ
1045 705 1129 749 τοῖς
1150 700 1340 754 Πέρσαις
1363 697 1685 755 ἀπηγγελμένων,

269 761 419 805 αὗτίκα
456 765 540 818 οἵγε
570 764 662 814 ἴλας
686 764 842 805 ἱππέων
865 766 1098 806 στέλλουσιν
1122 766 1186 806 ἐπ’
1205 761 1353 813 αὖτοὺς
1375 765 1418 813 ἐς
1444 765 1686 818 δισμυρίους

271 824 425 883 ἄνδρας
454 831 820 882 συντεταγμένους.
847 827 886 870 οἱ
909 830 955 870 δὲ
987 829 1219 882 ‘Panum-oa,
1246 827 1425 878 εἴξαντες
1458 830 1515 886 τῷ
1540 826 1739 882 πλήθειιο

271 891 344 933 καὶ
375 889 511 948 ὥσπερ
537 889 782 947 ἀρκούμενοι
806 895 863 949 τῷ
887 895 1163 951 γεγενημένῳ,
1211 891 1453 949 ἀπεχώρουν
1481 893 1687 946 δρομαῖοι,

272 959 344 998 καί
364 951 492 1005 αὖθις
513 958 555 1005 ἐς
573 955 618 998 τὸ
643 958 844 1013 πρότερον
868 956 1066 1012 φρούριον
1084 956 1380 1014 ἐσδραμόντες,
1407 959 1451 999 ἐν
1468 957 1524 1013 τῷ
1549 952 1687 1010 ἄσφα-

269 1025 338 1062 λεῖ
357 1023 628 1074 καθίσταντο,
669 1023 727 1079 τῷ
759 1024 837 1074 μὲν
877 1023 1108 1077 πραχθέντι
1146 1023 1524 1076 μεγαλαυχοῦντες,
1563 1020 1688 1062 ἀνισό-

268 1101 386 1137 μενοι
400 1087 446 1126 δὲ
469 1083 598 1138 μόνον
614 1085 685 1127 ἐπὶ
695 1085 931 1143 Μαξεντύρ·
959 1084 1182 1140 ἐτύγχανεν
1203 1085 1280 1142 γάρ
1296 1088 1377 1127 τῶν
1398 1084 1478 1128 οἷνά
1492 1086 1565 1140 τὴν
1583 1082 1687 1140 ὅλην

270 1149 500 1192 διαδύντων
517 1150 742 1206 βαρβάρων
756 1149 835 1192 ὑπό
847 1167 919 1192 του
938 1151 1160 1204 βιαιότατα
1179 1153 1439 1206 τετρωμένος,
1451 1148 1507 1199 αἷς
1523 1149 1595 1192 καὶ
1610 1154 1738 1206 ‹po-15

270 1215 399 1269 ράδην
422 1213 570 1267 ἀχθεὶς
593 1215 664 1256 ἐπὶ
682 1216 817 1269 κλίνης
841 1219 1025 1270 κρεῖττον
1042 1212 1203 1269 ἁπάσης
1219 1215 1381 1263 ἐλπίδος
1403 1215 1689 1269 ἀποσωθῆναι.

147 1276 411 1332 Ρ,193ἐπειδη
433 1277 510 1333 γὰρ
537 1280 744 1334 ἐβέβλητο,
773 1275 917 1320 αὐτίκα
935 1279 974 1319 οἱ
1003 1277 1153 1319 ὄπαδοί
1170 1276 1371 1333 ἀράμενοι
1389 1275 1516 1320 αὐτόν
1531 1273 1687 1335 ᾤχοντο

267 1341 372 1395 μετὰ
390 1342 553 1394 τάχους,
577 1345 672 1397 πρίν
689 1339 875 1389 ἅπαντας
889 1344 1075 1383 ἐπελθεῖν
1089 1341 1189 1390 τούς
1206 1344 1435 1394 πολεμίους.
1452 1341 1510 1390 ὥς
1530 1343 1576 1383 δὲ
1591 1336 1689 1395 ἧκον

269 1405 340 1447 καί
353 1407 612 1461 ἐπεφέροντο,
635 1404 724 1447 τότε
742 1405 790 1460 δν)
819 1405 856 1446 οἱ
874 1401 991 1447 ἄλλοι
1006 1405 1214 1458 εΡωμαῖοι
1231 1407 1298 1460 ἐφ’
1310 1404 1455 1461 ἑτέραν
1482 1403 1574 1447 τινὰ
1587 1403 1689 1461 φεύ-

266 1485 405 1523 γοντες
418 1470 607 1525 πορείαν,
623 1468 809 1511 καὶκατὰ
821 1471 938 1525 σφῶν
952 1467 1048 1518 τούς
1063 1467 1282 1517 διώκοντας
1302 1468 1586 1522 ἐπισπώμενοι,
1599 1468 1739 1522 χιό-20

267 1550 346 1589 ραν
365 1534 576 1588 παρέσχον
591 1533 729 1591 ἐκείνῳ
745 1534 856 1589 ἐντῷ
868 1534 1042 1588 ἐρύματι
1062 1534 1330 1589 σχολαίτερον
1349 1533 1688 1587 οἷποκομισθῆναι.

380 1597 438 1639 ιε’.
487 1595 552 1639 Ἐν
582 1596 713 1654 τούτῳ
748 1599 794 1638 δὲ
824 1597 1043 1646 Ἰουστῑνος
1073 1596 1096 1637 ὄ
1125 1599 1166 1638 Γ
1164 1598 1344 1651 ερμανοῦ
1377 1598 1450 1639 ἕνα
1472 1598 1555 1638 τῶν
1580 1596 1688 1652 ἄμφ’

268 1658 396 1705 αὖτὸν
427 1663 661 1717 ταξιάρχων
691 1657 824 1718 ἄνδρα
850 1658 1007 1704 Οὖννον
1029 1660 1076 1703 τὸ
1101 1663 1240 1716 γένος,
1275 1658 1514 1717 Ἐλμινζούρ
1543 1656 1685 1714 ὄνομα,

365 1751 417 1774 12.
441 1738 555 1785 εἰσδρ.
571 1740 670 1785 vulg.
770 1741 819 1774 15.
846 1738 989 1774 δύντων
1011 1740 1050 1772 R.
1161 1740 1211 1773 16.
1237 1740 1404 1781 σωθῆναι
1414 1739 1451 1772 Β.

271 1835 356 1864 nato
378 1829 430 1862 rei
452 1829 625 1874 perculsi,
649 1840 715 1861 nec
735 1828 779 1861 de
805 1828 940 1861 tuendo
958 1839 994 1860 se
1009 1827 1195 1862 admodum
1219 1828 1438 1873 cogitabant,
1461 1838 1578 1872 neque
1599 1829 1688 1860 effu-

267 1877 324 1920 gio
349 1876 446 1908 locus
462 1875 608 1919 patebat
622 1899 632 1914 ,
668 1873 765 1919 quod
790 1885 889 1906 muro
932 1879 1049 1907 essent
1083 1875 1346 1908 circumvallati.
1411 1873 1467 1906 Ibi
1509 1884 1590 1918 ergo
1628 1872 1690 1905 alii

267 1932 388 1954 omnes
405 1920 533 1965 passim
546 1921 637 1952 caesi
660 1925 753 1959 sunt,
781 1919 848 1952 soli
867 1930 948 1954 vero
979 1919 1046 1951 XL.
1080 1921 1146 1952 viri
1165 1930 1244 1951 cum
1265 1920 1413 1952 mirifice
1442 1919 1604 1952 manibus
1623 1928 1690 1962 pe—

268 1967 445 2012 dibusque
464 1967 502 1999 in
523 1977 696 1999 summum
717 1976 854 1998 murum
874 1964 1162 1998 conscendissent
1175 1990 1184 2006 ‚
1209 1966 1246 1997 in
1267 1964 1440 1998 diversam
1458 1970 1595 2008 partem
1625 1962 1689 1994 dc-

267 2013 379 2057 lapsi,
405 2013 442 2044 in
467 2012 648 2056 proximae
669 2011 775 2043 silvae
805 2010 982 2043 densitate
1008 2010 1247 2051 delituerunt;
1280 2022 1367 2054 quos
1401 2017 1517 2043 tamen
1539 2008 1686 2041 Romani

269 2058 480 2102 investigare
501 2069 573 2090 non
593 2056 815 2093 destiterunt.
863 2056 956 2088 Haec
976 2055 1188 2101 simulatque
1214 2056 1325 2088 Persis
1345 2056 1490 2088 fuerunt
1513 2054 1689 2093 nuntiata,

270 2104 458 2137 confestim
483 2103 539 2135 illi
557 2108 687 2136 turmas
710 2103 872 2148 equitum
885 2102 923 2134 in
947 2112 1004 2133 eos
1025 2103 1191 2140 mittunt,
1217 2101 1286 2133 duo
1308 2101 1463 2134 virorum
1478 2100 1591 2134 millia
1612 2101 1690 2132 acie

268 2149 362 2182 benc
377 2150 559 2182 instructa.
596 2149 743 2182 Romani
763 2158 856 2188 vero,
890 2147 1054 2180 cedentes
1083 2146 1307 2181 multitudini
1339 2152 1375 2179 et
1392 2147 1503 2179 veluti
1531 2145 1690 2178 contenti

269 2196 463 2240 praeterito
504 2195 683 2235 facinore,
722 2195 851 2227 cursim
889 2203 964 2226 sese
993 2197 1204 2236 receperunt
1237 2197 1272 2224 et
1308 2193 1347 2224 in
1377 2191 1689 2236 propugnaculum,

270 2240 366 2276 unde
385 2246 564 2280 venerant,
586 2241 800 2284 refugientes
823 2241 861 2271 in
878 2243 955 2271 tuto
982 2249 1018 2270 se
1040 2239 1316 2279 continuerunt3
1341 2238 1522 2282 praeclaro
1547 2235 1690 2283 quidem

272 2287 365 2326 sacto
381 2285 625 2330 gloriabundi,
652 2286 826 2319 Maxentii
856 2289 993 2318 tantum
1022 2284 1134 2316 vicem
1165 2283 1335 2316 dolentes.
1382 2283 1466 2316 Erat
1499 2285 1594 2316 enim
1615 2283 1645 2314 is
1671 2292 1691 2314 a

274 2330 427 2377 quodam
445 2330 686 2372 barbarorum,
707 2331 771 2376 qui
801 2331 838 2363 in
859 2330 983 2362 silvam
1002 2339 1038 2362 se
1059 2329 1280 2370 abdiderant,
1311 2330 1512 2373 gravissime
1527 2329 1690 2361 vulnera-

272 2384 331 2412 tus
346 2401 356 2418 ,
386 2375 476 2409 adeo
496 2382 536 2408 ut
554 2377 679 2411 lectica
697 2377 810 2410 elatus
835 2381 975 2420 praeter
1003 2386 1142 2407 omnem
1161 2385 1258 2418 spem
1277 2381 1432 2408 servatus
1459 2375 1576 2407 suerit.
1613 2373 1691 2405 Sta-

273 2425 340 2456 tim
363 2422 456 2455 enim
475 2426 582 2466 atque
606 2422 695 2459 ictus
715 2422 842 2460 fuerat,
863 2421 1051 2454 confestim
1077 2421 1241 2460 asseclae,
1263 2432 1305 2455 eo
1327 2421 1482 2461 sublato,
1505 2431 1609 2464 quam
1638 2418 1691 2451 ci-

273 2469 412 2507 tissime
444 2478 481 2500 se
509 2467 592 2501 inde
625 2467 878 2510 abripuerunt,
921 2467 1126 2510 priusquam
1166 2467 1321 2499 universi
1354 2466 1472 2499 hostes
1503 2467 1687 2498 irruerent.

275 2515 364 2550 Cum
398 2524 481 2547 vero
523 2513 687 2546 venirent
724 2513 967 2556 impetumque
999 2512 1175 2551 facerent,
1229 2518 1303 2545 tum
1328 2512 1476 2545 Romani
1503 2511 1548 2544 ad
1588 2511 1692 2543 aliam

276 2559 453 2605 quandam
468 2558 770 2603 viam‘fugientes,
801 2562 836 2590 et
855 2557 892 2589 in
917 2567 954 2589 se
975 2567 1046 2596 eos,
1071 2558 1132 2602 qui
1151 2558 1441 2602 insequebantur,
1465 2555 1695 2594 attrahentes,

276 2607 392 2639 locum
415 2605 469 2637 ill¹i
485 2604 638 2644 dabant,
665 2610 706 2637 ut
729 2613 830 2647 aegre
851 2601 995 2635 tandem
1016 2603 1053 2635 in
1076 2604 1379 2646 propugnaculum
1396 2602 1602 2636 deferretur.

371 2652 419 2684 15.
469 2652 607 2682 Interea
622 2650 778 2682 Iustinus
795 2648 962 2681 Germani
979 2649 1192 2680 filiusuuum
1209 2661 1227 2680 (-
1256 2649 1327 2681 suis
1349 2647 1510 2688 (lucibus,
1527 2647 1692 2680 Hunnum

276 2698 439 2738 natione,
466 2696 644 2736 Elminzur
672 2695 833 2734 nomine,
861 2705 902 2726 ex
923 2695 1044 2729 Insula
1066 2694 1302 2738 Rhodopolhn
1315 2694 1425 2730 mittit
1447 2701 1524 2727 cuin
1552 2687 1694 2724 (luobus
