1832 3152
630 95 1040 137 EPIGRAMMATA.

399 199 482 239 ΕΠ
486 202 512 241 Ι
516 199 552 238 Γ
551 199 790 240 ΡΑΜΜΑ
795 201 874 239 ΤΑ
902 200 984 239 ΕΠ
989 201 1014 240 Ι
1020 198 1209 239 TTMBI
1209 199 1268 238 A.

670 285 725 325 39.
751 286 865 332 (Vn,
892 287 989 332 204.)

120 351 269 392 Οὐκέτι
293 364 373 391 που
398 351 576 405 τλῆμον,
606 354 815 394 σκοπέλων
838 350 1118 406 μετανάστρια
1152 350 1320 407 πέρδιξ,

197 413 366 463 πλεκτὸς
392 417 636 465 λεπταλέαις
666 413 770 466 οἶκος
799 415 887 471 ἔχει
918 432 964 458 σε
997 414 1159 470 λύγοις,

114 481 205 522 οὐδ’
229 479 312 521 ὑπὸ
336 483 594 537 μαρμαρυγῇ
621 480 909 536 θαλερώπιδος
946 481 1202 536 Ἠριγενειής

193 541 301 603 ἄκρα
326 547 632 602 παραιθύσσεις
657 550 931 601 θαλπομένων
961 547 1183 602 πτερύγων.

113 609 194 666 σήν
220 609 404 668 κεφαλήν
429 610 622 667 αἴλουρος
650 609 866 668 ἆπέθρισε·
902 607 1032 654 τᾶλλα
1064 613 1109 653 δὲ
1140 611 1274 653 πάντα

194 671 387 731 ἥρπασα,
425 678 498 717 καί
524 676 734 732 φθονερὴν
764 673 838 718 οὖκ
869 676 1060 732 ἐκόρεσσε
1088 677 1224 730 γένυν.

115 742 190 782 νῦν
220 743 269 782 δέ
294 757 340 783 σε
373 739 432 795 μή
464 740 602 796 κούφη
634 740 810 797 κρύπτοι
836 739 971 793 κόνις,
1009 737 1115 782 ἀλλὰ
1144 744 1318 797 βαρεῖα,

191 804 252 862 μή
276 804 321 848 τὸ
343 804 437 848 τεὸν
465 804 577 862 κείνη
604 807 804 860 λείψανον
833 808 1018 864 ἐξερύσῃ.

658 905 715 946 [ιο.
742 908 858 954 (VII,
885 907 982 954 205.)

117 984 334 1038 Οἰκογενής
367 983 563 1041 αἴλουρος
587 984 693 1042 ἐμήν
719 987 894 1042 πέρδικα
917 987 1112 1042 φαγοῦσα

161 1044 166 1048 ’
196 1048 316 1099 ζώειν
351 1050 562 1106 ἡμετέροις
591 1049 758 1092 ἔλπεται
788 1053 833 1092 ἐν
860 1048 1068 1106 μεγάροις.

114 1112 163 1155 οὖ
186 1114 260 1167 σὲ,
300 1113 400 1170 φίλη
426 1116 595 1171 πέρδιξ,
633 1117 844 1171 φθιμένην
876 1113 1100 1170 ἀγέραστον
1134 1114 1271 1169 ἐάσω,

195 1178 284 1220 ἄλλ’
308 1180 379 1220 έπί
405 1181 474 1220 σοί
500 1182 649 1222 κτενέω
681 1179 755 1236 τήν
782 1182 908 1222 σέθεν
937 1180 1141 1235 ἀντιβίην.

112 1242 232 1299 ψυχή
260 1242 340 1300 γὰρ
369 1246 440 1286 σέο
472 1247 629 1298 μᾶλλον
656 1245 861 1302 ὅρι’νεται,
900 1244 1029 1287 εἰσόκε
1062 1243 1164 1301 ῥέξω

194 1305 285 1352 ὅσσ’
317 1310 382 1352 ἐπ’
412 1306 631 1366 Ἀχιλλῆος
658 1309 840 1369 Πύρῥος
864 1310 1002 1363 ἔτευξε
1034 1311 1169 1369 τάφῳ.

670 1409 726 1450 tu.
752 1411 863 1459 (vn,
890 1414 985 1459 220.)

100 1483 265 1544 Ἓρπων
290 1489 351 1537 εἷς
378 1487 580 1544 Ἐφύρην,
618 1487 755 1545 τάφον
784 1488 960 1545 ἔδρακον
993 1490 1107 1546 ἆμφί
1134 1492 1330 1532 κέλευθον

192 1555 355 1604 Λαΐδος
383 1553 566 1609 ἀρχαίης
574 1588 587 1607 ,
625 1554 682 1603 ὥς
714 1554 759 1597 τὸ
791 1555 991 1612 χάραγμα
1015 1557 1136 1609 λέγει.

111 1621 241 1675 δάκρυ
269 1621 308 1660 δ’
327 1620 571 1670 ἐπισπείσας
580 1655 594 1674 ,
635 1655 662 1674 ,,
672 1620 840 1676 χαίροις
859 1622 992 1676 γύναι*
1035 1623 1081 1664 ἐκ
1110 1620 1188 1677 γὰρ
1218 1622 1370 1677 οἷκουῆς

194 1687 377 1740 οἰκτείρω
405 1687 479 1727 σε”
519 1684 626 1741 ἔφην
667 1684 750 1741 ,,ἣν
784 1689 916 1742 πάρος
945 1687 1020 1728 οὖκ
1049 1687 1211 1743 ἰδόμην.

111 1745 141 1792 ἆ
162 1748 288 1792 πόσον
310 1746 466 1806 ἧϊθέων
489 1750 579 1794 νόον
602 1747 766 1807 ἧκαχες·
796 1749 887 1794 ἄλλ’
905 1751 969 1794 ἴδε
995 1751 1156 1807 Λήθην

192 1814 346 1869 ναίεις,
382 1815 557 1871 ιῖγλαΐην
584 1818 630 1858 ἐν
649 1817 780 1871 χθονὶ
799 1817 1080 1872 κατθεμένη.”

667 1913 722 1954 [ιο.
748 1916 854 1963 (vn,
880 1918 974 1964 551.)

112 1979 295 2037 Λητόϊος
325 1984 398 2023 καί
419 1983 597 2031 Παῦλος
622 1982 813 2039 ἅδελφεώ
842 1978 974 2040 ἄμφω
998 1983 1115 2026 ἐόντε

193 2045 316 2102 ’ξυνῆν
344 2049 422 2100 μὲν
454 2045 596 2100 βιότου
630 2049 829 2104 συζυγίην
858 2050 1004 2105 ἐχέτην
1014 2083 1027 2103 ,

111 2112 214 2162 ξυνὰ
245 2113 292 2154 δὲ
324 2110 396 2153 καὶ
420 2113 588 2168 Μοίρης
618 2116 796 2168 λαχέτην
826 2113 945 2167 λίνα,
982 2113 1055 2156 καί
1077 2111 1193 2170 παρὰ
1215 2115 1319 2155 θῖνα

195 2177 432 2234 Βοσπορίην
457 2176 583 2233 ξυνῆν
610 2179 902 2235 οἷμφεβάλοντο
931 2178 1056 2223 κόνιν.

111 2238 211 2284 οὖδὲ
238 2241 318 2298 γὰρ
354 2243 546 2298 ἀλλήλοιν
582 2242 701 2294 ζοόειν
727 2240 938 2289 ἀπάνευθε
969 2246 1213 2301 δυνάσθην,

195 2307 299 2350 ἀλλὰ
325 2309 617 2363 συνετρεχέτην
643 2308 717 2350 καὶ
745 2309 860 2365 παρά
884 2312 1166 2368 Φερσεφόνην.

111 2373 325 2430 χαίρετον,
367 2369 403 2415 αἶ
426 2372 609 2430 γλυκεραὶ
645 2378 719 2417 καί
744 2375 971 2433 ὄμόφρονε·
1011 2375 1167 2431 σήματι
1198 2375 1392 2429 δ’ὗμέων

196 2433 355 2494 ὤφελεν
383 2439 583 2494 ἱδρύσθαι
602 2438 742 2494 βωμὸς
766 2441 1097 2499 Ὁμοφροσύνης.

667 2539 723 2578 43.
749 2540 860 2586 (vn,
891 2541 986 2588 552.)

1439 69 1547 143 373

116 2608 210 2656 ’ΠΩ
232 2616 343 2670 ξένε,
371 2614 420 2659 τί
440 2616 614 2668 κλαίειςς
653 2613 675 2656 β
700 2617 769 2659 διὰ
797 2620 872 2661 σὸν
893 2618 1037 2674 μόρον.
1068 2625 1093 2647 ⁶⁶
1119 2614 1243 2661 οἶσθα
1267 2621 1328 2667 τίς
1359 2619 1467 2672 εἰμι,

193 2681 283 2726 βοῦ
310 2682 371 2734 μὰ
396 2681 481 2724 τόν·
530 2682 622 2724 ἀλλ’
643 2679 776 2738 ἔμπης
808 2680 973 2740 οἶκτρὸν
1005 2681 1093 2739 6ρῶ
1122 2681 1168 2726 τὸ
1197 2682 1322 2732 τέλος.
