1794 3112
202 90 271 143 88
764 101 1035 149 AGATmAE

7 215 44 248 A.
60 215 97 248 C.
116 215 179 249 553
201 205 319 244 τοῦτο
358 207 434 256 μὲν
492 199 564 246 οὖν
613 204 659 245 τὸ
702 203 954 260 ἐπίγραμμα,
1008 203 1087 246 εἴτε
1127 201 1182 252 ὦς
1219 198 1382 256 ἀληθῶς
1434 198 1597 255 ἐγκεχάὲ

58 262 84 293 1·
106 261 183 303 1·27
200 283 346 320 ρακται
393 269 450 322 τῷ
495 267 596 323 λίθῳ
613 300 625 319 ,
662 265 740 309 εἴτε
782 267 854 309 καὶ
883 263 1015 316 ἄλλως
1047 264 1241 323 ᾀδόμενον
1272 268 1315 314 ἐς
1362 266 1434 317 ἐμὲ
1468 267 1573 306 ἵκετο
1583 297 1597 316 ,

197 326 317 370 οὐδὲν
343 327 457 381 οἶμαι
488 330 532 372 τὸ
561 330 714 372 κωλύον
745 332 895 372 ἐνθάδε
921 329 1246 385 ἀναγεγράφθαι.
1284 328 1382 378 ἴσως
1420 327 1497 383 γὰρ
1526 329 1600 370 καὶ

199 394 241 439 ἐς
259 392 486 447 μαρτύριον
520 390 591 435 οὐκ
616 389 743 449 ἄχαρι
768 390 820 435 ἂν
842 393 904 448 εἴη
930 395 1011 436 τῶν
1031 396 1076 436 ἐν
1103 395 1197 449 τῇδε
1224 394 1273 448 τῇ
1302 393 1506 447 ξυμπλοκῇ
1533 407 1615 450 γε(

194 457 431 509 γενημένων.
1598 462 1623 503 5

307 534 373 574 ια’.
421 531 486 576 Ἐν
523 535 649 593 τούτῳ
684 537 730 577 δὲ
767 539 852 584 τοῖς
878 534 1095 587 Ῥωμαίοις
1130 534 1340 587 ἠγγέλλετο
1369 531 1441 574 καὶ
1467 531 1518 574 τὰ
1554 533 1598 574 ἐν

163 599 365 654 ΒΒενετία
393 599 464 639 ἐπί
489 599 716 657 Λευθαρίῳ
748 615 791 640 τε
827 598 898 640 καί
925 603 1008 647 τοῖς
1037 595 1140 653 ἄμφ’
1177 595 1298 638 αὐτὸν
1328 594 1455 637 ἅπασι
1485 600 1600 646 ξυνε-

197 663 406 715 νεχθέντα.
433 661 522 704 τότε
547 662 595 717 δη
622 661 697 705 οὖν
718 664 787 704 καί
808 665 964 716 μᾶλλον
989 664 1032 703 οἴ
1044 677 1089 703 τε
1111 660 1230 702 ἀστοὶ
1247 659 1320 701 καί
1337 658 1389 700 τὰ
1410 659 1600 713 στρατεύ-

198 743 310 779 ματα
333 726 498 781 χορείας
535 728 700 769 ἐτέλουν
725 726 795 768 καὶ
826 725 1092 782 πανηγύρεις,
1133 725 1190 773 αἱς
1223 721 1343 765 οὐδὲν
1377 721 1441 764 ἔτι
1465 719 1601 771 αὐτοῖς

199 787 384 838 ἀντίξουν
405 789 791 845 προσγενησόμενον,
819 791 907 832 ἀλλ’
933 793 976 832 ἐν
1003 788 1139 846 εἰρήνῃ
1168 787 1350 830 τολοιπὸν
1371 786 1654 840 βιοτεύσον-ιο

198 869 278 901 τες.
302 855 383 894 τῶν
409 852 485 908 γάρ
511 853 771 907 ἐμβαλόντων
805 857 847 904 ἐς
873 853 951 909 τὴν
977 851 1156 897 Ἰταλίαν
1183 851 1384 904 πολεμίων
1413 848 1518 892 οὕτω
1551 850 1600 905 δὴ

203 917 441 969 ἁπανταχοῦ
469 915 738 970 ὃιολωλότων,
782 918 854 959 οὐκ
884 913 1010 975 ᾧόντο
1040 909 1188 965 ἄλλους
1216 915 1496 970 ἐπιβήσεσθαι.
1532 913 1604 955 καί

202 980 332 1019 ταῦτα
359 981 435 1031 μὲν
455 978 500 1020 τὸ
529 982 684 1034 πλῆθος
711 983 928 1034 διενοεῖτο,
970 978 1037 1023 οἷα
1067 976 1117 1021 ου’
1137 980 1215 1021 τῶν
1243 976 1422 1033 α’κριβιὸν
1450 976 1602 1030 στοχά-

206 1043 348 1091 ζεσθαι
375 1041 622 1098 πεφυκότες,
666 1041 752 1085 ἄλλ’
770 1047 812 1092 ἐς
837 1044 1049 1101 ῥᾳστώνην
1071 1042 1374 1096 ἐκβεβλημένοι,
1412 1040 1483 1083 καί
1500 1039 1602 1095 πρὸς

203 1104 248 1146 τὸ
266 1103 458 1159 ἡδόμενον
485 1108 557 1159 τῆς
576 1105 736 1161 γνώμης
770 1105 929 1149 ἅπαντα
959 1107 1172 1162 κρίνοντες.
1207 1106 1264 1161 τῷ
1292 1107 1337 1146 δὲ
1364 1106 1511 1160 Ναρσῇ
1533 1101 1653 1159 ‹iq-¹5

112 1171 286 1219 Ρ,ίιεθῶς
316 1170 466 1210 ἕκαστα
486 1171 794 1224 διασκοποῦντι,
834 1168 1031 1213 ἀκολασία
1056 1169 1188 1212 ἐδόκει
1205 1169 1251 1210 τὸ
1278 1170 1418 1224 χρῆμα
1437 1170 1507 1209 καί
1523 1184 1602 1208 πα-

202 1231 463 1287 ραφροσύνη,
514 1232 558 1275 εἴ
581 1249 625 1286 γε
657 1228 781 1290 ᾤοντο
812 1237 956 1289 μηκέτι
980 1236 1082 1285 ἕξειν
1109 1231 1283 1286 ἀνάγκην
1304 1229 1468 1286 ἑτέρους
1501 1231 1602 1272 ὑπο-

199 1295 376 1336 δύεσθαι
397 1295 557 1348 πόνους,
586 1293 690 1338 ἆλλιὶ
707 1299 862 1351 χρῆναι
885 1300 1039 1350 μᾶλλον
1060 1298 1102 1345 ἐς
1123 1294 1170 1339 τὸ
1195 1296 1504 1351 τρυφερώτερον
1529 1295 1602 1347 τῆς

201 1359 359 1413 διαίτης
376 1360 417 1406 ἐς
452 1356 520 1400 dec*
536 1362 882 1414 μεταβεβλῆσθαι.
908 1360 1085 1401 ἐλείπετο
1095 1358 1185 1414 γὰρ,
1211 1357 1339 1411 οἶμαι,
1361 1355 1504 1406 αὐτοῖς·
1524 1354 1602 1397 ὑπὸ

201 1418 435 1476 ἀβελτερίας
454 1420 527 1470 τὰς
558 1419 733 1471 ἀσπίδας
766 1421 892 1475 τυχὸν
921 1424 994 1465 καί
1016 1422 1066 1463 τὰ
1090 1421 1215 1476 κράνη
1237 1419 1456 1475 ἀμφορέως
1489 1419 1656 1465 οἴιόυῃο

199 1480 229 1537 ἦ
249 1485 320 1526 ’καί
343 1482 824 1540 βαρβίτουᾶποὸὀσθαι,
865 1482 968 1526 οὕτω
996 1481 1166 1540 περιττὰ
1192 1481 1378 1524 τολοιπὸν
1402 1481 1473 1524 καὶ
1504 1479 1600 1523 οἶνό-

290 1585 342 1609 12.
368 1575 458 1608 ἄλλα
484 1578 520 1610 Β.
539 1586 601 1620 pro
626 1575 763 1614 ἄλλους,
827 1577 876 1620 14.
897 1576 1145 1622 ἐκβεβλημένοι
1165 1576 1215 1616 R.,
1241 1574 1496 1619 ἓμβεβλημένοι
1510 1575 1602 1619 vulg.

291 1625 328 1653 et
345 1622 450 1666 Iutpr.
477 1624 645 1656 involuti.
744 1634 792 1667 ¹9·
818 1623 978 1656 ἐλείπετο
1006 1624 1043 1654 R.
1076 1621 1184 1665 Lugd.
1213 1630 1298 1653 corr.
1331 1619 1434 1665 (CL),
1459 1620 1600 1654 ἐλίπετο

291 1667 382 1711 vulg.
475 1679 530 1703 20.
558 1667 770 1716 ιέβελτηρίας
793 1669 831 1702 Β.
923 1680 975 1704 21.
1007 1664 1029 1709 ἢ
1051 1668 1115 1701 ins.
1141 1677 1184 1699 ex
1205 1666 1240 1699 R.
1505 1673 1508 1678 ’

201 1761 278 1796 Iloc
302 1764 422 1808 itaque
447 1767 655 1810 epigramma
677 1769 750 1800 sive
775 1776 893 1800 revera
919 1777 1001 1800 saxo
1018 1766 1166 1799 incisum
1191 1764 1271 1804 fuit,
1295 1764 1367 1796 sive
1381 1762 1515 1807 alioqui
1533 1761 1602 1796 ho-

202 1810 335 1844 minum
361 1813 580 1845 sermonibus
603 1813 817 1846 celebratum
840 1813 884 1845 ad
906 1823 962 1846 me
984 1812 1156 1855 pervenit,
1179 1821 1251 1842 non
1275 1809 1336 1841 abs
1359 1819 1396 1841 re
1411 1833 1421 1849 ,
1446 1813 1486 1841 ut
1506 1809 1602 1843 arbi-

205 1859 301 1894 tror,
325 1854 393 1887 hoc
412 1856 491 1889 loco
516 1869 537 1890 a
559 1869 614 1891 me
639 1863 692 1893 est
713 1859 872 1891 relatum.
919 1857 1044 1893 Fuerit
1060 1856 1154 1889 enim
1176 1866 1251 1888 non
1275 1854 1451 1898 inelegans
1472 1864 1599 1888 monu-

204 1904 362 1933 mentum
385 1911 505 1935 eorum
529 1914 618 1948 quae
642 1904 704 1937 illo
730 1904 869 1949 proelio
896 1903 1109 1937 acciderunt.

297 2001 348 2032 n‘.
372 1999 509 2035 Interea
530 2009 612 2036 vero
636 2000 797 2034 Romanis
821 2001 1021 2034 nuntiatum
1044 2002 1110 2039 est,
1158 2008 1239 2031 uem
1263 1996 1395 2029 exitum
1417 1994 1620 2030 Leutharis'

205 2053 396 2087 omnesque
420 2045 496 2077 eius
520 2046 642 2089 copiae
669 2047 707 2078 in
727 2047 872 2080 Venetis
897 2045 1111 2079 habuissent.
1152 2045 1235 2076 I'um
1259 2042 1381 2086 itaque
1403 2042 1513 2074 multo
1527 2053 1601 2074 am-

204 2089 298 2132 plius
330 2095 366 2120 et
400 2089 490 2121 cives
534 2096 570 2123 et
600 2091 773 2124 exercitus
814 2091 955 2123 festivas
997 2089 1138 2123 choreas
1172 2088 1344 2131 ludosque
1374 2089 1601 2130 panegyricos

206 2133 403 2176 agitabant,
441 2139 607 2178 tanquam
639 2135 732 2171 nihil
756 2136 847 2169 ultra
871 2136 1002 2168 hostile
1030 2138 1226 2166 metuentes
1241 2157 1251 2172 ‚
1276 2138 1312 2165 et
1335 2133 1372 2164 in
1396 2143 1480 2175 pace
1504 2138 1602 2165 tran-

205 2179 454 2222 quillitathue
478 2179 644 2224 deinceps
672 2182 808 2214 victuri.
857 2180 1027 2213 Hostibus
1057 2180 1152 2212 enim
1174 2179 1310 2211 Italiam
1334 2188 1395 2209 sua
1417 2178 1598 2210 invasione

203 2224 489 2267 inquietantibus
514 2226 562 2258 ita
584 2227 712 2268 passim
736 2226 878 2269 penitus
901 2226 1027 2259 deletis
1044 2247 1054 2264 ‚
1077 2236 1149 2256 non
1176 2222 1349 2267 putabant
1371 2222 1459 2256 alios
1477 2233 1602 2266 super-

203 2274 382 2303 venturos.
427 2269 541 2313 Atque
575 2269 644 2302 hoc
678 2271 820 2315 quidem
852 2276 927 2305 erat
960 2268 1200 2302 multitudinis
1230 2268 1424 2308 iudicium3
1469 2268 1603 2311 quippe

211 2325 302 2358 quae
326 2324 548 2358 nequaquam
572 2322 731 2350 accurate
754 2327 809 2348 res
833 2316 1048 2360 perpendere
1077 2315 1184 2354 solet,
1217 2313 1278 2346 sed
1310 2314 1383 2345 otio
1420 2313 1600 2356 ignaviae-

205 2369 274 2403 que
298 2359 459 2390 immersa
482 2371 525 2392 ex
549 2372 602 2400 eo,
629 2362 723 2405 quod
745 2361 936 2394 iucundum
959 2366 1163 2404 gratumque
1186 2359 1253 2402 ipsi
1278 2364 1341 2398 est,
1365 2358 1482 2390 omnia
1507 2357 1602 2390 iudi-

204 2409 272 2436 cat.
318 2403 456 2437 Narseti
488 2416 568 2438 vero
602 2412 695 2441 recte
727 2407 844 2440 omnia
889 2405 1122 2439 consideranti
1161 2404 1312 2438 stultitia
1354 2402 1529 2435 dementia
1555 2412 1600 2434 ue

203 2448 410 2489 videbatur,
442 2450 471 2481 si
505 2451 701 2494 ademptam
736 2452 804 2485 sibi
837 2452 1004 2495 deinceps
1041 2461 1178 2484 omnem
1214 2449 1301 2481 alios
1330 2448 1470 2480 labores
1493 2458 1531 2479 su
1561 2457 1600 2479 e-

204 2494 291 2526 undi
315 2496 560 2528 necessitatem
588 2502 776 2540 putarent3
810 2498 871 2530 sed
895 2497 1051 2530 molliori
1082 2497 1174 2529 vitae
1205 2505 1280 2527 sese
1305 2499 1395 2526 totos
1419 2491 1598 2525 dederent.

204 2540 328 2572 Parum
360 2540 455 2572 enim
492 2541 636 2582 aberat,
670 2548 710 2575 ut
745 2554 830 2586 prae
868 2542 1060 2575 stoliditate
1095 2545 1193 2574 scuta
1226 2545 1262 2572 et
1287 2539 1398 2583 galeas
1424 2536 1599 2580 amphoris

205 2585 348 2618 vinariIs
374 2590 409 2617 et
432 2584 580 2618 barbitis
606 2593 877 2621 commutarent:
903 2587 990 2620 adeo
1017 2596 1267 2631 supervacanea
1293 2583 1499 2626 inutiliaque
1530 2582 1600 2614 sibi

209 2629 246 2666 iu
272 2635 449 2674 posterum
473 2631 549 2666 sore
576 2643 667 2667 arma
695 2633 868 2669 rebantur.
923 2632 1049 2667 Narses
1081 2636 1196 2671 autem
1229 2628 1464 2668 verisimiliter
1497 2627 1600 2662 colli—
