1832 3152
618 130 984 174 GRAECITATls.
1319 178 1322 180 ,
1374 109 1488 182 419

67 233 738 284 -secszqrjuqrassroeqxsmdrqr.Thnc.
850 236 952 268 vulo.
977 232 1156 274 coniecit5
1181 231 1402 275 *vei-amioci
1430 241 1487 263 ra-

104 287 140 327 1,
155 287 197 319 33
215 286 267 316 .εἰ
287 282 456 328 ἦν-ῠμεῖς
480 279 527 317 ἂν
549 279 624 328 πρὸ
644 283 738 316 πολ-
850 283 986 316 tionem
1006 279 1177 314 turbaret.

100 331 176 365 λῶν
190 329 391 378 χρημάτων
405 331 467 369 καὶ
487 327 642 374 χάριτος
662 329 739 362 ἔτι-
803 327 963 362 Verbum
1012 326 1184 359 auxiliare
1219 322 1318 358 εἶναι
1346 321 1488 367 saepius

100 377 274 423 μήσασθε
286 375 451 422 δύναμιν
468 375 560 420 ὑμῖν
573 384 740 421 προσγε-
850 378 1000 419 apparet
1035 374 1098 406 126
1113 397 1122 412 ‚
1149 384 1167 417 7
1205 367 1400 404 καταπιών
1421 370 1487 408 εἴη.

102 422 262 464 rsa-nia,
297 421 388 463 αὕτη
418 421 603 467 πάρεστιν
631 422 738 455 αὔτε-
856 422 931 461 135,
953 420 974 455 5
1011 417 1200 464 ἀγάμενος
1227 414 1287 460 ἦν.
1326 416 1388 461 175
1407 439 1417 455 ,
1448 413 1489 456 14

101 469 324 515 πάγγελῐος.
361 469 422 513 Ag.
456 471 534 508 160,
563 481 600 502 10
626 467 740 503 δύνα-
851 466 1028 502 ἀλύοντες
1058 461 1158 506 ἦσαν.
1198 476 1277 509 279,
1307 473 1326 507 7
1372 461 1488 508 ὕπερ-

99 527 196 562 μιν,
241 514 285 557 ἦν
324 513 434 548 αὐτοὶ
477 513 552 561 πρὸ
590 515 742 549 πολλῶν
852 512 1040 558 αγιέμενος
1058 508 1110 554 ἦν.
1157 550 1160 553 ,

98 561 302 608 χρημάτων
328 563 391 595 καὶ
414 559 553 602 πόνων,
566 561 668 604 ἔχειν
685 573 743 594 τι-
783 589 785 591 .
806 559 924 595 Verba
945 557 1230 592 desiderativain
1250 557 1394 589 -σείω
1414 559 1491 588 ter-

100 609 268 655 ptw'nat,
309 609 362 644 εἰς
385 604 606 654 συμμαχίαν
636 605 745 641 (ω’-τε·-
855 603 1032 640 mi‘nantia
1067 604 1128 649 Ag.
1173 603 1405 636 usitatissima
1446 606 1492 639 ad

99 654 320 700 πάγγελτον
375 653 744 701 προσλαμβάνοντες-ε
856 652 1096 686 imitationem
1116 649 1338 692 Thucydidis
1368 649 1430 690 33,
1452 664 1493 686 ιο

101 713 255 747 quorum
307 701 466 734 locorum
522 701 738 745 comparatio
851 697 1047 732 ἐνδωσείω.
1093 708 1157 743 72,
1201 699 1242 730 18
1282 695 1493 739 διαβησείω.

94 753 223 792 >aperte
255 747 379 787 docet,
419 746 521 782 nihil,
538 746 633 792 apud
662 746 739 779 No-
851 745 910 790 95,
934 744 984 788 14.
1023 743 1113 788 249,
1139 744 1179 779 15
1209 747 1246 775 et
1275 744 1361 782 263,
1384 753 1407 785 9
1449 743 1492 777 α’-

101 799 212 826 strum
242 794 443 827 novandum
466 805 562 827 esse:
600 797 682 838 apte
701 804 742 826 e·
851 791 1074 829 παλλαξείω.
1113 802 1195 833 109,
1219 791 1257 823 13
1294 795 1330 822 et
1365 793 1442 831 203,
1469 794 1494 825 6

101 841 178 872 nim
207 850 272 884 pro
320 840 495 885 χάριτος,
544 851 591 873 ne
619 839 740 872 omnia
850 837 1098 883 πολεμησείω.
1129 836 1216 880 145,
1245 847 1264 868 2
1290 835 1495 879 ἐπαναστη-

103 878 284 918 ιιιυῐίὶειιυε
308 897 385 919 esse
420 886 625 926 videretur,
666 885 740 918 πό-
853 885 1036 927 σείω.176,
1058 895 1095 917 12
1119 884 1362 928 τιμωρησείω.
1377 886 1451 923 186,
1471 896 1496 928 9

101 942 179 967 νων
192 932 399 976 substituit3
422 932 566 979 πόρων,
593 931 691 979 quod
700 932 736 965 B.
850 931 1048 964 πελασείω.
1065 931 1132 965 208
1146 954 1156 971 ,
1169 940 1187 974 7
1207 932 1491 975 κατηγορησείω.

433 1200 750 1248 Corrigenda
786 1210 830 1235 et
866 1199 1112 1238 addenda.

56 1316 99 1351 In
118 1315 268 1351 Graecis
291 1315 473 1361 Agathiae
493 1317 634 1351 scribe.-
659 1326 695 1359 Ρ.
716 1315 773 1357 41,
806 1326 854 1360 17.
875 1314 1057 1362 α’νῄνοντο
1087 1328 1156 1361 pro
1179 1313 1372 1357 α’νῆνοντο.
1435 1316 1494 1361 43,

106 1365 155 1396 13.
177 1362 439 1408 προαλάμενος
451 1374 520 1408 pro
535 1361 830 1407 προαλλόμεγος.
888 1363 945 1408 57,
966 1364 1014 1406 14.
1037 1375 1105 1408 pro
1123 1371 1261 1409 puncto
1286 1373 1382 1408 pone
1410 1365 1494 1396 vir-

97 1411 231 1454 gulam.
280 1411 336 1449 85,
356 1421 408 1443 12,
433 1407 543 1454 ἑτέρῳ
562 1420 610 1452 τῳ
622 1421 689 1453 pro
711 1407 820 1452 ἑτέρῳ
859 1409 918 1452 τῷ.
984 1410 1059 1453 145,
1090 1421 1116 1442 1.
1142 1407 1291 1453 χειρὸς,
1316 1407 1409 1443 ὅσον
1422 1422 1493 1455 pro

99 1449 248 1500 χειρὸς,
275 1464 353 1490 σον.
425 1457 512 1500 175,
547 1457 597 1489 15.
633 1455 670 1492 ἔς
700 1464 738 1488 τε
761 1468 829 1500 pro
860 1455 950 1488 ἔστε.
1010 1457 1095 1495 215,
1130 1457 1166 1495 ἃ.
1189 1455 1269 1489 dele
1300 1456 1490 1499 virgulam

98 1510 186 1535 ante
205 1500 260 1534 οὔ.
351 1501 439 1543 245,
464 1513 495 1546 9.
521 1501 638 1535 scribe
666 1498 707 1541 ὅ,
731 1513 767 1534 τι
793 1514 861 1547 pro
888 1499 956 1535 ὅτι.
1059 1503 1145 1542 263,
1175 1514 1226 1546 19.
1249 1500 1328 1536 dele
1355 1503 1486 1548 virgu-

99 1549 173 1581 lam
199 1556 285 1582 ante
306 1550 388 1592 βασ.
441 1549 519 1588 303,
547 1560 598 1582 11.
628 1560 696 1583 scr.
721 1546 937 1591 Σάνδιλχος
967 1560 1035 1593 pro
1066 1546 1290 1592 Στένδιχλος.

51 1605 295 1640 lnannotatis
304 1605 443 1639 criticis
456 1618 467 1638 .·
493 1604 546 1638 ud
561 1605 617 1645 33,
636 1607 684 1639 13.
705 1613 740 1640 et
764 1606 821 1645 36,
834 1606 864 1639 8.
891 1614 972 1650 post
991 1607 1029 1638 R.
1053 1603 1146 1638 adde
1164 1609 1201 1638 et
1221 1604 1333 1650 Lugd.
1411 1605 1487 1638 ibi-

99 1648 177 1685 dem
201 1659 310 1697 atque
343 1649 393 1684 ad
411 1651 467 1695 34,
496 1653 547 1686 15.
606 1654 662 1692 36,
680 1653 710 1685 8.
772 1653 827 1695 39,
857 1653 905 1686 15.
966 1651 1022 1693 42,
1042 1653 1074 1685 6.
1129 1651 1186 1695 47,
1212 1662 1234 1684 2
1257 1660 1293 1686 et
1316 1653 1346 1686 3.
1366 1651 1487 1685 scribe

99 1697 180 1730 edd.
206 1709 274 1742 pro
299 1698 390 1743 vulg.
474 1696 528 1730 ad
552 1697 617 1741 34,
655 1700 705 1733 16.
728 1706 813 1742 post
836 1699 873 1730 R.
910 1697 1002 1731 adde
1029 1702 1066 1730 et
1092 1696 1202 1742 Lugd.
1230 1706 1266 1731 et
1287 1709 1356 1743 pro
1387 1697 1482 1741 vulg.

97 1742 239 1776 scribe:
265 1743 344 1777 edd.
371 1753 415 1777 ex
438 1753 510 1776 var.
534 1742 647 1789 Lugd.
725 1757 759 1789 p.
788 1745 842 1790 37.
867 1743 1055 1778 scholion.-
1077 1755 1111 1788 9.
1135 1745 1199 1775 καὶ
1223 1749 1306 1776 ante
1331 1743 1372 1777 ἐν
1397 1742 1481 1777 add.

95 1790 134 1822 R.
157 1787 365 1845 ponendum
390 1797 443 1823 est
466 1798 551 1824 ante
581 1791 799 1835 ἀξιόχρεων.
882 1789 934 1823 ad
955 1790 1012 1833 43,
1036 1792 1085 1823 13.
1114 1788 1193 1823 dele
1217 1790 1357 1823 verba.-
1383 1799 1481 1834 προ-

96 1835 281 1880 αλαμενος
303 1836 399 1880 11118.
483 1835 535 1869 ad
558 1836 623 1881 44,
649 1838 679 1870 3.
714 1835 792 1870 dele
817 1837 931 1870 verba
956 1835 1169 1882 superssua:
1202 1834 1405 1880 ἱδρυμένον
1440 1837 1478 1868 R.

96 1887 134 1915 et
155 1881 266 1926 Lugd.
345 1895 380 1927 p.
413 1883 468 1926 73.
517 1893 558 1916 ro
585 1884 638 1917 23.
665 1892 734 1916 scr.
763 1893 817 1915 22.
895 1881 946 1915 ad
977 1893 1010 1927 p·
1047 1883 1125 1920 303,
1148 1893 1198 1915 11.
1226 1890 1311 1916 ante
1334 1879 1482 1915 Σάνδι-

95 1928 195 2006 πλοῖ1
208 1929 353 1962 insere.-
386 1926 475 1962 Σοέν
495 1928 604 1972 ἰλχος
639 1928 781 1973 scripsi:
811 1938 838 1961 v.
860 1927 905 1960 ad
937 1929 1016 1968 332,
1034 1927 1067 1971 4.
1100 1926 1316 1972 Σάνδιχλος
1338 1927 1375 1962 11.
1394 1928 1417 1962 1.
1442 1929 1484 1961 R.

94 1974 171 2018 Lug
197 1998 204 2006 .
229 1975 339 2016 lntpr.

49 2031 95 2066 In
118 2028 241 2064 indice
263 2030 464 2064 historico.-
491 2042 526 2076 p.
539 2031 615 2076 407.
638 2041 706 2065 scr.
742 2029 955 2063 Sandilchus
976 2042 1044 2076 pro
1070 2028 1294 2063 Sandichlus.
1350 2042 1386 2075 p.
1399 2029 1483 2074 408,

97 2089 124 2111 ε.
161 2088 198 2110 v.
225 2076 363 2120 Utiguri
396 2074 476 2112 dele
509 2078 624 2111 verba
655 2089 681 2110 s.
714 2076 880 2121 Utriguri.
975 2075 1033 2110 Ad
1066 2074 1217 2110 eundem
1253 2074 1410 2110 indicem
1449 2089 1480 2111 s.

96 2135 134 2157 v.
173 2122 322 2156 Sindual
357 2120 478 2157 adde.-
514 2124 647 2157 Verum
684 2122 790 2156 huius
835 2123 903 2155 viri
939 2134 1094 2163 nomen,
1130 2134 1150 2156 a
1185 2123 1360 2156 Graeculo
1394 2134 1479 2156 cor-

98 2174 260 2214 ruptum,
300 2173 377 2203 erat
410 2169 607 2211 Sinduald,
642 2170 794 2202 testibus
828 2169 935 2202 Paulo
975 2169 1136 2202 Diacono
1178 2170 1221 2202 11.
1259 2170 1291 2203 3.
1330 2173 1366 2202 et
1387 2170 1479 2202 Eva-

97 2216 171 2260 grio
213 2215 262 2248 IV
295 2215 353 2259 24.
418 2215 601 2249 Defecisse
636 2227 718 2249 eum
757 2227 777 2249 a
811 2217 968 2248 Romano
1005 2216 1178 2260 imperio,
1219 2227 1366 2260 regnum
1404 2216 1479 2249 sibi

98 2263 138 2295 in
179 2262 284 2295 Italia
317 2261 549 2302 molientem,
595 2272 717 2295 verum
754 2273 775 2294 a
811 2261 957 2294 Narsete
997 2267 1222 2306 superatum,
1260 2267 1478 2307 captumque

98 2307 291 2354 suspendio
316 2313 480 2341 necatum
515 2319 610 2349 esse,
654 2307 750 2341 idem
783 2307 909 2341 Paulus
939 2314 1121 2342 memorat.
1171 2309 1287 2348 Haec,
1322 2313 1358 2341 et
1386 2319 1476 2340 cun-

99 2360 155 2387 cta
178 2360 359 2398 praeterea
375 2365 465 2399 quae
491 2354 618 2388 Narses
647 2355 686 2387 in
705 2354 808 2387 Italia
828 2360 909 2397 post
927 2366 1081 2398 pugnam
1112 2354 1369 2388 Casilinensem
1397 2365 1479 2398 ges-

97 2401 162 2440 sit,
188 2399 356 2446 Agathias
394 2400 543 2434 fortasse
575 2402 670 2433 inter
701 2411 743 2433 ea
777 2411 868 2445 quae
904 2406 1046 2434 vetante
1072 2401 1144 2434 fato
1169 2412 1243 2433 non
1267 2405 1474 2445 persecutus

97 2452 174 2486 est,
207 2458 278 2480 uno
305 2446 384 2479 loco
415 2458 493 2479 cum
529 2446 695 2491 Hamingi
723 2447 843 2487 bello,
877 2446 1092 2492 veronaque
1124 2453 1160 2480 et
1182 2448 1302 2480 Brixia
1337 2447 1476 2490 captis,

97 2491 250 2526 (licenda
280 2492 350 2526 sibi
385 2499 602 2537 seposuerat.
628 2511 675 2518 —-
723 2493 955 2532 Brebtorum,
997 2504 1042 2526 an
1086 2494 1320 2526 Bretonorum
1354 2503 1474 2536 regem

96 2549 179 2572 eum
213 2538 392 2572 vocaverit
422 2540 572 2580 Paulus,
599 2538 821 2574 variantibus
867 2539 970 2572 libris
1003 2544 1099 2572 certo
1138 2538 1281 2572 definiri
1324 2539 1473 2584 nequit:

91 2584 191 2663 {dem
225 2586 339 2630 gentis
370 2596 526 2627 nomen,
558 2589 600 2620 ut
630 2584 790 2628 videtur,
824 2596 904 2619 cum
934 2586 1133 2620 Bittoribus
1163 2585 1261 2631 apud
1284 2583 1475 2630 Agathiam

111 2632 139 2667 Ι.
166 2632 217 2666 13.
242 2643 276 2676 p.
301 2643 359 2676 92,
390 2643 439 2666 11.

46 2685 105 2723 Ad
143 2688 300 2723 indicem
331 2689 549 2735 graecitatis
587 2685 708 2722 adde.-
746 2684 956 2732 ἄχρηστος,
985 2688 1155 2729 inutilis,
1183 2687 1316 2722 noxius
1344 2689 1429 2732 329,
1450 2688 1472 2722 3

92 2733 278 2776 ἔθνησκον
303 2732 494 2781 ἀχρήστου
524 2735 645 2771 ποτοῦ
669 2732 959 2781 ἐμπιπλάμενοι.
1010 2734 1112 2781 Quae
1139 2735 1326 2770 manifesta
1348 2735 1473 2770 imita-
