1832 3152
564 132 939 179 ms‘romAnuM
981 137 1032 175 v,
1069 139 1138 182 m.
1463 117 1573 190 307.

137 239 357 296 λαβόμενοι
376 238 449 295 τῆς
466 234 676 297 ῥᾳθυμώις
702 238 740 279 οἱ
760 235 836 292 τὴν
856 238 1058 294 δευτέραν
1079 233 1216 294 ἇρχῆν
1244 233 1326 279 τῶν
1356 234 1616 293 σκήπτρωνΑ.
1637 247 1673 280 C.
1696 246 1764 282 553

138 309 371 359 διέποντες,
400 301 462 353 οἷς
493 302 545 358 δὴ
569 307 810 360 φορολογεῖν
835 302 910 358 τὴν
941 302 1126 358 ὑπήκοον
1154 303 1227 344 καὶ
1260 299 1348 344 εἶτα
1374 303 1584 356 διανέμειν
1595 295 1658 328 Ῑ·Ῑ-
1676 294 1721 330 3²

136 376 223 422 τοῖς
255 368 539 427 στρατεύμασι
571 367 624 410 τὰ
658 368 872 424 ἐπιτήδεια
896 366 1261 424 ἐκπεφρόντισται,
1301 363 1419 410 οὗτοι
1449 366 1501 423 δὴ
1529 367 1581 410 τὰ

137 439 216 491 μὲν
238 436 480 492 περιφανῶς
504 433 786 490 α’πεστέρουν,
813 432 866 475 τὰ
894 435 940 476 δὲ
967 435 1040 475 καί
1070 435 1208 490 πολλῷ
1229 430 1401 490 ὕστερον
1431 428 1458 488 ἢ
1481 432 1585 489 ὅπη-

113 503 232 546 5n'xa
252 503 382 557 ἐχρῆν
407 500 678 542 ἀπεδίδοσαν·
705 501 897 548 δοθέντος
919 499 966 541 δὲ
988 495 1103 552 ὅμως
1124 497 1206 552 ὄψὲ
1232 501 1334 553 γοῦν
1347 501 1426 540 τοῦ
1449 496 1584 556 ὀφλή-

137 583 294 622 ματος,
322 565 458 615 εὕθὺς
489 564 528 607 οἱ
553 564 630 621 τήν
649 567 888 622 πανοῦργον
917 564 1075 620 ταύτην
1097 565 1171 606 καί
1205 563 1378 620 δημώδη
1405 569 1584 620 λογιστι-

139 631 218 689 κὴν
251 629 502 688 ἠσκημένοι,
545 633 767 688 ἐφίσταντο
797 637 884 680 τοῖς
920 629 1163 684 καταλόγοις
1197 631 1271 671 καί
1307 631 1582 672 ἀνεκαλοῦντο

139 697 190 740 τοὶ
211 699 520 754 πεπορισμένα.
547 698 668 739 τοῦτο
698 695 786 752 γὰρ,
804 692 947 745 αὖτοῖς
967 697 1094 751 γέρας
1117 710 1162 737 τε
1183 695 1294 751 ὖπῆρ
1297 711 1348 749 χε
1371 695 1442 737 καί
1457 695 1582 747 ἄξι’ω-
1597 707 1622 742 Β

139 781 225 818 μα,
269 761 318 806 τὸ
350 769 439 812 τοῖς
465 761 742 820 στρατιώταις
781 762 1042 817 ἐπικλήματα
1081 759 1250 816 ἐπάγειν
1288 756 1434 803 ἄλλοτε
1463 756 1583 815 ἄλλα,

93 833 220 874 lonae*
247 832 323 885 τῆς
357 830 517 884 ἐδωδῆς
547 825 700 878 αὖτούς
728 824 1023 884 ἀφαιρεῖσθαι·
1051 825 1123 868 καί
1144 824 1334 882 καθάπερ
1369 828 1413 868 ἐν
1435 824 1587 887 παλιῤ-

142 895 238 954 ροία
269 894 436 936 ὑδάτων
459 892 562 936 αὐτὸ
594 891 729 949 δήπου
757 892 804 935 τὸ
846 895 998 948 μέτρον
1026 892 1102 947 τῆς
1138 894 1476 948 παρασχεθείσης
1497 899 1585 942 τοῖς

141 960 328 1015 τάγμασι
349 960 655 1017 δασμοφορίας,
685 955 761 1000 οὐκ
785 954 879 1000 οἶδα
908 954 1048 999 ὅντινα
1091 956 1259 1014 τρόπον,
1282 959 1327 1007 ἐς
1351 953 1586 1012 τοῦμπαλιν

141 1026 471 1080 μετωχετεύετο,
521 1026 592 1066 καί
626 1022 798 1081 ἐπανῄει
840 1020 940 1066 ὅθεν
973 1021 1118 1080 ἐῤῥύη·
1164 1021 1238 1064 καὶ
1275 1020 1383 1066 οὕτω
1420 1025 1500 1076 μὲν
1536 1022 1584 1065 τὸ

143 1091 422 1148 ὖπερμαχοῦν
443 1090 516 1132 καί
532 1087 898 1145 παραταττόμενον
920 1090 1187 1143 κατημέλητο,
1216 1087 1288 1130 καί
1305 1091 1464 1145 τροφῆς
1483 1089 1588 1130 ἄπο-

95 1157 217 1215 ιόρία
238 1153 476 1209 πιεζόμενοι
490 1156 800 1208 ’κατελίμπανον
820 1152 920 1202 τοὺς
945 1153 1122 1208 ἀγῶνας,
1146 1150 1209 1202 οἷς
1231 1152 1456 1208 ἐτύγχανον
1478 1157 1588 1196 ἔντεα

142 1222 396 1279 θραμμένον
423 1223 495 1263 καὶ
514 1214 633 1263 ἄλλοι
654 1215 807 1262 ἄλλοθι
828 1220 1088 1276 α’πεχοόρουν,
1117 1218 1173 1278 ὥς
1197 1218 1337 1275 ἕτερόν
1359 1236 1454 1262 τινα
1469 1235 1588 1272 μετε-

145 1285 393 1342 λευσόμενοι
410 1289 518 1342 βίον·
543 1289 605 1336 εἷς
636 1288 683 1329 δὲ
707 1293 907 1341 γυναῖκας
937 1282 1148 1338 οἷκόσμους
1188 1284 1247 1334 ὥς
1273 1283 1326 1326 τοὶ
1361 1282 1493 1327 πολλὰ
1516 1287 1591 1327 καί

144 1353 343 1410 ἡνιόχους
364 1355 438 1394 καί
457 1347 616 1408 ἄνδρας
633 1352 814 1406 ἀγεννεῖς
834 1353 913 1404 μὲν
933 1352 979 1393 ἐν
1002 1356 1089 1399 τοῖς
1109 1350 1348 1404 ἀναγκαίοις
1371 1353 1443 1392 καί
1460 1351 1623 1406 ἁβρο-,Ο

147 1418 361 1472 διαίτους,
388 1416 518 1471 μόνον
542 1419 588 1459 δὲ
605 1415 714 1474 πρὸς
740 1415 816 1466 τὰς
836 1417 1055 1472 ἐμφύλους
1075 1414 1270 1471 ταραχὰς
1299 1418 1372 1458 καί
1390 1416 1464 1471 τὴν
1495 1415 1595 1471 περὶ

93 1483 202 1530 zoro}
229 1483 438 1541 χρώματα
466 1481 556 1539 ἔριν
593 1484 790 1536 ἐμμανεῖς
821 1483 894 1523 καί
927 1480 1218 1538 θαῤῥαλέους,
1255 1483 1329 1523 καί
1356 1476 1506 1531 ἄλλους
1532 1482 1593 1525 ἔτι

146 1550 308 1594 τούτων
329 1545 639 1607 ἀχρειοτέρους,
666 1546 719 1590 τά
743 1544 1019 1604 στρατιωτικοὶ
1036 1544 1333 1589 ἐσκεδάννυντο
1367 1545 1593 1603 χρήματα.

241 1657 273 1690 3.
288 1644 396 1689 οὗτοι
420 1652 460 1688 δὲ
482 1656 520 1688 R.
579 1655 611 1690 5.
637 1651 699 1688 ὅτε
722 1655 822 1700 γοῦν
839 1655 890 1696 R.‚
912 1655 1024 1699 Intpr.
1065 1661 1262 1701 utcunque.
1356 1654 1387 1686 8.
1413 1650 1531 1685 τούτω
1554 1652 1593 1688 R.

241 1703 307 1736 καὶ
330 1713 395 1747 pro
422 1697 498 1747 γὰρ
525 1701 602 1745 sph.
629 1702 702 1736 Par.
803 1715 835 1747 9.
861 1701 1075 1747 ἐκκλήματα
1089 1703 1127 1735 Β.
1250 1711 1301 1736 ιι.
1335 1700 1400 1734 Pro
1425 1696 1467 1731 τὸ
1496 1700 1593 1731 lacu-

242 1760 292 1782 na
315 1749 355 1782 in
382 1749 420 1782 R.
523 1756 573 1793 17.
593 1748 643 1785 ὥς
666 1746 711 1782 τὰ
737 1745 860 1782 πολλὰ
887 1760 953 1782 om.
981 1749 1017 1780 R.
1046 1753 1083 1781 et
1108 1749 1220 1794 Intpr.
1342 1757 1397 1780 20.
1411 1743 1593 1790 χρώματα

243 1814 286 1822 —
323 1795 399 1828 scil.
430 1794 470 1828 in
514 1794 611 1828 ludis
643 1796 902 1839 Circensibus3
937 1794 1111 1841 χρήματα
1148 1795 1235 1834 Par„
1276 1794 1388 1838 Intpr.
1439 1792 1595 1836 σώματα

241 1843 363 1887 legere
406 1841 478 1875 sibi
514 1841 724 1877 videbatur:
766 1838 897 1877 civiles
929 1841 1178 1877 inseditiones
1209 1839 1369 1875 intentos
1405 1847 1441 1874 et
1464 1850 1593 1885 corpo-

242 1900 322 1924 rum
339 1899 475 1923 curam.

155 1989 360 2022 necessaria
384 1987 643 2034 suppeditandi
658 1996 742 2021 cura
761 1987 930 2032 imposita
960 1991 1056 2028 erat,
1081 1985 1119 2019 hi
1143 1987 1274 2031 partim
1295 1992 1419 2031 aperte
1442 1994 1502 2020 eos
1527 1985 1593 2020 de-

154 2035 393 2077 fraudabant,
417 2036 551 2080 partim
568 2035 682 2068 multo
698 2035 824 2076 serius,
847 2045 955 2079 quam
989 2033 1194 2079 oportebat,
1217 2034 1480 2078 persolvebant.
1508 2034 1593 2066 Per-

155 2082 274 2115 soluto
292 2092 376 2115 vero
400 2082 482 2122 iam,
505 2093 722 2127 quamquam
744 2093 835 2121 sero,
859 2080 998 2121 debito,
1024 2082 1145 2114 statim
1166 2080 1205 2113 hi
1218 2081 1256 2112 iu
1277 2080 1508 2113 fraudulenta
1529 2081 1593 2112 illa

155 2132 195 2160 et
223 2127 392 2172 populari
416 2129 664 2173 supputatoria
695 2133 771 2162 arte
793 2128 1005 2168 exercitati,
1039 2126 1164 2160 fraude
1197 2138 1281 2167 eos,
1312 2127 1375 2172 qui
1411 2126 1593 2172 stipendia

156 2174 332 2208 militaria
355 2174 543 2219 cogebant,
561 2174 837 2216 adoriebantur,
865 2180 902 2208 et
918 2185 1009 2220 quae
1037 2175 1110 2206 iam
1132 2173 1314 2218 persoluta
1340 2179 1455 2214 erant,
1486 2183 1593 2218 repo-—

157 2221 316 2254 scebant.
365 2221 434 2254 nic
464 2221 561 2255 enim
589 2232 713 2254 eorum
743 2221 860 2255 honor
889 2232 930 2254 ac
953 2220 1110 2266 dignitas
1141 2225 1241 2260 erat,
1266 2220 1348 2253 aliis
1374 2225 1483 2265 atque
1511 2220 1593 2252 aliis

157 2266 472 2302 criminationibus
493 2268 628 2301 milites
646 2267 818 2302 lacessere
839 2267 1059 2314 cibariisque
1082 2278 1142 2301 eos
1157 2266 1386 2310 defraudare3
1414 2279 1455 2300 ac
1472 2278 1598 2312 quem-

159 2313 355 2347 admodum
394 2315 434 2348 in
464 2316 648 2360 reciproco
679 2313 778 2348 fluxu
804 2315 1016 2359 ressuxuque
1040 2313 1217 2346 undarum
1249 2314 1347 2347 idem
1377 2313 1598 2353 demensum,

160 2359 260 2405 quod
276 2370 321 2393 ex
343 2360 490 2395 tributis
516 2362 562 2395 ad
585 2361 746 2406 legiones
769 2360 1013 2401 deferebatur,
1037 2361 1160 2394 nescio
1186 2371 1259 2405 quo
1280 2365 1384 2405 pacto
1403 2366 1598 2393 retrorsum

161 2406 414 2448 derivabatur,
437 2407 652 2454 redibatque
677 2407 816 2448 eodem,
829 2409 927 2442 unde
951 2407 1111 2441 fluxerat.
1139 2406 1257 2451 Atque
1281 2409 1331 2441 ita
1349 2407 1495 2452 quidem
1515 2417 1601 2450 pro-

159 2457 377 2499 pugnatores
401 2458 438 2486 et
453 2455 690 2498 proeliatores
707 2454 997 2499 negligebantur,
1019 2460 1056 2487 et
1074 2453 1292 2486 cibariorum
1310 2454 1460 2498 penuria
1472 2452 1599 2496 pressi,

160 2500 331 2532 militiam
352 2499 578 2546 bellicosque
596 2501 749 2542 labores,
774 2501 815 2533 in
837 2501 970 2547 quibus
995 2505 1100 2534 erant
1122 2501 1288 2539 enutriti,
1312 2500 1538 2538 deserebant,
1563 2504 1600 2531 et

162 2546 228 2579 alii
247 2546 320 2578 alio
341 2545 612 2588 dilabebantur,
634 2547 748 2580 veluti
771 2547 870 2581 aliud
891 2549 988 2580 vitae
1011 2558 1122 2592 genus
1148 2547 1357 2589 amplexuri.
1407 2546 1447 2577 In
1466 2544 1599 2577 mulie-

162 2602 219 2625 res
254 2602 339 2626 vero
379 2592 589 2626 inhonestas
620 2594 774 2626 maxima
810 2604 854 2627 ex
880 2599 983 2638 parte
1023 2598 1061 2627 et
1095 2593 1234 2636 aurigas
1271 2597 1309 2625 et
1332 2591 1426 2624 viros
1458 2598 1598 2636 parum,

162 2637 229 2671 ubi
266 2649 322 2672 res
353 2640 564 2684 postularet,
582 2639 713 2680 fortes,
746 2639 810 2673 sed
829 2640 1033 2680 delitiosus,
1062 2641 1199 2685 quique
1230 2638 1276 2672 ad
1307 2638 1429 2670 civiles
1458 2641 1599 2670 tantum

163 2684 288 2717 turbas
321 2690 358 2719 et
393 2687 478 2720 circi
512 2686 683 2720 factiones
722 2697 851 2720 vesano
892 2687 1046 2732 quodam
1085 2684 1206 2718 studio
1250 2683 1472 2728 audaciaque
1504 2683 1600 2717 fere-

163 2730 319 2771 bantur,
343 2734 438 2766 etin
467 2733 558 2766 alios
591 2731 649 2765 his
669 2731 786 2766 adbuc
813 2733 1018 2767 inutiliores
1043 2731 1213 2766 militaria
1237 2729 1419 2776 stipendia
1444 2729 1600 2775 dissipa-
