1832 3152
650 78 1056 122 EPIGRAMMATA.

131 183 231 240 ξυνὴ
257 185 295 225 δ’
319 179 584 240 ἀμφοτέρους
611 183 778 236 κατέχει
806 183 953 236 παγίς·
989 183 1050 223 εἶν
1069 177 1135 222 ἔνι’
1153 181 1191 222 δ’
1207 172 1336 236 ἄμφω

211 255 392 302 κεῖνται,
418 248 615 303 συζυγίης
642 245 778 289 οὖκέτι
809 245 1045 300 παυόμενοι.

693 346 751 386 48.
777 347 876 394 (vu,
901 348 995 394 574.)

132 405 294 458 Θεσμοί
319 406 398 458 μὲν
411 406 641 460 μεμέληντο
667 405 867 458 συνήθεες
905 400 1190 461 Ἀγαθονίκῳ·

213 473 362 526 Μοῖρα
390 472 436 513 δὲ
456 471 678 524 δειμαίνειν
708 470 758 511 οὕ
785 468 958 524 δεδάηκε
984 466 1162 520 νόμους·

125 530 234 578 οἷλλά
258 553 334 588 μιν
365 536 589 594 ἁρπάξασα
617 537 760 592 σοφῶν
782 529 938 591 ἦμερσε
967 532 1188 587 θεμίστων,

208 596 325 644 οὔπω
346 603 417 656 τῆς
443 604 619 657 νομιζιιης
637 599 814 654 ἔμπλεον
841 600 1001 655 ἡλικίης
1014 629 1026 641 .

126 666 269 724 οἰκτρά
294 668 332 709 δ’
358 665 462 722 ὑπὲρ
487 665 664 720 τύμβοιο
695 666 1059 720 κατεστονάχησαν
1075 660 1238 720 ἑταῖροι

206 735 395 786 κειζιιενον
410 766 424 786 ,
447 727 498 774 οὗ
521 732 676 775 θιάσου
701 731 856 785 κόσμον
878 728 1140 787 ὀδυρόμενοι.

63 800 66 803 ’
123 796 150 853 ἧ
173 800 220 841 δὲ
243 796 375 854 κόμην
394 799 595 841 τίλλουσα
618 798 701 857 γόῳ
725 798 972 853 πληκτίζετο
1001 796 1164 853 μήτηρ,

205 863 252 906 αἲ
276 862 343 918 αἲ,
373 865 458 906 τῶν
481 863 665 918 λαγόνων
687 863 851 918 μόχθον
874 863 1150 917 ἐπισταμένη.

124 926 257 985 ἔμπης
283 923 420 983 ὄλβιος
443 923 579 982 οὖτος,
605 926 653 978 ὃς
678 930 722 971 έν
748 928 912 983 νεότητι
930 929 1165 985 μαρανθείς

163 1034 168 1038 .
206 993 359 1051 ἔκφυγε
381 994 458 1050 τήν
476 991 618 1048 βιότου
649 995 812 1036 θᾶσσον
841 992 1127 1050 άλιτροσύνην.

681 1079 768 1120 [ιθ-κ
793 1083 899 1129 (vn,
926 1083 1020 1129 578.)

131 1136 212 1181 Τὸν
231 1136 430 1194 κρατερὸν
452 1140 689 1193 Πανοπῆα,
720 1135 792 1179 τὸν
811 1134 1049 1193 ἅγρευτῆρα
1071 1135 1266 1190 λεόντων,

203 1201 278 1245 τὸν
293 1205 598 1259 λασιοστέρνων
622 1205 800 1259 κέντορα
826 1205 1093 1259 παρδαλίων,

123 1269 278 1323 τύμβος
292 1266 380 1322 ἔχει
396 1287 408 1297 ·
423 1270 643 1325 γλαφυρῆς
669 1268 749 1326 γάρ
779 1267 864 1310 ‹inl›
887 1269 1042 1323 χθονὸς
1063 1268 1206 1311 ἔκτανε
1230 1265 1362 1316 δεινός

205 1334 422 1390 σκορπίος,
450 1335 629 1390 οὖτησας
648 1332 804 1390 ταρσὸν
835 1333 1121 1390 ὄρεσσιβάτην.

128 1401 297 1456 αἰγανέη
324 1402 371 1443 δὲ
401 1403 576 1441 τάλαινα
593 1433 605 1452 ,
627 1398 774 1454 σίγυνά
796 1415 842 1441 τε
865 1398 949 1455 πάρ
973 1398 1101 1454 χθονὶ
1126 1404 1282 1453 κεῖται,

207 1465 253 1509 αἲ
277 1465 344 1520 αἲ,
368 1467 618 1522 θαρσαλέων
646 1465 817 1520 παίγνια
831 1466 1111 1522 ,δορκαλίδωκ

680 1556 739 1594 50.
761 1554 848 1601 (vn
862 1580 872 1596 ,
892 1555 987 1601 583.)

110 1609 270 1665 ’Ἀβαλε
289 1611 390 1666 μηδ’
413 1611 594 1664 ἐγένοντο
619 1609 747 1664 γάμοι
761 1644 773 1663 ,
808 1610 866 1665 μη
894 1608 1060 1665 νύμφια
1098 1610 1250 1665 λέκτρα
1268 1642 1280 1662 ,

207 1673 258 1718 οὔ
279 1673 357 1732 γὰρ
387 1672 440 1718 ἂν
460 1676 622 1718 ὠδίνων
649 1676 829 1731 ἐξεφάνη
856 1674 1085 1731 πρόφασις.

123 1744 198 1786 νῦν
220 1744 247 1784 δ
253 1746 265 1762 ³
283 1742 309 1797 ἦ
334 1744 414 1795 μὲν
435 1741 627 1798 τριτάλαι
636 1758 687 1784 να
711 1740 816 1796 γυνη
838 1741 1033 1783 τίκτουσα
1057 1740 1264 1795 κάθηται,

199 1809 354 1861 γαστρί
373 1809 420 1849 δὲ
443 1806 660 1865 δυσκόλπῳ
682 1805 830 1862 νεκρὸν
859 1805 991 1848 ἔνεστι
1018 1807 1134 1853 τέκος
1156 1822 1167 1832 ·

120 1872 268 1930 τρισσὴ
296 1874 336 1914 δ’
357 1870 575 1929 ἀμφιλύκη
603 1871 763 1928 δρόμον
793 1866 975 1926 ἤνυσεν,
1002 1871 1115 1923 ἐξότε
1142 1870 1287 1924 μᾴινει

202 1936 251 1980 τὸ
271 1940 430 1994 βρέφος
453 1933 675 1993 ἇπρήκτοις
698 1939 835 1979 ἐλπίσι
855 1934 1108 1990 τικτόμενον.

121 2005 261 2060 κούφη
289 2005 358 2045 σοι’
379 2004 542 2044 τελέθει
569 2000 754 2058 γαστήρ,
784 2004 922 2054 τέκος,
952 1998 1048 2043 άντί
1057 2003 1222 2058 κονίης·

202 2068 309 2124 αὕτη
337 2068 415 2125 γάρ
437 2084 483 2111 σε
511 2070 656 2125 φέρει,
685 2067 759 2110 καὶ
780 2066 938 2122 χθονὸς
961 2068 1012 2108 οὕ
1032 2069 1211 2122 χατέεις.

691 2157 746 2193 51.
774 2156 872 2204 (vn,
899 2158 995 2204 589.)

131 2213 283 2267 Μηδὲν
302 2207 593 2266 οἷπαγγείλειας
616 2213 660 2261 ἔς
678 2212 945 2267 Ἀντιόχειαν
961 2247 974 2266 ,
1004 2210 1125 2254 ὅδῖτα
1138 2246 1150 2265 ,

201 2276 259 2331 μὴ
283 2276 408 2319 πάλιν
428 2276 583 2334 οἰμώξῃ
615 2274 812 2331 χεύματα
845 2277 1107 2333 Κασταλίης.

121 2337 287 2383 οὕνεκεν
312 2342 506 2398 ἐξαπίνης
530 2340 785 2399 Εὕστόργιος
813 2341 952 2401 ἔλλιπε
972 2345 1137 2397 μοῦσαν
1146 2376 1160 2396 ‚

199 2409 368 2459 θεσμῶν
391 2411 428 2448 τ’
450 2408 676 2464 Αὕσονιὶον
703 2410 853 2451 ἐλπίδα
876 2411 1090 2464 μαψιδιήν
1104 2442 1118 2462 ,

119 2469 354 2527 ἑβδόματον
382 2473 559 2515 δέκατόν
581 2489 627 2515 τε
653 2472 798 2528 λαχών
825 2472 935 2524 ἔτος·
960 2476 1003 2523 ἒς
1023 2475 1069 2516 δὲ
1090 2473 1226 2528 κονίην

200 2533 393 2593 ἧμείφθη
418 2537 560 2593 κενεὴν
584 2534 796 2592 εὔσταχυς
820 2539 975 2594 ἦλικίη.

121 2603 192 2647 καί
210 2600 282 2644 τὸν
301 2605 379 2655 μὲν
395 2605 562 2657 κατέχει
582 2601 756 2657 χθόνιος
777 2605 932 2661 τάφος,
962 2603 1057 2647 (ἰντί
1074 2606 1114 2645 δ’
1135 2604 1290 2645 ἐκείνου

201 2661 357 2724 οὕνομα
376 2669 448 2713 καί
465 2670 682 2727 γραφίδων
705 2669 912 2726 χρώματα
941 2668 1188 2725 δερκόμεθα.

1458 52 1565 129 375

1582 1012 1628 1038 10

1570 2478 1593 2518 U!
