1722 3146
596 125 911 169 PRAEFATIO.
1450 127 1505 166 XI

75 228 169 275 thius
193 234 335 270 autem,
360 231 468 275 atque
494 229 572 274 ipse
596 229 802 273 Procopius,
826 227 931 272 longe
955 229 1104 274 propius
1128 227 1174 262 ad
1197 228 1380 262 inferioris
1407 228 1505 262 illius

77 309 184 346 quiam
215 299 260 332 ad
282 297 416 344 probae
441 295 567 331 aetatis
601 297 791 341 scriptores
821 294 1008 330 accedunt.
1059 295 1130 329 Sed
1153 296 1216 329 illa
1246 308 1313 339 rcs,
1338 301 1379 330 ut
1401 296 1507 341 plura

73 366 144 401 alis
177 377 269 412 qnae
299 367 337 400 in
362 367 509 399 summis
535 365 682 399 dicendi
716 363 924 398 auctoribus
949 375 1074 408 magna
1096 370 1198 407 sunt,
1228 366 1266 398 in
1298 363 1505 398 huiusmodi

71 435 176 470 libris
198 434 337 468 minimi
360 435 533 468 momenti
556 439 620 468 est.
670 433 717 466 Ut
734 437 855 466 tamen
874 443 998 467 verum
1023 432 1216 476 confflem-3
1243 434 1342 478 ipse,
1364 433 1505 478 perspi-

72 503 218 539 enitatis
238 504 375 550 gratia,
414 503 542 536 tacitus
567 501 703 536 mutavi
728 499 826 547 quod
852 500 1079 544 ascriptoris
1095 499 1359 546 orthographia
1382 501 1504 546 prose·

71 577 167 607 etum
194 582 271 606 esse
294 583 368 605 non
393 571 545 606 dubito:
572 571 722 617 μέλλειν
750 571 848 604 enim
872 579 1011 614 semper
1034 570 1074 602 in
1098 574 1254 615 utroque
1281 570 1404 603 codice
1431 579 1503 603 uno

69 645 211 676 tantum
233 641 254 675 λ
278 639 456 689 scribitur.
502 639 630 685 Neque
651 639 762 684 magis
782 636 1013 671 indicandum
1040 647 1118 671 esse
1146 638 1272 682 putavi
1305 638 1448 683 quoties
1471 637 1508 674 Ν

67 706 344 756 ἔφελκυστικὸν
369 720 413 743 ex
437 708 561 743 codice
583 707 762 746 adderem,

158 778 421 823 Epigrammata
446 777 605 811 libenter
643 777 861 810 omisissem:
903 788 1014 822 quum
1037 777 1195 810 retinere
1229 785 1374 809 necesse
1401 777 1505 816 esset,

64 845 177 879 multo
202 845 308 891 plura
331 850 370 880 et
396 845 639 879 emendatiora
673 845 719 878 iis
751 844 837 879 dedi
863 855 955 891 quae
985 844 1182 879 Vulcanius
1214 855 1258 877 ex
1287 842 1504 888 Anthologia

62 911 246 948 Planudea
266 913 459 959 collegerat
472 927 482 947 ε
504 918 633 947 cuncta
657 914 795 947 scilicet
810 924 903 959 quae
928 915 969 948 in
979 914 1140 947 Palatina
1161 917 1299 946 servata
1317 917 1411 953 sunt,
1437 911 1501 944 ad-

61 981 149 1017 ditis
183 982 229 1016 iis
251 982 414 1029 quaein
433 983 552 1028 capite
575 983 671 1028 περὶ
698 981 857 1018 εἰκόνων
876 982 1078 1024 exstabant,
1107 993 1179 1028 quo
1205 981 1349 1027 plenius
1372 979 1504 1014 habuit

57 1049 236 1085 Planudee
259 1062 368 1098 quam
385 1063 451 1085 nos
475 1052 768 1096 epigrammatum
791 1051 1015 1084 collectionis
1040 1049 1256 1095 exemplum.
1281 1049 1323 1082 In
1344 1049 1402 1082 his
1428 1048 1504 1082 cri-

59 1109 178 1154 ticum¹
202 1131 276 1154 non
303 1121 383 1166 egi,
408 1121 479 1155 nisi
502 1120 600 1168 quod
620 1120 809 1166 perpaucis
834 1120 922 1153 locis
947 1125 1010 1154 aut
1033 1120 1187 1153 aliorum
1210 1118 1502 1152 emendationem

58 1188 360 1223 aut-Plauudeam
383 1189 577 1224 lectionem
599 1190 782 1223 Palatinae
810 1189 978 1235 praetuli.
1026 1189 1172 1230 Latina,
1197 1187 1308 1233 elegis
1333 1196 1500 1232 compre-

56 1255 190 1298 hensa,
233 1269 327 1303 quae
359 1258 533 1304 Iosephus
559 1259 732 1304 Scaliger,
767 1264 876 1306 atque
905 1260 1012 1293 Ianus
1042 1259 1162 1292 Dousa
1193 1268 1213 1291 e
1241 1257 1375 1302 graecis
1403 1255 1497 1300 Aga-

55 1323 155 1359 thiae
176 1326 351 1369 fecerunt,
376 1327 416 1362 iu
433 1329 590 1363 virorum
605 1327 780 1363 honorem
803 1330 958 1363 retinui:
984 1340 1057 1374 quo
1077 1329 1171 1362 facto
1191 1338 1238 1360 ne
1264 1326 1330 1360 illa
1349 1324 1497 1371 quidem

55 1383 175 1428 omitti
193 1399 393 1440 potuerunt
411 1395 556 1442 quaein
577 1396 704 1430 eodem
723 1407 853 1442 genere
872 1397 1040 1438 confecit,
1060 1395 1275 1442 addiditque
1286 1394 1496 1429 Vulcanius-

144 1461 209 1495 His
243 1463 441 1508 expositis,
478 1463 551 1498 iam
579 1464 688 1497 finem
721 1465 941 1510 praefationi
980 1465 1131 1506 faciam,
1179 1475 1288 1509 quum
1316 1462 1361 1495 de
1390 1462 1500 1495 libris

50 1541 141 1576 quos
174 1530 351 1572 adhibui,
379 1532 552 1578 siglisque
581 1544 669 1579 quas
703 1534 743 1568 in
764 1533 910 1568 scholiis
934 1534 1041 1579 posui
1065 1544 1157 1579 quae
1178 1532 1378 1568 necessaria
1407 1535 1493 1565 sunt

54 1608 266 1643 exposuero.
281 1621 288 1631 .

141 1666 181 1699 R.
203 1665 327 1700 Codex
347 1665 635 1712 Rehdigeranus:
669 1669 894 1703 chartaceus:
923 1670 1077 1716 scriptus
1101 1670 1193 1703 circa
1212 1681 1346 1702 annum
1371 1670 1482 1711 1560„

47 1733 220 1779 impensis
230 1732 391 1768 Thomae
402 1734 609 1781 Rehdigeri‚
633 1737 672 1770 in
691 1736 816 1781 Italia3
842 1742 880 1771 et
898 1737 1048 1784 quidem
1068 1738 1196 1782 procul
1212 1736 1324 1770 dubio
1336 1739 1488 1784 Romare5

44 1813 64 1834 a
86 1801 227 1836 duobus
256 1802 418 1837 tribusve
444 1804 747 1846 amanuensibus,
783 1804 889 1838 credo
913 1804 1160 1839 bibliothecae
1185 1806 1380 1839 Vaticanae
1402 1806 1488 1839 scri-

42 1869 231 1915 ptoribus:
265 1882 418 1917 quorum
438 1871 567 1905 saltem
596 1873 750 1918 primum
776 1873 889 1907 fuisse
914 1873 1091 1907 Graecum
1114 1884 1158 1906 ex
1187 1872 1354 1907 ductibus
1389 1875 1485 1909 clare

40 1943 171 1984 patet3
210 1945 411 1985 postremus
448 1946 568 1984 autem
603 1942 808 1988 alienigena
840 1943 936 1984 fuit,
977 1953 1196 1989 graecaeque
1228 1943 1374 1988 linguae
1405 1944 1481 1977 fere

43 2007 152 2042 rudis.
198 2009 424 2055 Exscriptum
447 2021 524 2044 esse
549 2021 593 2044 ex
613 2010 738 2045 codice
764 2011 938 2045 Vaticano
963 2023 1037 2045 non
1060 2011 1202 2053 dubito,
1227 2023 1298 2057 quo
1327 2013 1479 2046 Persona

43 2086 126 2110 usus
153 2077 275 2112 fuerit.
324 2079 656 2124 Interpunctionem
679 2079 724 2114 ad
750 2091 894 2114 sensum
914 2080 1218 2114 accommodatam
1238 2081 1298 2114 vix
1331 2092 1481 2126 usquam

40 2142 162 2184 habet,
185 2143 249 2179 sed
268 2146 470 2181 interiectis
498 2149 658 2193 septenis
679 2149 738 2182 vel
761 2149 900 2182 octonis
918 2149 967 2193 pl.
983 2160 1028 2181 m.
1054 2148 1239 2182 vocabulis
1259 2154 1391 2194 puncta
1408 2162 1477 2195 po-

39 2213 106 2246 nit.
153 2214 195 2248 In
215 2215 375 2261 margine
396 2218 636 2251 correctiones
661 2223 723 2251 aut
741 2218 962 2252 coniecturas
983 2217 1134 2251 exhibet
1156 2218 1360 2259 nonnullas,
1389 2230 1476 2264 quas

39 2281 297 2317 Leunclavium
319 2290 502 2319 auctorem
522 2285 657 2320 habere
690 2285 819 2328 credo,
850 2286 914 2333 qui
941 2297 1023 2319 eum
1044 2298 1073 2319 a.
1103 2287 1201 2331 1576.
1220 2286 1397 2321 utendum
1418 2299 1476 2321 ac-

14 2355 187 2394 ¹⁴ceperat
237 2351 354 2397 Quem
374 2353 534 2388 codicem
552 2367 663 2401 quum
676 2356 871 2389 Vulcanius
889 2366 1009 2389 secum
1035 2357 1296 2390 communicari
1319 2362 1473 2402 peteret,

32 2429 243 2464 responsum
269 2428 323 2456 est
350 2434 433 2456 eum
456 2436 530 2458 non
561 2436 784 2470 comparere:
809 2436 929 2471 neque
951 2424 989 2457 id
1017 2425 1130 2458 falso:
1162 2425 1353 2470 inscriptio
1375 2427 1471 2458 enim

28 2488 182 2520 testatur
224 2499 320 2523 anno
356 2490 498 2526 demum
538 2495 634 2529 1658.
666 2496 797 2528 iterum
827 2495 965 2528 illatum
1013 2505 1090 2528 esse
1129 2495 1168 2527 in
1212 2494 1470 2528 bibliothecam

29 2553 313 2601 Rehdigeranam
347 2569 367 2591 a
402 2559 606 2596 Christiano
637 2562 843 2596 Hofmanno
876 2562 922 2595 ab
951 2561 1287 2596 Hofmannswaldau
1303 2587 1312 2603 ‚
1351 2567 1463 2607 poeta

25 2622 167 2657 insulso
193 2630 230 2659 et
259 2626 461 2672 obscoeno;
493 2635 530 2663 at
561 2633 662 2673 cive,
700 2637 740 2664 ut
768 2631 854 2665 hinc
881 2633 1050 2677 colligere
1079 2632 1186 2673 licet,
1225 2643 1298 2664 non
1328 2632 1465 2665 inutili.

122 2691 234 2737 Lugd.
260 2694 512 2740 Lugdunensis
529 2725 538 2740 ,
577 2699 823 2734 bibliothecae
853 2701 1076 2735 academicae
1094 2727 1103 2742 ,
1154 2700 1207 2743 54.
1234 2699 1329 2734 inter
1353 2699 1465 2734 libros
