<?xml version="1.0" encoding="UTF-8"?>
<!DOCTYPE html PUBLIC "-//W3C//DTD XHTML 1.0 Transitional//EN"
    "http://www.w3.org/TR/xhtml1/DTD/xhtml1-transitional.dtd">
<html xmlns="http://www.w3.org/1999/xhtml" xml:lang="en" lang="en">
 <head>
  <title>
</title>
<meta http-equiv="Content-Type" content="text/html;charset=utf-8" />
  <meta name='ocr-system' content='tesseract 3.04.00' />
  <meta name='ocr-capabilities' content='ocr_page ocr_carea ocr_par ocr_line ocrx_word'/>
</head>
<body>
  <div class='ocr_page' id='page_1' title='image "./corpusscriptorum01niebuoft_0191.png"; bbox 0 0 1794 3112; ppageno 0'>
   <div class='ocr_carea' id='block_1_1' title="bbox 564 83 1572 159">
    <p class='ocr_par' dir='ltr' id='par_1_1' title="bbox 564 83 1572 159">
     <span class='ocr_line' id='line_1_1' title="bbox 564 83 1572 159; baseline -0.012 -8"><span class='ocrx_word' id='word_1_1' title='bbox 564 104 940 151; x_wconf 76' lang='lat' dir='ltr'>HISTORIARUM</span> <span class='ocrx_word' id='word_1_2' title='bbox 979 109 1052 150; x_wconf 91' lang='lat'>111.</span> <span class='ocrx_word' id='word_1_3' title='bbox 1079 109 1120 155; x_wconf 84' lang='lat'><strong>5.</strong></span> <span class='ocrx_word' id='word_1_4' title='bbox 1468 83 1572 159; x_wconf 72' lang='lat'><strong>147</strong></span> 
     </span>
    </p>
   </div>
   <div class='ocr_carea' id='block_1_2' title="bbox 80 203 1763 1582">
    <p class='ocr_par' dir='ltr' id='par_1_2' title="bbox 138 203 1763 271">
     <span class='ocr_line' id='line_1_2' title="bbox 138 203 1763 271; baseline -0.006 -12"><span class='ocrx_word' id='word_1_5' title='bbox 138 218 324 266; x_wconf 83' lang='grc' dir='ltr'><em>στιανοῖς</em></span> <span class='ocrx_word' id='word_1_6' title='bbox 360 207 511 271; x_wconf 70' lang='grc' dir='ltr'><em>ἄριστα</em></span> <span class='ocrx_word' id='word_1_7' title='bbox 544 208 775 253; x_wconf 75' lang='grc' dir='ltr'><em>δοκούντων</em></span> <span class='ocrx_word' id='word_1_8' title='bbox 810 209 1030 265; x_wconf 63' lang='grc' dir='ltr'><em>ἐθελοντὴν</em></span> <span class='ocrx_word' id='word_1_9' title='bbox 1063 206 1461 251; x_wconf 78' lang='grc' dir='ltr'><em>διακινδυνεύσαντα</em></span> <span class='ocrx_word' id='word_1_10' title='bbox 1495 203 1578 248; x_wconf 72' lang='grc' dir='ltr'><strong>ὕπὸ</strong></span> <span class='ocrx_word' id='word_1_11' title='bbox 1591 212 1763 260; x_wconf 61' lang='grc' dir='ltr'><strong>Α.Ο.5ὄς</strong></span> 
     </span>
    </p>

    <p class='ocr_par' dir='ltr' id='par_1_3' title="bbox 136 260 1714 334">
     <span class='ocr_line' id='line_1_3' title="bbox 136 260 1714 334; baseline -0.007 -11"><span class='ocrx_word' id='word_1_12' title='bbox 136 282 223 323; x_wconf 71' lang='grc' dir='ltr'><em>τῶν</em></span> <span class='ocrx_word' id='word_1_13' title='bbox 253 278 452 322; x_wconf 73' lang='grc' dir='ltr'><em>ἐναντάον</em></span> <span class='ocrx_word' id='word_1_14' title='bbox 485 278 848 331; x_wconf 71' lang='grc' dir='ltr'><strong><em>καταλευσθῆναι,</em></strong></span> <span class='ocrx_word' id='word_1_15' title='bbox 888 277 946 334; x_wconf 70' lang='grc' dir='ltr'><em>τῷ</em></span> <span class='ocrx_word' id='word_1_16' title='bbox 967 275 1125 318; x_wconf 78' lang='grc' dir='ltr'><em>ἐκείνου</em></span> <span class='ocrx_word' id='word_1_17' title='bbox 1154 271 1332 327; x_wconf 79' lang='grc' dir='ltr'><em>ὄνόματι</em></span> <span class='ocrx_word' id='word_1_18' title='bbox 1357 273 1579 314; x_wconf 78' lang='grc' dir='ltr'><em>καλεῖσθαι</em></span> <span class='ocrx_word' id='word_1_19' title='bbox 1591 260 1714 296; x_wconf 60' lang='grc' dir='ltr'><strong>Ῑ”Ῑ·“8</strong></span> 
     </span>
    </p>

    <p class='ocr_par' dir='ltr' id='par_1_4' title="bbox 135 334 1580 397">
     <span class='ocr_line' id='line_1_4' title="bbox 135 334 1580 397; baseline -0.006 -10"><span class='ocrx_word' id='word_1_20' title='bbox 135 344 210 387; x_wconf 77' lang='grc' dir='ltr'><strong>τὸν</strong></span> <span class='ocrx_word' id='word_1_21' title='bbox 223 341 350 387; x_wconf 82' lang='grc' dir='ltr'><em>τόπον</em></span> <span class='ocrx_word' id='word_1_22' title='bbox 363 344 618 397; x_wconf 86' lang='grc' dir='ltr'><em>νενόμισται.</em></span> <span class='ocrx_word' id='word_1_23' title='bbox 632 341 744 397; x_wconf 79' lang='grc' dir='ltr'><em>ἡμᾶς</em></span> <span class='ocrx_word' id='word_1_24' title='bbox 766 342 812 383; x_wconf 82' lang='grc' dir='ltr'><strong>δὲ</strong></span> <span class='ocrx_word' id='word_1_25' title='bbox 833 337 967 394; x_wconf 67' lang='grc' dir='ltr'><em>οὐδὲν,</em></span> <span class='ocrx_word' id='word_1_26' title='bbox 986 338 1117 394; x_wconf 83' lang='grc' dir='ltr'><em>οἶμαι,</em></span> <span class='ocrx_word' id='word_1_27' title='bbox 1143 338 1190 382; x_wconf 82' lang='grc' dir='ltr'><em>τὸ</em></span> <span class='ocrx_word' id='word_1_28' title='bbox 1216 339 1391 392; x_wconf 74' lang='grc' dir='ltr'><em>κωλῦον,</em></span> <span class='ocrx_word' id='word_1_29' title='bbox 1411 339 1454 387; x_wconf 83' lang='grc' dir='ltr'><em>ές</em></span> <span class='ocrx_word' id='word_1_30' title='bbox 1473 334 1580 392; x_wconf 77' lang='grc' dir='ltr'><em>γνώ-</em></span> 
     </span>
    </p>

    <p class='ocr_par' dir='ltr' id='par_1_5' title="bbox 109 403 1616 597">
     <span class='ocr_line' id='line_1_5' title="bbox 137 403 1616 466; baseline -0.006 -14"><span class='ocrx_word' id='word_1_31' title='bbox 137 424 268 466; x_wconf 81' lang='grc' dir='ltr'><em>ρισμα</em></span> <span class='ocrx_word' id='word_1_32' title='bbox 290 412 344 466; x_wconf 80' lang='grc' dir='ltr'><em>τῇ</em></span> <span class='ocrx_word' id='word_1_33' title='bbox 363 405 620 466; x_wconf 74' lang='grc' dir='ltr'><em>ἀρχαιοτάτῃ</em></span> <span class='ocrx_word' id='word_1_34' title='bbox 640 407 840 463; x_wconf 72' lang='grc' dir='ltr'><em>’χρῆσθαι</em></span> <span class='ocrx_word' id='word_1_35' title='bbox 866 405 1142 464; x_wconf 72' lang='grc' dir='ltr'><em>προσηγορίᾳ,</em></span> <span class='ocrx_word' id='word_1_36' title='bbox 1190 406 1283 447; x_wconf 61' lang='lat' dir='ltr'><strong>§nec</strong></span> <span class='ocrx_word' id='word_1_37' title='bbox 1305 403 1379 446; x_wconf 77' lang='grc' dir='ltr'><em>καὶ</em></span> <span class='ocrx_word' id='word_1_38' title='bbox 1403 407 1616 458; x_wconf 48' lang='lat' dir='ltr'><strong>&amp;yma—C</strong></span> 
     </span>
     <span class='ocr_line' id='line_1_6' title="bbox 109 465 1582 531; baseline -0.005 -14"><span class='ocrx_word' id='word_1_39' title='bbox 109 474 202 531; x_wconf 74' lang='grc' dir='ltr'><strong>ὄφῇ</strong></span> <span class='ocrx_word' id='word_1_40' title='bbox 242 477 401 528; x_wconf 80' lang='grc' dir='ltr'><em>μᾶλλον</em></span> <span class='ocrx_word' id='word_1_41' title='bbox 437 474 648 531; x_wconf 81' lang='grc' dir='ltr'><em>προσήκει.</em></span> <span class='ocrx_word' id='word_1_42' title='bbox 700 471 723 514; x_wconf 79' lang='grc' dir='ltr'><em>ὅ</em></span> <span class='ocrx_word' id='word_1_43' title='bbox 757 470 807 528; x_wconf 69' lang='grc' dir='ltr'><strong>δὴ</strong></span> <span class='ocrx_word' id='word_1_44' title='bbox 837 469 912 514; x_wconf 78' lang='grc' dir='ltr'><em>οὖν</em></span> <span class='ocrx_word' id='word_1_45' title='bbox 955 473 1038 514; x_wconf 79' lang='grc' dir='ltr'><strong>τῶν</strong></span> <span class='ocrx_word' id='word_1_46' title='bbox 1074 471 1297 524; x_wconf 47' lang='grc' dir='ltr'><em>Ῥωμαίων</em></span> <span class='ocrx_word' id='word_1_47' title='bbox 1330 465 1510 526; x_wconf 85' lang='grc' dir='ltr'><em>στρατὸς</em></span> <span class='ocrx_word' id='word_1_48' title='bbox 1537 468 1582 519; x_wconf 75' lang='grc' dir='ltr'><strong>ἐς</strong></span> 
     </span>
     <span class='ocr_line' id='line_1_7' title="bbox 122 534 1581 597; baseline -0.005 -15"><span class='ocrx_word' id='word_1_49' title='bbox 122 536 362 597; x_wconf 82' lang='grc' dir='ltr'><em>Ὀνόγουριν</em></span> <span class='ocrx_word' id='word_1_50' title='bbox 388 540 497 583; x_wconf 84' lang='grc' dir='ltr'><em>ἰέναι</em></span> <span class='ocrx_word' id='word_1_51' title='bbox 523 537 896 595; x_wconf 83' lang='grc' dir='ltr'><em>παρεσκευάζοντο.</em></span> <span class='ocrx_word' id='word_1_52' title='bbox 939 535 976 579; x_wconf 78' lang='grc' dir='ltr'><strong>οἱ</strong></span> <span class='ocrx_word' id='word_1_53' title='bbox 1010 534 1086 592; x_wconf 79' lang='grc' dir='ltr'><em>γάρ</em></span> <span class='ocrx_word' id='word_1_54' title='bbox 1113 537 1189 577; x_wconf 81' lang='grc' dir='ltr'><em>τοῦ</em></span> <span class='ocrx_word' id='word_1_55' title='bbox 1212 535 1451 589; x_wconf 83' lang='grc' dir='ltr'><em>μιάσματος</em></span> <span class='ocrx_word' id='word_1_56' title='bbox 1477 537 1581 588; x_wconf 83' lang='grc' dir='ltr'><em>βου..</em></span> 
     </span>
    </p>

    <p class='ocr_par' dir='ltr' id='par_1_6' title="bbox 127 598 1578 663">
     <span class='ocr_line' id='line_1_8' title="bbox 127 598 1578 663; baseline -0.006 -14"><span class='ocrx_word' id='word_1_57' title='bbox 127 604 309 663; x_wconf 83' lang='grc' dir='ltr'><em>ληφόροι</em></span> <span class='ocrx_word' id='word_1_58' title='bbox 340 609 384 657; x_wconf 79' lang='grc' dir='ltr'><strong>ἐς</strong></span> <span class='ocrx_word' id='word_1_59' title='bbox 408 608 528 649; x_wconf 77' lang='grc' dir='ltr'><em>τοῦτο</em></span> <span class='ocrx_word' id='word_1_60' title='bbox 554 607 780 658; x_wconf 80' lang='grc' dir='ltr'><em>ἐνέκειντο,</em></span> <span class='ocrx_word' id='word_1_61' title='bbox 826 605 1060 655; x_wconf 73' lang='grc' dir='ltr'><em>ἐλπίζοντες</em></span> <span class='ocrx_word' id='word_1_62' title='bbox 1091 599 1246 660; x_wconf 78' lang='grc' dir='ltr'><em>ῥᾳδίως</em></span> <span class='ocrx_word' id='word_1_63' title='bbox 1280 602 1406 643; x_wconf 75' lang='grc' dir='ltr'><em>τοῦτο</em></span> <span class='ocrx_word' id='word_1_64' title='bbox 1443 599 1495 656; x_wconf 67' lang='grc' dir='ltr'><strong>δι’]</strong></span> <span class='ocrx_word' id='word_1_65' title='bbox 1530 598 1578 642; x_wconf 87' lang='grc' dir='ltr'><em>τὸ</em></span> 
     </span>
    </p>

    <p class='ocr_par' dir='ltr' id='par_1_7' title="bbox 129 664 1579 729">
     <span class='ocr_line' id='line_1_9' title="bbox 129 664 1579 729; baseline -0.004 -16"><span class='ocrx_word' id='word_1_66' title='bbox 129 669 336 729; x_wconf 78' lang='grc' dir='ltr'><em>φρούριον</em></span> <span class='ocrx_word' id='word_1_67' title='bbox 364 671 758 728; x_wconf 74' lang='grc' dir='ltr'><em>καταστρέψασθαι·</em></span> <span class='ocrx_word' id='word_1_68' title='bbox 797 670 931 727; x_wconf 74' lang='grc' dir='ltr'><em>ταύτῃ</em></span> <span class='ocrx_word' id='word_1_69' title='bbox 954 685 999 712; x_wconf 87' lang='grc' dir='ltr'><strong>τε</strong></span> <span class='ocrx_word' id='word_1_70' title='bbox 1031 667 1106 711; x_wconf 84' lang='grc' dir='ltr'><strong>τὸν</strong></span> <span class='ocrx_word' id='word_1_71' title='bbox 1130 667 1329 723; x_wconf 84' lang='grc' dir='ltr'><em>βασιλέα,</em></span> <span class='ocrx_word' id='word_1_72' title='bbox 1371 667 1411 708; x_wconf 84' lang='grc' dir='ltr'><em>εἰ</em></span> <span class='ocrx_word' id='word_1_73' title='bbox 1430 664 1504 708; x_wconf 75' lang='grc' dir='ltr'><strong><em>καί</em></strong></span> <span class='ocrx_word' id='word_1_74' title='bbox 1525 665 1579 708; x_wconf 72' lang='grc' dir='ltr'><em>τά</em></span> 
     </span>
    </p>

    <p class='ocr_par' dir='ltr' id='par_1_8' title="bbox 87 731 1583 862">
     <span class='ocr_line' id='line_1_10' title="bbox 128 731 1583 793; baseline -0.004 -15"><span class='ocrx_word' id='word_1_75' title='bbox 128 739 208 779; x_wconf 74' lang='grc' dir='ltr'><em>τοῦ</em></span> <span class='ocrx_word' id='word_1_76' title='bbox 229 737 356 780; x_wconf 82' lang='grc' dir='ltr'><em>’δόλου</em></span> <span class='ocrx_word' id='word_1_77' title='bbox 386 736 527 793; x_wconf 81' lang='grc' dir='ltr'><em>γνοίη,</em></span> <span class='ocrx_word' id='word_1_78' title='bbox 566 735 625 792; x_wconf 76' lang='grc' dir='ltr'><em>μὴ</em></span> <span class='ocrx_word' id='word_1_79' title='bbox 652 735 747 779; x_wconf 79' lang='grc' dir='ltr'><em>λίαν</em></span> <span class='ocrx_word' id='word_1_80' title='bbox 775 731 921 784; x_wconf 67' lang='grc' dir='ltr'><em>αὐτοῖς</em></span> <span class='ocrx_word' id='word_1_81' title='bbox 950 736 1200 790; x_wconf 78' lang='grc' dir='ltr'><em>χαλεπῆναι,</em></span> <span class='ocrx_word' id='word_1_82' title='bbox 1239 731 1344 774; x_wconf 75' lang='grc' dir='ltr'><em>ἀλλὰ</em></span> <span class='ocrx_word' id='word_1_83' title='bbox 1368 734 1420 789; x_wconf 79' lang='grc' dir='ltr'><em>τῇ</em></span> <span class='ocrx_word' id='word_1_84' title='bbox 1440 735 1583 774; x_wconf 80' lang='grc' dir='ltr'><em>τελευ-</em></span> 
     </span>
     <span class='ocr_line' id='line_1_11' title="bbox 87 795 1583 862; baseline -0.001 -20"><span class='ocrx_word' id='word_1_85' title='bbox 87 802 235 862; x_wconf 73' lang='grc' dir='ltr'><em>ιῡταίᾳ</em></span> <span class='ocrx_word' id='word_1_86' title='bbox 263 803 410 860; x_wconf 81' lang='grc' dir='ltr'><em>πράξει</em></span> <span class='ocrx_word' id='word_1_87' title='bbox 430 805 476 846; x_wconf 80' lang='grc' dir='ltr'><em>ἒν</em></span> <span class='ocrx_word' id='word_1_88' title='bbox 500 803 631 860; x_wconf 74' lang='grc' dir='ltr'><em>καιρῷ</em></span> <span class='ocrx_word' id='word_1_89' title='bbox 653 803 885 859; x_wconf 84' lang='grc' dir='ltr'><em>γιγνομένῃ,</em></span> <span class='ocrx_word' id='word_1_90' title='bbox 914 800 961 843; x_wconf 87' lang='grc' dir='ltr'><em>τὸ</em></span> <span class='ocrx_word' id='word_1_91' title='bbox 988 800 1192 855; x_wconf 79' lang='grc' dir='ltr'><em>ἐπίκλημα</em></span> <span class='ocrx_word' id='word_1_92' title='bbox 1211 799 1418 842; x_wconf 76' lang='grc' dir='ltr'><em>διαλῦσαι.</em></span> <span class='ocrx_word' id='word_1_93' title='bbox 1448 795 1583 840; x_wconf 79' lang='grc' dir='ltr'><em>ἅπαν-</em></span> 
     </span>
    </p>

    <p class='ocr_par' dir='ltr' id='par_1_9' title="bbox 131 858 1621 925">
     <span class='ocr_line' id='line_1_12' title="bbox 131 858 1621 925; baseline -0.005 -14"><span class='ocrx_word' id='word_1_94' title='bbox 131 884 201 919; x_wconf 74' lang='grc' dir='ltr'><strong>τες</strong></span> <span class='ocrx_word' id='word_1_95' title='bbox 221 870 443 925; x_wconf 72' lang='grc' dir='ltr'><em>τοιγαροῦν</em></span> <span class='ocrx_word' id='word_1_96' title='bbox 468 870 572 910; x_wconf 80' lang='grc' dir='ltr'><em>οἵτε</em></span> <span class='ocrx_word' id='word_1_97' title='bbox 595 867 822 924; x_wconf 75' lang='grc' dir='ltr'><em>στρατηγοὶ</em></span> <span class='ocrx_word' id='word_1_98' title='bbox 844 867 917 909; x_wconf 83' lang='grc' dir='ltr'><em>καί</em></span> <span class='ocrx_word' id='word_1_99' title='bbox 937 867 980 908; x_wconf 84' lang='grc' dir='ltr'><em>αἱ</em></span> <span class='ocrx_word' id='word_1_100' title='bbox 1002 864 1202 919; x_wconf 85' lang='grc' dir='ltr'><em>δυνάμεις</em></span> <span class='ocrx_word' id='word_1_101' title='bbox 1229 867 1276 907; x_wconf 84' lang='grc' dir='ltr'><strong>έν</strong></span> <span class='ocrx_word' id='word_1_102' title='bbox 1290 865 1348 923; x_wconf 74' lang='grc' dir='ltr'><em>τῷ</em></span> <span class='ocrx_word' id='word_1_103' title='bbox 1381 864 1583 920; x_wconf 75' lang='grc' dir='ltr'><em>Ἀρχαιο-</em></span> <span class='ocrx_word' id='word_1_104' title='bbox 1615 858 1621 866; x_wconf 68' lang='grc'><em>’</em></span> 
     </span>
    </p>

    <p class='ocr_par' dir='ltr' id='par_1_10' title="bbox 134 931 1583 992">
     <span class='ocr_line' id='line_1_13' title="bbox 134 931 1583 992; baseline -0.004 -16"><span class='ocrx_word' id='word_1_105' title='bbox 134 931 294 983; x_wconf 86' lang='grc' dir='ltr'><em>πόλεως</em></span> <span class='ocrx_word' id='word_1_106' title='bbox 313 933 442 992; x_wconf 76' lang='grc' dir='ltr'><em>πεδίῳ</em></span> <span class='ocrx_word' id='word_1_107' title='bbox 472 932 947 991; x_wconf 77' lang='grc' dir='ltr'><em>στρατοπεδευσάμενοι,</em></span> <span class='ocrx_word' id='word_1_108' title='bbox 976 932 1076 980; x_wconf 83' lang='grc' dir='ltr'><em>τούς</em></span> <span class='ocrx_word' id='word_1_109' title='bbox 1101 947 1147 972; x_wconf 92' lang='grc' dir='ltr'><strong>τε</strong></span> <span class='ocrx_word' id='word_1_110' title='bbox 1168 931 1451 984; x_wconf 84' lang='grc' dir='ltr'><em>καλουμένους</em></span> <span class='ocrx_word' id='word_1_111' title='bbox 1472 943 1583 971; x_wconf 88' lang='grc' dir='ltr'><em>σπα-</em></span> 
     </span>
    </p>

    <p class='ocr_par' dir='ltr' id='par_1_11' title="bbox 133 993 1625 1052">
     <span class='ocr_line' id='line_1_14' title="bbox 133 993 1625 1052; baseline -0.003 -12"><span class='ocrx_word' id='word_1_112' title='bbox 133 997 286 1049; x_wconf 82' lang='grc' dir='ltr'><em>λίωνας</em></span> <span class='ocrx_word' id='word_1_113' title='bbox 311 997 612 1052; x_wconf 78' lang='grc' dir='ltr'><em>ἐπεσκεύαζον,</em></span> <span class='ocrx_word' id='word_1_114' title='bbox 652 998 725 1040; x_wconf 77' lang='grc' dir='ltr'><em>καὶ</em></span> <span class='ocrx_word' id='word_1_115' title='bbox 757 997 808 1041; x_wconf 80' lang='grc' dir='ltr'><em>τὰ</em></span> <span class='ocrx_word' id='word_1_116' title='bbox 846 1000 931 1040; x_wconf 76' lang='grc' dir='ltr'><strong>τῶν</strong></span> <span class='ocrx_word' id='word_1_117' title='bbox 956 995 1149 1052; x_wconf 81' lang='grc' dir='ltr'><em>μεγάλων</em></span> <span class='ocrx_word' id='word_1_118' title='bbox 1180 997 1313 1039; x_wconf 81' lang='grc' dir='ltr'><em>λίθων</em></span> <span class='ocrx_word' id='word_1_119' title='bbox 1337 993 1625 1051; x_wconf 75' lang='grc' dir='ltr'><em>άκοντιστῆ-Ῑ)</em></span> 
     </span>
    </p>

    <p class='ocr_par' dir='ltr' id='par_1_12' title="bbox 83 1058 1695 1186">
     <span class='ocr_line' id='line_1_15' title="bbox 134 1058 1695 1121; baseline -0.002 -15"><span class='ocrx_word' id='word_1_120' title='bbox 134 1080 232 1121; x_wconf 86' lang='grc' dir='ltr'><em>ρια,</em></span> <span class='ocrx_word' id='word_1_121' title='bbox 261 1064 334 1107; x_wconf 82' lang='grc' dir='ltr'>καί</span> <span class='ocrx_word' id='word_1_122' title='bbox 354 1060 460 1107; x_wconf 73' lang='grc' dir='ltr'><em>ἄλλα</em></span> <span class='ocrx_word' id='word_1_123' title='bbox 485 1059 593 1107; x_wconf 75' lang='grc' dir='ltr'><em>οἷ’ττα</em></span> <span class='ocrx_word' id='word_1_124' title='bbox 615 1064 753 1106; x_wconf 72' lang='grc' dir='ltr'><em>τοιάδε</em></span> <span class='ocrx_word' id='word_1_125' title='bbox 781 1058 962 1120; x_wconf 66' lang='grc' dir='ltr'><em>ὄργανα,</em></span> <span class='ocrx_word' id='word_1_126' title='bbox 1002 1062 1082 1116; x_wconf 77' lang='grc' dir='ltr'><strong>ὥς,</strong></span> <span class='ocrx_word' id='word_1_127' title='bbox 1121 1063 1162 1104; x_wconf 83' lang='grc' dir='ltr'><em>εἶ</em></span> <span class='ocrx_word' id='word_1_128' title='bbox 1183 1062 1347 1118; x_wconf 68' lang='grc' dir='ltr'><em>δεήσοι,</em></span> <span class='ocrx_word' id='word_1_129' title='bbox 1383 1076 1695 1116; x_wconf 52' lang='lat' dir='ltr'><strong>*saxona—um</strong></span> 
     </span>
     <span class='ocr_line' id='line_1_16' title="bbox 83 1125 1582 1186; baseline -0.002 -14"><span class='ocrx_word' id='word_1_130' title='bbox 83 1126 351 1186; x_wconf 71' lang='grc' dir='ltr'><em>15χήσοντες.</em></span> <span class='ocrx_word' id='word_1_131' title='bbox 379 1129 470 1172; x_wconf 82' lang='grc' dir='ltr'><em>ἔστι</em></span> <span class='ocrx_word' id='word_1_132' title='bbox 499 1131 545 1172; x_wconf 82' lang='grc' dir='ltr'><strong>δὲ</strong></span> <span class='ocrx_word' id='word_1_133' title='bbox 569 1127 591 1172; x_wconf 80' lang='grc' dir='ltr'>ὅ</span> <span class='ocrx_word' id='word_1_134' title='bbox 626 1129 814 1172; x_wconf 87' lang='grc' dir='ltr'><em>σπαλίων</em></span> <span class='ocrx_word' id='word_1_135' title='bbox 841 1131 1003 1183; x_wconf 86' lang='grc' dir='ltr'><em>πλέγμα</em></span> <span class='ocrx_word' id='word_1_136' title='bbox 1027 1129 1073 1170; x_wconf 78' lang='grc' dir='ltr'><strong>ἐκ</strong></span> <span class='ocrx_word' id='word_1_137' title='bbox 1102 1126 1239 1182; x_wconf 83' lang='grc' dir='ltr'><em>λύγων</em></span> <span class='ocrx_word' id='word_1_138' title='bbox 1260 1129 1304 1177; x_wconf 78' lang='grc' dir='ltr'><strong>ἐς</strong></span> <span class='ocrx_word' id='word_1_139' title='bbox 1330 1125 1487 1183; x_wconf 77' lang='grc' dir='ltr'><em>ὀροφῆς</em></span> <span class='ocrx_word' id='word_1_140' title='bbox 1507 1127 1582 1169; x_wconf 79' lang='grc' dir='ltr'><em>τύ-</em></span> 
     </span>
    </p>

    <p class='ocr_par' dir='ltr' id='par_1_13' title="bbox 128 1192 1584 1251">
     <span class='ocr_line' id='line_1_17' title="bbox 128 1192 1584 1251; baseline -0.003 -14"><span class='ocrx_word' id='word_1_141' title='bbox 128 1206 211 1238; x_wconf 86' lang='grc' dir='ltr'><em>·πον</em></span> <span class='ocrx_word' id='word_1_142' title='bbox 231 1196 566 1251; x_wconf 78' lang='grc' dir='ltr'><em>ἐξειργασμένον,</em></span> <span class='ocrx_word' id='word_1_143' title='bbox 610 1194 810 1250; x_wconf 85' lang='grc' dir='ltr'><em>στεγανόν</em></span> <span class='ocrx_word' id='word_1_144' title='bbox 831 1210 876 1236; x_wconf 82' lang='grc' dir='ltr'><strong>τε</strong></span> <span class='ocrx_word' id='word_1_145' title='bbox 908 1197 958 1251; x_wconf 79' lang='grc' dir='ltr'><em>τῇ</em></span> <span class='ocrx_word' id='word_1_146' title='bbox 985 1192 1194 1235; x_wconf 77' lang='grc' dir='ltr'><em>πυκνώσει</em></span> <span class='ocrx_word' id='word_1_147' title='bbox 1219 1195 1292 1235; x_wconf 85' lang='grc' dir='ltr'>καί</span> <span class='ocrx_word' id='word_1_148' title='bbox 1320 1193 1584 1250; x_wconf 80' lang='grc' dir='ltr'><em>ἄμφηρεφὲς,</em></span> 
     </span>
    </p>

    <p class='ocr_par' dir='ltr' id='par_1_14' title="bbox 130 1257 1585 1318">
     <span class='ocr_line' id='line_1_18' title="bbox 130 1257 1585 1318; baseline -0.001 -16"><span class='ocrx_word' id='word_1_149' title='bbox 130 1261 191 1318; x_wconf 74' lang='grc' dir='ltr'><em>τῷ</em></span> <span class='ocrx_word' id='word_1_150' title='bbox 218 1258 478 1317; x_wconf 71' lang='grc' dir='ltr'><em>ἑκατέρωθεν</em></span> <span class='ocrx_word' id='word_1_151' title='bbox 503 1259 554 1303; x_wconf 81' lang='grc' dir='ltr'><em>τὰ</em></span> <span class='ocrx_word' id='word_1_152' title='bbox 580 1259 741 1317; x_wconf 82' lang='grc' dir='ltr'><em>πλευρὰ</em></span> <span class='ocrx_word' id='word_1_153' title='bbox 767 1262 811 1309; x_wconf 81' lang='grc' dir='ltr'><em>ές</em></span> <span class='ocrx_word' id='word_1_154' title='bbox 840 1257 894 1302; x_wconf 77' lang='grc' dir='ltr'><em>τά</em></span> <span class='ocrx_word' id='word_1_155' title='bbox 925 1259 1036 1301; x_wconf 87' lang='grc' dir='ltr'><em>κάτω</em></span> <span class='ocrx_word' id='word_1_156' title='bbox 1064 1257 1390 1315; x_wconf 69' lang='grc' dir='ltr'><em>παρατετάσθαι</em></span> <span class='ocrx_word' id='word_1_157' title='bbox 1416 1257 1488 1301; x_wconf 82' lang='grc' dir='ltr'>καί</span> <span class='ocrx_word' id='word_1_158' title='bbox 1510 1275 1585 1300; x_wconf 87' lang='grc' dir='ltr'><em>πε-</em></span> 
     </span>
    </p>

    <p class='ocr_par' dir='ltr' id='par_1_15' title="bbox 133 1321 1584 1383">
     <span class='ocr_line' id='line_1_19' title="bbox 133 1321 1584 1383; baseline 0 -15"><span class='ocrx_word' id='word_1_159' title='bbox 133 1326 344 1383; x_wconf 83' lang='grc' dir='ltr'><em>ριβάλλειν</em></span> <span class='ocrx_word' id='word_1_160' title='bbox 370 1325 419 1367; x_wconf 86' lang='grc' dir='ltr'><em>τὸ</em></span> <span class='ocrx_word' id='word_1_161' title='bbox 450 1324 748 1383; x_wconf 71' lang='grc' dir='ltr'><em>ὑπερχόμενον.</em></span> <span class='ocrx_word' id='word_1_162' title='bbox 795 1324 959 1382; x_wconf 70' lang='grc' dir='ltr'><em>δέῤῥεις</em></span> <span class='ocrx_word' id='word_1_163' title='bbox 993 1327 1039 1368; x_wconf 85' lang='grc' dir='ltr'><strong>δὲ</strong></span> <span class='ocrx_word' id='word_1_164' title='bbox 1062 1321 1245 1380; x_wconf 72' lang='grc' dir='ltr'><em>ὕπερθεν</em></span> <span class='ocrx_word' id='word_1_165' title='bbox 1270 1326 1343 1367; x_wconf 79' lang='grc' dir='ltr'><em>καί</em></span> <span class='ocrx_word' id='word_1_166' title='bbox 1374 1326 1584 1382; x_wconf 71' lang='grc' dir='ltr'><em>διφθέρας</em></span> 
     </span>
    </p>

    <p class='ocr_par' dir='ltr' id='par_1_16' title="bbox 80 1388 1584 1516">
     <span class='ocr_line' id='line_1_20' title="bbox 131 1388 1584 1448; baseline -0.002 -13"><span class='ocrx_word' id='word_1_167' title='bbox 131 1391 421 1447; x_wconf 75' lang='grc' dir='ltr'><em>ἐπιβάλλοντες</em></span> <span class='ocrx_word' id='word_1_168' title='bbox 453 1391 679 1445; x_wconf 80' lang='grc' dir='ltr'><em>πάντοθεν,</em></span> <span class='ocrx_word' id='word_1_169' title='bbox 726 1391 1083 1448; x_wconf 79' lang='grc' dir='ltr'><em>περικαλύπτουσι</em></span> <span class='ocrx_word' id='word_1_170' title='bbox 1117 1388 1165 1432; x_wconf 87' lang='grc' dir='ltr'><em>τὸ</em></span> <span class='ocrx_word' id='word_1_171' title='bbox 1202 1389 1457 1446; x_wconf 78' lang='grc' dir='ltr'><em>μηχάνημα,</em></span> <span class='ocrx_word' id='word_1_172' title='bbox 1503 1393 1584 1433; x_wconf 78' lang='grc' dir='ltr'><em>τοῦ</em></span> 
     </span>
     <span class='ocr_line' id='line_1_21' title="bbox 80 1452 1583 1516; baseline -0.001 -15"><span class='ocrx_word' id='word_1_173' title='bbox 80 1459 293 1516; x_wconf 60' lang='grc' dir='ltr'><em>πομᾶλλον</em></span> <span class='ocrx_word' id='word_1_174' title='bbox 314 1456 451 1514; x_wconf 78' lang='grc' dir='ltr'><em>ἔρυμα</em></span> <span class='ocrx_word' id='word_1_175' title='bbox 482 1454 590 1500; x_wconf 81' lang='grc' dir='ltr'><em>εἶναι</em></span> <span class='ocrx_word' id='word_1_176' title='bbox 620 1457 694 1499; x_wconf 81' lang='grc' dir='ltr'><em>καί</em></span> <span class='ocrx_word' id='word_1_177' title='bbox 713 1457 961 1513; x_wconf 71' lang='grc' dir='ltr'><em>ἄποκροῦειν</em></span> <span class='ocrx_word' id='word_1_178' title='bbox 983 1454 1036 1498; x_wconf 78' lang='grc' dir='ltr'><em>τὰ</em></span> <span class='ocrx_word' id='word_1_179' title='bbox 1064 1458 1179 1511; x_wconf 82' lang='grc' dir='ltr'><em>βέλη.</em></span> <span class='ocrx_word' id='word_1_180' title='bbox 1220 1452 1368 1512; x_wconf 75' lang='grc' dir='ltr'><em>ἄνδρες</em></span> <span class='ocrx_word' id='word_1_181' title='bbox 1394 1459 1440 1499; x_wconf 83' lang='grc' dir='ltr'><strong>δὲ</strong></span> <span class='ocrx_word' id='word_1_182' title='bbox 1466 1456 1583 1501; x_wconf 81' lang='grc' dir='ltr'><em>ἔνδον</em></span> 
     </span>
    </p>

    <p class='ocr_par' dir='ltr' id='par_1_17' title="bbox 135 1518 1585 1582">
     <span class='ocr_line' id='line_1_22' title="bbox 135 1518 1585 1582; baseline -0.002 -15"><span class='ocrx_word' id='word_1_183' title='bbox 135 1526 182 1567; x_wconf 76' lang='grc' dir='ltr'><em>ἐν</em></span> <span class='ocrx_word' id='word_1_184' title='bbox 205 1525 261 1582; x_wconf 77' lang='grc' dir='ltr'><em>τῷ</em></span> <span class='ocrx_word' id='word_1_185' title='bbox 282 1519 474 1580; x_wconf 80' lang='grc' dir='ltr'><em>ἇσφαλεῖ</em></span> <span class='ocrx_word' id='word_1_186' title='bbox 487 1521 844 1580; x_wconf 76' lang='grc' dir='ltr'><em>ὕποκρυπτὸμενοι</em></span> <span class='ocrx_word' id='word_1_187' title='bbox 858 1556 871 1576; x_wconf 88' lang='grc'><em>,</em></span> <span class='ocrx_word' id='word_1_188' title='bbox 900 1522 1077 1579; x_wconf 81' lang='grc' dir='ltr'><em>αἶ’ρουσί</em></span> <span class='ocrx_word' id='word_1_189' title='bbox 1091 1538 1136 1577; x_wconf 82' lang='grc' dir='ltr'><em>γε</em></span> <span class='ocrx_word' id='word_1_190' title='bbox 1160 1518 1265 1564; x_wconf 77' lang='grc' dir='ltr'><em>αὖτὸ</em></span> <span class='ocrx_word' id='word_1_191' title='bbox 1286 1519 1480 1579; x_wconf 74' lang='grc' dir='ltr'><em>ἀφανῶς,</em></span> <span class='ocrx_word' id='word_1_192' title='bbox 1508 1531 1585 1571; x_wconf 74' lang='grc' dir='ltr'><strong>καί</strong></span> 
     </span>
    </p>
   </div>
   <div class='ocr_carea' id='block_1_3' title="bbox 225 1594 1580 1738">
    <p class='ocr_par' dir='ltr' id='par_1_18' title="bbox 225 1594 1580 1738">
     <span class='ocr_line' id='line_1_23' title="bbox 226 1594 1580 1643; baseline -0.001 -11"><span class='ocrx_word' id='word_1_193' title='bbox 226 1597 262 1642; x_wconf 77' lang='grc'><strong>4.</strong></span> <span class='ocrx_word' id='word_1_194' title='bbox 288 1595 332 1643; x_wconf 79' lang='grc' dir='ltr'><em>τῇ</em></span> <span class='ocrx_word' id='word_1_195' title='bbox 360 1595 581 1641; x_wconf 68' lang='grc' dir='ltr'><em>ἀρχαιότητι</em></span> <span class='ocrx_word' id='word_1_196' title='bbox 606 1597 644 1629; x_wconf 84' lang='grc' dir='ltr'><strong>Β.</strong></span> <span class='ocrx_word' id='word_1_197' title='bbox 751 1598 783 1631; x_wconf 90' lang='lat'><strong>6.</strong></span> <span class='ocrx_word' id='word_1_198' title='bbox 810 1594 1094 1636; x_wconf 79' lang='grc' dir='ltr'><em>ξυνεσκευιέζετο</em></span> <span class='ocrx_word' id='word_1_199' title='bbox 1120 1595 1157 1627; x_wconf 79' lang='lat' dir='ltr'><strong>R.</strong></span> <span class='ocrx_word' id='word_1_200' title='bbox 1280 1607 1331 1630; x_wconf 68' lang='grc' dir='ltr'><strong>ω.</strong></span> <span class='ocrx_word' id='word_1_201' title='bbox 1359 1598 1580 1638; x_wconf 77' lang='grc' dir='ltr'><em>σπαλίωνας</em></span> 
     </span>
     <span class='ocr_line' id='line_1_24' title="bbox 225 1642 1577 1689; baseline -0.001 -12"><span class='ocrx_word' id='word_1_202' title='bbox 225 1645 264 1677; x_wconf 81' lang='lat' dir='ltr'><strong>R.</strong></span> <span class='ocrx_word' id='word_1_203' title='bbox 300 1648 339 1677; x_wconf 87' lang='lat' dir='ltr'><strong>et</strong></span> <span class='ocrx_word' id='word_1_204' title='bbox 363 1642 462 1676; x_wconf 90' lang='lat' dir='ltr'><strong>Suid.</strong></span> <span class='ocrx_word' id='word_1_205' title='bbox 489 1654 514 1675; x_wconf 89' lang='lat' dir='ltr'><strong>s.</strong></span> <span class='ocrx_word' id='word_1_206' title='bbox 540 1653 586 1684; x_wconf 84' lang='lat' dir='ltr'><strong>v.,</strong></span> <span class='ocrx_word' id='word_1_207' title='bbox 611 1643 830 1680; x_wconf 81' lang='grc' dir='ltr'><em>σπαλιῶνας</em></span> <span class='ocrx_word' id='word_1_208' title='bbox 853 1643 946 1686; x_wconf 83' lang='lat' dir='ltr'>vulg.</span> <span class='ocrx_word' id='word_1_209' title='bbox 1093 1642 1142 1686; x_wconf 72' lang='lat'><strong>14.</strong></span> <span class='ocrx_word' id='word_1_210' title='bbox 1170 1643 1512 1689; x_wconf 74' lang='grc' dir='ltr'><em>τειχομαχήσαντες</em></span> <span class='ocrx_word' id='word_1_211' title='bbox 1538 1649 1577 1681; x_wconf 82' lang='grc' dir='ltr'><strong>Β,</strong></span> 
     </span>
     <span class='ocr_line' id='line_1_25' title="bbox 231 1687 1578 1738; baseline -0.003 -14"><span class='ocrx_word' id='word_1_212' title='bbox 231 1700 283 1735; x_wconf 84' lang='lat'><strong>¹7·</strong></span> <span class='ocrx_word' id='word_1_213' title='bbox 310 1689 566 1735; x_wconf 79' lang='grc' dir='ltr'><em>παραβάλλειν</em></span> <span class='ocrx_word' id='word_1_214' title='bbox 590 1689 693 1726; x_wconf 85' lang='lat' dir='ltr'><strong>Suid.</strong></span> <span class='ocrx_word' id='word_1_215' title='bbox 801 1701 855 1724; x_wconf 70' lang='grc' dir='ltr'><strong>αι.</strong></span> <span class='ocrx_word' id='word_1_216' title='bbox 871 1689 1025 1734; x_wconf 84' lang='grc' dir='ltr'><em>αἴρουσί</em></span> <span class='ocrx_word' id='word_1_217' title='bbox 1048 1697 1086 1722; x_wconf 85' lang='grc' dir='ltr'><strong>τε</strong></span> <span class='ocrx_word' id='word_1_218' title='bbox 1120 1687 1219 1722; x_wconf 88' lang='lat' dir='ltr'><strong>Suid.</strong></span> <span class='ocrx_word' id='word_1_219' title='bbox 1325 1691 1390 1724; x_wconf 76' lang='lat' dir='ltr'><strong>Pro</strong></span> <span class='ocrx_word' id='word_1_220' title='bbox 1416 1690 1578 1738; x_wconf 61' lang='grc' dir='ltr'><em>ἀφανῶς</em></span> 
     </span>
    </p>
   </div>
   <div class='ocr_carea' id='block_1_4' title="bbox 225 1735 536 1782">
    <p class='ocr_par' dir='ltr' id='par_1_19' title="bbox 225 1735 536 1782">
     <span class='ocr_line' id='line_1_26' title="bbox 225 1735 536 1782; baseline -0.003 -12"><span class='ocrx_word' id='word_1_221' title='bbox 225 1735 325 1770; x_wconf 82' lang='lat' dir='ltr'><strong>Suid.</strong></span> <span class='ocrx_word' id='word_1_222' title='bbox 350 1737 536 1782; x_wconf 81' lang='grc' dir='ltr'><em>φανερῶς.</em></span> 
     </span>
    </p>
   </div>
   <div class='ocr_carea' id='block_1_5' title="bbox 130 1823 1577 2757">
    <p class='ocr_par' dir='ltr' id='par_1_20' title="bbox 130 1823 1577 2757">
     <span class='ocr_line' id='line_1_27' title="bbox 133 1823 1577 1874; baseline -0.001 -11"><span class='ocrx_word' id='word_1_223' title='bbox 133 1827 216 1863; x_wconf 82' lang='lat' dir='ltr'><strong>dem</strong></span> <span class='ocrx_word' id='word_1_224' title='bbox 234 1827 390 1874; x_wconf 85' lang='lat' dir='ltr'><strong>primum</strong></span> <span class='ocrx_word' id='word_1_225' title='bbox 409 1825 498 1860; x_wconf 90' lang='lat' dir='ltr'><strong>olim</strong></span> <span class='ocrx_word' id='word_1_226' title='bbox 520 1826 623 1859; x_wconf 87' lang='lat' dir='ltr'><strong>aiunt</strong></span> <span class='ocrx_word' id='word_1_227' title='bbox 641 1837 706 1871; x_wconf 89' lang='lat' dir='ltr'><strong>pro</strong></span> <span class='ocrx_word' id='word_1_228' title='bbox 740 1823 955 1859; x_wconf 76' lang='lat' dir='ltr'><strong>Christianis</strong></span> <span class='ocrx_word' id='word_1_229' title='bbox 980 1825 1115 1870; x_wconf 86' lang='lat' dir='ltr'><strong>optime</strong></span> <span class='ocrx_word' id='word_1_230' title='bbox 1139 1824 1382 1859; x_wconf 76' lang='lat' dir='ltr'><strong>sentientibus</strong></span> <span class='ocrx_word' id='word_1_231' title='bbox 1407 1827 1577 1862; x_wconf 79' lang='lat' dir='ltr'><strong>volunta·</strong></span> 
     </span>
     <span class='ocr_line' id='line_1_28' title="bbox 134 1871 1575 1916; baseline -0.001 -7"><span class='ocrx_word' id='word_1_232' title='bbox 134 1876 228 1909; x_wconf 82' lang='lat' dir='ltr'><strong>rium</strong></span> <span class='ocrx_word' id='word_1_233' title='bbox 256 1879 436 1909; x_wconf 84' lang='lat' dir='ltr'><strong>certamen</strong></span> <span class='ocrx_word' id='word_1_234' title='bbox 464 1873 679 1913; x_wconf 77' lang='lat' dir='ltr'><strong>adeuntem,</strong></span> <span class='ocrx_word' id='word_1_235' title='bbox 713 1871 895 1916; x_wconf 83' lang='lat' dir='ltr'>lapidibus</span> <span class='ocrx_word' id='word_1_236' title='bbox 933 1871 978 1905; x_wconf 86' lang='lat' dir='ltr'><strong>ab</strong></span> <span class='ocrx_word' id='word_1_237' title='bbox 1014 1872 1223 1905; x_wconf 82' lang='lat' dir='ltr'><strong>adversariis</strong></span> <span class='ocrx_word' id='word_1_238' title='bbox 1252 1871 1422 1905; x_wconf 88' lang='lat' dir='ltr'><strong>obrutum</strong></span> <span class='ocrx_word' id='word_1_239' title='bbox 1449 1874 1575 1914; x_wconf 83' lang='lat' dir='ltr'><strong>fuisse,</strong></span> 
     </span>
     <span class='ocr_line' id='line_1_29' title="bbox 134 1919 1575 1963; baseline -0.001 -7"><span class='ocrx_word' id='word_1_240' title='bbox 134 1926 305 1956; x_wconf 67' lang='lat' dir='ltr'><strong>statutum</strong></span> <span class='ocrx_word' id='word_1_241' title='bbox 324 1926 378 1954; x_wconf 85' lang='lat' dir='ltr'><strong>est</strong></span> <span class='ocrx_word' id='word_1_242' title='bbox 394 1926 437 1954; x_wconf 85' lang='lat' dir='ltr'><strong>ut</strong></span> <span class='ocrx_word' id='word_1_243' title='bbox 458 1931 502 1954; x_wconf 80' lang='lat' dir='ltr'><strong>ex</strong></span> <span class='ocrx_word' id='word_1_244' title='bbox 526 1920 626 1954; x_wconf 87' lang='lat' dir='ltr'><strong>illius</strong></span> <span class='ocrx_word' id='word_1_245' title='bbox 652 1920 799 1952; x_wconf 89' lang='lat' dir='ltr'><strong>nomine</strong></span> <span class='ocrx_word' id='word_1_246' title='bbox 828 1920 926 1952; x_wconf 87' lang='lat' dir='ltr'><strong>locus</strong></span> <span class='ocrx_word' id='word_1_247' title='bbox 953 1919 1233 1962; x_wconf 79' lang='lat' dir='ltr'><strong>appellationem</strong></span> <span class='ocrx_word' id='word_1_248' title='bbox 1263 1920 1452 1963; x_wconf 81' lang='lat' dir='ltr'><strong>acciperet.</strong></span> <span class='ocrx_word' id='word_1_249' title='bbox 1500 1921 1575 1955; x_wconf 83' lang='lat' dir='ltr'><strong>Nos</strong></span> 
     </span>
     <span class='ocr_line' id='line_1_30' title="bbox 134 1965 1575 2012; baseline 0.001 -12"><span class='ocrx_word' id='word_1_250' title='bbox 134 1979 218 2003; x_wconf 79' lang='lat' dir='ltr'><strong>vero</strong></span> <span class='ocrx_word' id='word_1_251' title='bbox 236 1968 343 2008; x_wconf 81' lang='lat' dir='ltr'><strong>nihil,</strong></span> <span class='ocrx_word' id='word_1_252' title='bbox 358 1966 525 2008; x_wconf 83' lang='lat' dir='ltr'><strong>arbitror,</strong></span> <span class='ocrx_word' id='word_1_253' title='bbox 544 1971 652 2007; x_wconf 82' lang='lat' dir='ltr'><strong>vetat,</strong></span> <span class='ocrx_word' id='word_1_254' title='bbox 669 1977 740 2012; x_wconf 90' lang='lat' dir='ltr'><strong>quo</strong></span> <span class='ocrx_word' id='word_1_255' title='bbox 757 1965 875 1999; x_wconf 86' lang='lat' dir='ltr'><strong>minus</strong></span> <span class='ocrx_word' id='word_1_256' title='bbox 898 1965 1139 1998; x_wconf 83' lang='lat' dir='ltr'><strong>vetustissima</strong></span> <span class='ocrx_word' id='word_1_257' title='bbox 1153 1965 1399 2009; x_wconf 83' lang='lat' dir='ltr'><strong>appellatione</strong></span> <span class='ocrx_word' id='word_1_258' title='bbox 1418 1967 1575 2001; x_wconf 83' lang='lat' dir='ltr'><strong>notitiae</strong></span> 
     </span>
     <span class='ocr_line' id='line_1_31' title="bbox 137 2012 1575 2056; baseline 0 -9"><span class='ocrx_word' id='word_1_259' title='bbox 137 2025 238 2048; x_wconf 79' lang='lat' dir='ltr'><strong>causa</strong></span> <span class='ocrx_word' id='word_1_260' title='bbox 270 2021 424 2054; x_wconf 80' lang='lat' dir='ltr'><strong>utamur,</strong></span> <span class='ocrx_word' id='word_1_261' title='bbox 462 2025 542 2047; x_wconf 91' lang='lat' dir='ltr'><strong>cum</strong></span> <span class='ocrx_word' id='word_1_262' title='bbox 576 2013 685 2046; x_wconf 87' lang='lat' dir='ltr'><strong>etiam</strong></span> <span class='ocrx_word' id='word_1_263' title='bbox 719 2012 892 2045; x_wconf 79' lang='lat' dir='ltr'><strong>historiae</strong></span> <span class='ocrx_word' id='word_1_264' title='bbox 922 2013 1032 2056; x_wconf 84' lang='lat' dir='ltr'><strong>magis</strong></span> <span class='ocrx_word' id='word_1_265' title='bbox 1072 2013 1271 2045; x_wconf 82' lang='lat' dir='ltr'><strong>conveniat.</strong></span> <span class='ocrx_word' id='word_1_266' title='bbox 1333 2013 1575 2048; x_wconf 87' lang='lat' dir='ltr'><strong>Romanorum</strong></span> 
     </span>
     <span class='ocr_line' id='line_1_32' title="bbox 136 2059 1573 2107; baseline -0.001 -12"><span class='ocrx_word' id='word_1_267' title='bbox 136 2061 261 2107; x_wconf 82' lang='lat' dir='ltr'><strong>itaque</strong></span> <span class='ocrx_word' id='word_1_268' title='bbox 293 2062 470 2095; x_wconf 80' lang='lat' dir='ltr'><strong>exercitus</strong></span> <span class='ocrx_word' id='word_1_269' title='bbox 502 2059 772 2106; x_wconf 80' lang='lat' dir='ltr'><strong>expeditionem</strong></span> <span class='ocrx_word' id='word_1_270' title='bbox 812 2059 1010 2103; x_wconf 84' lang='lat' dir='ltr'><strong>Onogurim</strong></span> <span class='ocrx_word' id='word_1_271' title='bbox 1042 2069 1164 2091; x_wconf 86' lang='lat' dir='ltr'><strong>versus</strong></span> <span class='ocrx_word' id='word_1_272' title='bbox 1194 2059 1406 2103; x_wconf 76' lang='lat' dir='ltr'><strong>apparabat3</strong></span> <span class='ocrx_word' id='word_1_273' title='bbox 1454 2061 1573 2093; x_wconf 75' lang='lat' dir='ltr'><strong>caedis</strong></span> 
     </span>
     <span class='ocr_line' id='line_1_33' title="bbox 136 2105 1573 2152; baseline -0.001 -11"><span class='ocrx_word' id='word_1_274' title='bbox 136 2109 233 2141; x_wconf 84' lang='lat' dir='ltr'><strong>enim</strong></span> <span class='ocrx_word' id='word_1_275' title='bbox 257 2113 417 2142; x_wconf 82' lang='lat' dir='ltr'><strong>auctores</strong></span> <span class='ocrx_word' id='word_1_276' title='bbox 445 2107 514 2140; x_wconf 87' lang='lat' dir='ltr'><strong>hoc</strong></span> <span class='ocrx_word' id='word_1_277' title='bbox 533 2106 728 2152; x_wconf 82' lang='lat' dir='ltr'><strong>urgebant,</strong></span> <span class='ocrx_word' id='word_1_278' title='bbox 759 2111 942 2151; x_wconf 82' lang='lat' dir='ltr'><strong>sperantes</strong></span> <span class='ocrx_word' id='word_1_279' title='bbox 968 2105 1074 2137; x_wconf 84' lang='lat' dir='ltr'><strong>facile</strong></span> <span class='ocrx_word' id='word_1_280' title='bbox 1099 2116 1137 2138; x_wconf 91' lang='lat' dir='ltr'><strong>se</strong></span> <span class='ocrx_word' id='word_1_281' title='bbox 1165 2106 1473 2150; x_wconf 72' lang='lat' dir='ltr'><strong>propugnaculum</strong></span> <span class='ocrx_word' id='word_1_282' title='bbox 1502 2106 1573 2140; x_wconf 90' lang='lat' dir='ltr'><strong>hoc</strong></span> 
     </span>
     <span class='ocr_line' id='line_1_34' title="bbox 135 2152 1572 2199; baseline 0.001 -13"><span class='ocrx_word' id='word_1_283' title='bbox 135 2155 175 2187; x_wconf 87' lang='lat' dir='ltr'><strong>in</strong></span> <span class='ocrx_word' id='word_1_284' title='bbox 199 2159 412 2199; x_wconf 76' lang='lat' dir='ltr'><strong>potestatem</strong></span> <span class='ocrx_word' id='word_1_285' title='bbox 442 2165 541 2187; x_wconf 81' lang='lat' dir='ltr'><strong>suam</strong></span> <span class='ocrx_word' id='word_1_286' title='bbox 563 2153 786 2194; x_wconf 68' lang='lat' dir='ltr'><strong>redacturos,</strong></span> <span class='ocrx_word' id='word_1_287' title='bbox 812 2163 928 2198; x_wconf 87' lang='lat' dir='ltr'><strong>eoque</strong></span> <span class='ocrx_word' id='word_1_288' title='bbox 953 2152 1223 2196; x_wconf 77' lang='lat' dir='ltr'><strong>Imperatorem,</strong></span> <span class='ocrx_word' id='word_1_289' title='bbox 1253 2153 1360 2186; x_wconf 86' lang='lat' dir='ltr'><strong>etiam</strong></span> <span class='ocrx_word' id='word_1_290' title='bbox 1384 2153 1572 2188; x_wconf 84' lang='lat' dir='ltr'><strong>intellecta</strong></span> 
     </span>
     <span class='ocr_line' id='line_1_35' title="bbox 136 2198 1573 2245; baseline -0.001 -11"><span class='ocrx_word' id='word_1_291' title='bbox 136 2201 274 2242; x_wconf 68' lang='lat' dir='ltr'><strong>fraude,</strong></span> <span class='ocrx_word' id='word_1_292' title='bbox 291 2212 366 2235; x_wconf 88' lang='lat' dir='ltr'><strong>nou</strong></span> <span class='ocrx_word' id='word_1_293' title='bbox 383 2211 595 2245; x_wconf 84' lang='lat' dir='ltr'><strong>magnopere</strong></span> <span class='ocrx_word' id='word_1_294' title='bbox 621 2200 710 2245; x_wconf 90' lang='lat' dir='ltr'><strong>ipsis</strong></span> <span class='ocrx_word' id='word_1_295' title='bbox 732 2200 916 2232; x_wconf 78' lang='lat' dir='ltr'><strong>infensum</strong></span> <span class='ocrx_word' id='word_1_296' title='bbox 937 2199 1026 2238; x_wconf 86' lang='lat' dir='ltr'><strong>fore,</strong></span> <span class='ocrx_word' id='word_1_297' title='bbox 1052 2198 1116 2231; x_wconf 89' lang='lat' dir='ltr'><strong>sed</strong></span> <span class='ocrx_word' id='word_1_298' title='bbox 1147 2199 1320 2243; x_wconf 81' lang='lat' dir='ltr'><strong>postremi</strong></span> <span class='ocrx_word' id='word_1_299' title='bbox 1346 2198 1453 2232; x_wconf 83' lang='lat' dir='ltr'><strong>huius</strong></span> <span class='ocrx_word' id='word_1_300' title='bbox 1483 2200 1573 2234; x_wconf 87' lang='lat' dir='ltr'><strong>facti</strong></span> 
     </span>
     <span class='ocr_line' id='line_1_36' title="bbox 136 2244 1572 2292; baseline -0.001 -11"><span class='ocrx_word' id='word_1_301' title='bbox 136 2248 405 2292; x_wconf 84' lang='lat' dir='ltr'><strong>opportunitate</strong></span> <span class='ocrx_word' id='word_1_302' title='bbox 426 2248 531 2281; x_wconf 85' lang='lat' dir='ltr'><strong>facile</strong></span> <span class='ocrx_word' id='word_1_303' title='bbox 549 2258 692 2280; x_wconf 88' lang='lat' dir='ltr'><strong>omnem</strong></span> <span class='ocrx_word' id='word_1_304' title='bbox 708 2246 995 2279; x_wconf 82' lang='lat' dir='ltr'><strong>criminationem</strong></span> <span class='ocrx_word' id='word_1_305' title='bbox 1010 2244 1072 2277; x_wconf 85' lang='lat' dir='ltr'><strong>abs</strong></span> <span class='ocrx_word' id='word_1_306' title='bbox 1093 2255 1169 2278; x_wconf 88' lang='lat' dir='ltr'><strong>sese</strong></span> <span class='ocrx_word' id='word_1_307' title='bbox 1189 2251 1398 2279; x_wconf 85' lang='lat' dir='ltr'><strong>remoturos.</strong></span> <span class='ocrx_word' id='word_1_308' title='bbox 1437 2246 1572 2280; x_wconf 80' lang='lat' dir='ltr'><strong>Omnes</strong></span> 
     </span>
     <span class='ocr_line' id='line_1_37' title="bbox 135 2290 1570 2340; baseline -0.001 -12"><span class='ocrx_word' id='word_1_309' title='bbox 135 2295 259 2340; x_wconf 80' lang='lat' dir='ltr'><strong>itaque</strong></span> <span class='ocrx_word' id='word_1_310' title='bbox 285 2300 323 2328; x_wconf 90' lang='lat' dir='ltr'><strong>et</strong></span> <span class='ocrx_word' id='word_1_311' title='bbox 355 2294 526 2339; x_wconf 85' lang='lat' dir='ltr'><strong>praefecti</strong></span> <span class='ocrx_word' id='word_1_312' title='bbox 546 2298 582 2326; x_wconf 91' lang='lat' dir='ltr'><strong>et</strong></span> <span class='ocrx_word' id='word_1_313' title='bbox 609 2295 747 2338; x_wconf 85' lang='lat' dir='ltr'><strong>copiae,</strong></span> <span class='ocrx_word' id='word_1_314' title='bbox 773 2293 896 2326; x_wconf 87' lang='lat' dir='ltr'><strong>castris</strong></span> <span class='ocrx_word' id='word_1_315' title='bbox 927 2292 966 2324; x_wconf 92' lang='lat' dir='ltr'><strong>in</strong></span> <span class='ocrx_word' id='word_1_316' title='bbox 994 2290 1250 2336; x_wconf 83' lang='lat' dir='ltr'><strong>Archaeopolis</strong></span> <span class='ocrx_word' id='word_1_317' title='bbox 1276 2304 1399 2337; x_wconf 83' lang='lat' dir='ltr'><strong>campo</strong></span> <span class='ocrx_word' id='word_1_318' title='bbox 1426 2294 1570 2337; x_wconf 89' lang='lat' dir='ltr'><strong>positis,</strong></span> 
     </span>
     <span class='ocr_line' id='line_1_38' title="bbox 135 2338 1570 2384; baseline -0.001 -10"><span class='ocrx_word' id='word_1_319' title='bbox 135 2340 336 2374; x_wconf 79' lang='lat' dir='ltr'><strong>testudines</strong></span> <span class='ocrx_word' id='word_1_320' title='bbox 369 2341 419 2373; x_wconf 84' lang='lat' dir='ltr'><strong>ita</strong></span> <span class='ocrx_word' id='word_1_321' title='bbox 457 2339 570 2373; x_wconf 80' lang='lat' dir='ltr'><strong>dictas</strong></span> <span class='ocrx_word' id='word_1_322' title='bbox 603 2339 828 2384; x_wconf 82' lang='lat' dir='ltr'><strong>apparabant</strong></span> <span class='ocrx_word' id='word_1_323' title='bbox 867 2343 904 2372; x_wconf 85' lang='lat' dir='ltr'><strong>et</strong></span> <span class='ocrx_word' id='word_1_324' title='bbox 932 2339 1114 2371; x_wconf 84' lang='lat' dir='ltr'><strong>machinas</strong></span> <span class='ocrx_word' id='word_1_325' title='bbox 1153 2338 1337 2379; x_wconf 19' lang='lat' dir='ltr'><strong>iaciendis,</strong></span> <span class='ocrx_word' id='word_1_326' title='bbox 1360 2340 1570 2384; x_wconf 82' lang='lat' dir='ltr'><strong>ingentibus</strong></span> 
     </span>
     <span class='ocr_line' id='line_1_39' title="bbox 135 2385 1570 2431; baseline -0.001 -10"><span class='ocrx_word' id='word_1_327' title='bbox 135 2386 235 2421; x_wconf 83' lang='lat' dir='ltr'><strong>saxis&#39;</strong></span> <span class='ocrx_word' id='word_1_328' title='bbox 250 2388 390 2431; x_wconf 81' lang='lat' dir='ltr'><strong>aliaque</strong></span> <span class='ocrx_word' id='word_1_329' title='bbox 414 2386 452 2420; x_wconf 82' lang='lat' dir='ltr'><strong>id</strong></span> <span class='ocrx_word' id='word_1_330' title='bbox 467 2397 577 2428; x_wconf 87' lang='lat' dir='ltr'><strong>genus</strong></span> <span class='ocrx_word' id='word_1_331' title='bbox 598 2387 846 2424; x_wconf 79' lang='lat' dir='ltr'><strong>iustrumenta,</strong></span> <span class='ocrx_word' id='word_1_332' title='bbox 872 2389 1060 2430; x_wconf 79' lang='lat' dir='ltr'><strong>tanquam,</strong></span> <span class='ocrx_word' id='word_1_333' title='bbox 1085 2385 1115 2418; x_wconf 87' lang='lat' dir='ltr'><strong>si</strong></span> <span class='ocrx_word' id='word_1_334' title='bbox 1139 2397 1247 2429; x_wconf 82' lang='lat' dir='ltr'><strong>opus,</strong></span> <span class='ocrx_word' id='word_1_335' title='bbox 1282 2397 1422 2418; x_wconf 89' lang='lat' dir='ltr'><strong>murum</strong></span> <span class='ocrx_word' id='word_1_336' title='bbox 1450 2398 1570 2431; x_wconf 93' lang='lat' dir='ltr'><strong>oppu-</strong></span> 
     </span>
     <span class='ocr_line' id='line_1_40' title="bbox 134 2432 1570 2478; baseline -0.001 -10"><span class='ocrx_word' id='word_1_337' title='bbox 134 2435 287 2478; x_wconf 83' lang='lat' dir='ltr'><strong>gnaturi.</strong></span> <span class='ocrx_word' id='word_1_338' title='bbox 337 2433 399 2466; x_wconf 86' lang='lat' dir='ltr'><strong>Est</strong></span> <span class='ocrx_word' id='word_1_339' title='bbox 422 2439 542 2465; x_wconf 80' lang='lat' dir='ltr'><strong>autem</strong></span> <span class='ocrx_word' id='word_1_340' title='bbox 574 2432 715 2465; x_wconf 80' lang='lat' dir='ltr'><strong>testudo</strong></span> <span class='ocrx_word' id='word_1_341' title='bbox 754 2438 893 2465; x_wconf 83' lang='lat' dir='ltr'><strong>textum</strong></span> <span class='ocrx_word' id='word_1_342' title='bbox 919 2432 1099 2476; x_wconf 78' lang='lat' dir='ltr'><strong>quoddam</strong></span> <span class='ocrx_word' id='word_1_343' title='bbox 1137 2443 1156 2465; x_wconf 91' lang='lat' dir='ltr'><strong>e</strong></span> <span class='ocrx_word' id='word_1_344' title='bbox 1177 2433 1374 2465; x_wconf 83' lang='lat' dir='ltr'><strong>viminibus</strong></span> <span class='ocrx_word' id='word_1_345' title='bbox 1405 2433 1450 2466; x_wconf 87' lang='lat' dir='ltr'><strong>ad</strong></span> <span class='ocrx_word' id='word_1_346' title='bbox 1483 2433 1570 2466; x_wconf 86' lang='lat' dir='ltr'><strong>tecti</strong></span> 
     </span>
     <span class='ocr_line' id='line_1_41' title="bbox 134 2478 1568 2524; baseline -0.003 -10"><span class='ocrx_word' id='word_1_347' title='bbox 134 2483 248 2514; x_wconf 84' lang='lat' dir='ltr'><strong>instar</strong></span> <span class='ocrx_word' id='word_1_348' title='bbox 262 2481 485 2519; x_wconf 86' lang='lat' dir='ltr'><strong>confectum,</strong></span> <span class='ocrx_word' id='word_1_349' title='bbox 510 2479 787 2524; x_wconf 83' lang='lat' dir='ltr'><strong>impenetrabile</strong></span> <span class='ocrx_word' id='word_1_350' title='bbox 810 2478 956 2524; x_wconf 72' lang='lat' dir='ltr'><strong>quidem</strong></span> <span class='ocrx_word' id='word_1_351' title='bbox 981 2489 1067 2522; x_wconf 87' lang='lat' dir='ltr'><strong>prae</strong></span> <span class='ocrx_word' id='word_1_352' title='bbox 1086 2478 1264 2512; x_wconf 82' lang='lat' dir='ltr'><strong>densitate</strong></span> <span class='ocrx_word' id='word_1_353' title='bbox 1287 2485 1323 2511; x_wconf 84' lang='lat' dir='ltr'><strong>et</strong></span> <span class='ocrx_word' id='word_1_354' title='bbox 1343 2480 1568 2523; x_wconf 82' lang='lat' dir='ltr'><strong>circumqua-</strong></span> 
     </span>
     <span class='ocr_line' id='line_1_42' title="bbox 134 2524 1568 2573; baseline -0.003 -12"><span class='ocrx_word' id='word_1_355' title='bbox 134 2539 205 2573; x_wconf 89' lang='lat' dir='ltr'><strong>que</strong></span> <span class='ocrx_word' id='word_1_356' title='bbox 236 2527 439 2566; x_wconf 88' lang='lat' dir='ltr'><strong>obtectum,</strong></span> <span class='ocrx_word' id='word_1_357' title='bbox 479 2530 520 2558; x_wconf 87' lang='lat' dir='ltr'><strong>ut</strong></span> <span class='ocrx_word' id='word_1_358' title='bbox 555 2526 726 2571; x_wconf 83' lang='lat' dir='ltr'><strong>utrinque</strong></span> <span class='ocrx_word' id='word_1_359' title='bbox 755 2526 929 2558; x_wconf 81' lang='lat' dir='ltr'><strong>lateribus</strong></span> <span class='ocrx_word' id='word_1_360' title='bbox 961 2524 1127 2557; x_wconf 74' lang='lat' dir='ltr'><strong>deorsum</strong></span> <span class='ocrx_word' id='word_1_361' title='bbox 1162 2527 1337 2569; x_wconf 78' lang='lat' dir='ltr'><strong>poi-rectis</strong></span> <span class='ocrx_word' id='word_1_362' title='bbox 1370 2526 1568 2558; x_wconf 82' lang='lat' dir='ltr'><strong>subeuntes</strong></span> 
     </span>
     <span class='ocr_line' id='line_1_43' title="bbox 132 2571 1566 2617; baseline -0.003 -9"><span class='ocrx_word' id='word_1_363' title='bbox 132 2573 346 2608; x_wconf 87' lang='lat' dir='ltr'><strong>circumdet:</strong></span> <span class='ocrx_word' id='word_1_364' title='bbox 382 2571 541 2615; x_wconf 85' lang='lat' dir='ltr'><strong>pellibus</strong></span> <span class='ocrx_word' id='word_1_365' title='bbox 567 2581 649 2604; x_wconf 90' lang='lat' dir='ltr'><strong>vero</strong></span> <span class='ocrx_word' id='word_1_366' title='bbox 685 2571 839 2616; x_wconf 85' lang='lat' dir='ltr'><strong>desuper</strong></span> <span class='ocrx_word' id='word_1_367' title='bbox 868 2577 905 2604; x_wconf 87' lang='lat' dir='ltr'><strong>et</strong></span> <span class='ocrx_word' id='word_1_368' title='bbox 931 2572 1036 2604; x_wconf 80' lang='lat' dir='ltr'><strong>coriis</strong></span> <span class='ocrx_word' id='word_1_369' title='bbox 1074 2573 1171 2604; x_wconf 87' lang='lat' dir='ltr'><strong>omni</strong></span> <span class='ocrx_word' id='word_1_370' title='bbox 1202 2583 1245 2604; x_wconf 82' lang='lat' dir='ltr'><strong>ex</strong></span> <span class='ocrx_word' id='word_1_371' title='bbox 1280 2577 1380 2617; x_wconf 82' lang='lat' dir='ltr'><strong>parte</strong></span> <span class='ocrx_word' id='word_1_372' title='bbox 1421 2572 1566 2604; x_wconf 83' lang='lat' dir='ltr'><strong>iniectis</strong></span> 
     </span>
     <span class='ocr_line' id='line_1_44' title="bbox 131 2617 1567 2663; baseline -0.001 -9"><span class='ocrx_word' id='word_1_373' title='bbox 131 2620 334 2654; x_wconf 82' lang='lat' dir='ltr'><strong>machinam</strong></span> <span class='ocrx_word' id='word_1_374' title='bbox 358 2618 553 2662; x_wconf 82' lang='lat' dir='ltr'><strong>obtegunt,</strong></span> <span class='ocrx_word' id='word_1_375' title='bbox 586 2623 628 2650; x_wconf 89' lang='lat' dir='ltr'><strong>ut</strong></span> <span class='ocrx_word' id='word_1_376' title='bbox 646 2618 820 2651; x_wconf 85' lang='lat' dir='ltr'><strong>munitior</strong></span> <span class='ocrx_word' id='word_1_377' title='bbox 849 2619 897 2651; x_wconf 82' lang='lat' dir='ltr'><strong>sit</strong></span> <span class='ocrx_word' id='word_1_378' title='bbox 934 2619 1083 2663; x_wconf 85' lang='lat' dir='ltr'><strong>telaque</strong></span> <span class='ocrx_word' id='word_1_379' title='bbox 1114 2619 1276 2662; x_wconf 82' lang='lat' dir='ltr'><strong>repellat.</strong></span> <span class='ocrx_word' id='word_1_380' title='bbox 1335 2617 1414 2650; x_wconf 87' lang='lat' dir='ltr'><strong>Viri</strong></span> <span class='ocrx_word' id='word_1_381' title='bbox 1446 2623 1567 2652; x_wconf 81' lang='lat' dir='ltr'><strong>autem</strong></span> 
     </span>
     <span class='ocr_line' id='line_1_45' title="bbox 130 2664 1567 2709; baseline -0.001 -9"><span class='ocrx_word' id='word_1_382' title='bbox 130 2666 228 2700; x_wconf 75' lang='lat' dir='ltr'><strong>intus</strong></span> <span class='ocrx_word' id='word_1_383' title='bbox 249 2668 290 2700; x_wconf 87' lang='lat' dir='ltr'><strong>in</strong></span> <span class='ocrx_word' id='word_1_384' title='bbox 317 2671 397 2700; x_wconf 85' lang='lat' dir='ltr'><strong>tuto</strong></span> <span class='ocrx_word' id='word_1_385' title='bbox 423 2664 675 2698; x_wconf 84' lang='lat' dir='ltr'><strong>delitescentes</strong></span> <span class='ocrx_word' id='word_1_386' title='bbox 713 2675 790 2696; x_wconf 83' lang='lat' dir='ltr'><strong>eam</strong></span> <span class='ocrx_word' id='word_1_387' title='bbox 809 2664 1010 2698; x_wconf 88' lang='lat' dir='ltr'><strong>clanculum</strong></span> <span class='ocrx_word' id='word_1_388' title='bbox 1047 2665 1239 2705; x_wconf 84' lang='lat' dir='ltr'><strong>attollunt,</strong></span> <span class='ocrx_word' id='word_1_389' title='bbox 1277 2668 1314 2697; x_wconf 89' lang='lat' dir='ltr'><strong>et</strong></span> <span class='ocrx_word' id='word_1_390' title='bbox 1342 2675 1413 2709; x_wconf 90' lang='lat' dir='ltr'><strong>quo</strong></span> <span class='ocrx_word' id='word_1_391' title='bbox 1438 2665 1567 2698; x_wconf 80' lang='lat' dir='ltr'><strong>volunt</strong></span> 
     </span>
     <span class='ocr_line' id='line_1_46' title="bbox 132 2709 1567 2757; baseline -0.003 -9"><span class='ocrx_word' id='word_1_392' title='bbox 132 2713 369 2756; x_wconf 75' lang='lat' dir='ltr'><strong>transferunt3</strong></span> <span class='ocrx_word' id='word_1_393' title='bbox 400 2711 466 2747; x_wconf 86' lang='lat' dir='ltr'><strong>ubi</strong></span> <span class='ocrx_word' id='word_1_394' title='bbox 489 2721 572 2745; x_wconf 85' lang='lat' dir='ltr'><strong>vero</strong></span> <span class='ocrx_word' id='word_1_395' title='bbox 597 2711 688 2744; x_wconf 86' lang='lat' dir='ltr'><strong>turri</strong></span> <span class='ocrx_word' id='word_1_396' title='bbox 712 2710 770 2745; x_wconf 88' lang='lat' dir='ltr'><strong>vel</strong></span> <span class='ocrx_word' id='word_1_397' title='bbox 797 2721 900 2744; x_wconf 86' lang='lat' dir='ltr'><strong>muro</strong></span> <span class='ocrx_word' id='word_1_398' title='bbox 921 2709 1065 2744; x_wconf 82' lang='lat' dir='ltr'><strong>admota</strong></span> <span class='ocrx_word' id='word_1_399' title='bbox 1093 2710 1224 2750; x_wconf 81' lang='lat' dir='ltr'><strong>fuerit,</strong></span> <span class='ocrx_word' id='word_1_400' title='bbox 1269 2716 1345 2744; x_wconf 82' lang='lat' dir='ltr'><strong>tum</strong></span> <span class='ocrx_word' id='word_1_401' title='bbox 1373 2709 1437 2757; x_wconf 85' lang='lat' dir='ltr'><strong>qui</strong></span> <span class='ocrx_word' id='word_1_402' title='bbox 1464 2712 1503 2745; x_wconf 88' lang='lat' dir='ltr'><strong>iu</strong></span> <span class='ocrx_word' id='word_1_403' title='bbox 1525 2721 1567 2743; x_wconf 85' lang='lat' dir='ltr'><strong>ea</strong></span> 
     </span>
    </p>
   </div>
  </div>
 </body>
</html>
