<?xml version="1.0" encoding="UTF-8"?>
<!DOCTYPE html PUBLIC "-//W3C//DTD XHTML 1.0 Transitional//EN"
    "http://www.w3.org/TR/xhtml1/DTD/xhtml1-transitional.dtd">
<html xmlns="http://www.w3.org/1999/xhtml" xml:lang="en" lang="en">
 <head>
  <title>
</title>
<meta http-equiv="Content-Type" content="text/html;charset=utf-8" />
  <meta name='ocr-system' content='tesseract 3.04.00' />
  <meta name='ocr-capabilities' content='ocr_page ocr_carea ocr_par ocr_line ocrx_word'/>
</head>
<body>
  <div class='ocr_page' id='page_1' title='image "./corpusscriptorum01niebuoft_0331.png"; bbox 0 0 1832 3152; ppageno 0'>
   <div class='ocr_carea' id='block_1_1' title="bbox 572 119 1588 192">
    <p class='ocr_par' dir='ltr' id='par_1_1' title="bbox 572 119 1588 192">
     <span class='ocr_line' id='line_1_1' title="bbox 572 119 1588 192; baseline -0.011 -7"><span class='ocrx_word' id='word_1_1' title='bbox 572 138 946 185; x_wconf 71' lang='lat' dir='ltr'><strong>Hls&#39;romAle</strong></span> <span class='ocrx_word' id='word_1_2' title='bbox 971 144 1021 183; x_wconf 72' lang='lat' dir='ltr'><strong>V.</strong></span> <span class='ocrx_word' id='word_1_3' title='bbox 1045 145 1084 188; x_wconf 83' lang='lat'><strong>5.</strong></span> <span class='ocrx_word' id='word_1_4' title='bbox 1306 146 1308 148; x_wconf 52' lang='grc'>’</span> <span class='ocrx_word' id='word_1_5' title='bbox 1485 119 1588 192; x_wconf 83' lang='lat'><strong>287</strong></span> 
     </span>
    </p>
   </div>
   <div class='ocr_carea' id='block_1_2' title="bbox 104 238 1788 1619">
    <p class='ocr_par' dir='ltr' id='par_1_2' title="bbox 104 238 1788 1619">
     <span class='ocr_line' id='line_1_2' title="bbox 149 238 1788 301; baseline -0.005 -9"><span class='ocrx_word' id='word_1_6' title='bbox 149 248 322 296; x_wconf 65' lang='grc' dir='ltr'><em>ἔπι-πολι)</em></span> <span class='ocrx_word' id='word_1_7' title='bbox 362 244 435 293; x_wconf 76' lang='grc' dir='ltr'><strong><em>καί</em></strong></span> <span class='ocrx_word' id='word_1_8' title='bbox 471 240 604 294; x_wconf 79' lang='grc' dir='ltr'><em>οἷδεῶς</em></span> <span class='ocrx_word' id='word_1_9' title='bbox 634 241 880 301; x_wconf 74' lang='grc' dir='ltr'><em>εὖημεροίη,</em></span> <span class='ocrx_word' id='word_1_10' title='bbox 920 241 1091 301; x_wconf 75' lang='grc' dir='ltr'><em>ἆπόχρη</em></span> <span class='ocrx_word' id='word_1_11' title='bbox 1131 242 1252 286; x_wconf 79' lang='grc' dir='ltr'><em>τοῦτο</em></span> <span class='ocrx_word' id='word_1_12' title='bbox 1290 241 1349 291; x_wconf 84' lang='grc' dir='ltr'><em>εἷς</em></span> <span class='ocrx_word' id='word_1_13' title='bbox 1382 238 1646 289; x_wconf 45' lang='lat' dir='ltr'><strong>damatam.</strong></span> <span class='ocrx_word' id='word_1_14' title='bbox 1673 250 1788 296; x_wconf 70' lang='lat'>0557</span> 
     </span>
     <span class='ocr_line' id='line_1_3' title="bbox 151 298 1731 368; baseline -0.008 -10"><span class='ocrx_word' id='word_1_15' title='bbox 151 312 434 368; x_wconf 80' lang='grc' dir='ltr'><em>δικαιοσύνης,</em></span> <span class='ocrx_word' id='word_1_16' title='bbox 464 305 559 353; x_wconf 75' lang='grc' dir='ltr'><em>οἷῖτε</em></span> <span class='ocrx_word' id='word_1_17' title='bbox 579 311 746 360; x_wconf 87' lang='grc' dir='ltr'><em>πάντως</em></span> <span class='ocrx_word' id='word_1_18' title='bbox 776 308 822 352; x_wconf 88' lang='grc' dir='ltr'><strong>τὸ</strong></span> <span class='ocrx_word' id='word_1_19' title='bbox 842 308 1063 363; x_wconf 74' lang='grc' dir='ltr'><em>τεθνάναι,</em></span> <span class='ocrx_word' id='word_1_20' title='bbox 1084 311 1121 352; x_wconf 78' lang='grc' dir='ltr'><em>εἰ</em></span> <span class='ocrx_word' id='word_1_21' title='bbox 1141 308 1214 351; x_wconf 73' lang='grc' dir='ltr'><em>καὶ</em></span> <span class='ocrx_word' id='word_1_22' title='bbox 1235 304 1432 361; x_wconf 73' lang='grc' dir='ltr'><em>ὠμότατοι</em></span> <span class='ocrx_word' id='word_1_23' title='bbox 1445 339 1457 358; x_wconf 90' lang='grc'><em>,</em></span> <span class='ocrx_word' id='word_1_24' title='bbox 1485 299 1637 360; x_wconf 56' lang='lat' dir='ltr'><strong>{acy-1·</strong></span> <span class='ocrx_word' id='word_1_25' title='bbox 1651 298 1675 331; x_wconf 79' lang='grc' dir='ltr'><strong>Ῑ·</strong></span> <span class='ocrx_word' id='word_1_26' title='bbox 1690 299 1731 335; x_wconf 75' lang='lat'><strong>3¹</strong></span> 
     </span>
     <span class='ocr_line' id='line_1_4' title="bbox 150 370 1600 436; baseline -0.006 -13"><span class='ocrx_word' id='word_1_27' title='bbox 150 397 227 436; x_wconf 85' lang='grc' dir='ltr'><strong>χος</strong></span> <span class='ocrx_word' id='word_1_28' title='bbox 247 376 300 423; x_wconf 69' lang='grc' dir='ltr'><strong>ἂν</strong></span> <span class='ocrx_word' id='word_1_29' title='bbox 319 378 384 434; x_wconf 85' lang='grc' dir='ltr'><em>εἴη</em></span> <span class='ocrx_word' id='word_1_30' title='bbox 407 379 484 420; x_wconf 85' lang='grc' dir='ltr'><em>τοῦ</em></span> <span class='ocrx_word' id='word_1_31' title='bbox 504 378 628 420; x_wconf 81' lang='grc' dir='ltr'><strong><em>πλέον</em></strong></span> <span class='ocrx_word' id='word_1_32' title='bbox 658 375 821 419; x_wconf 75' lang='grc' dir='ltr'><em>ἀδίκου·</em></span> <span class='ocrx_word' id='word_1_33' title='bbox 860 373 968 418; x_wconf 74' lang='grc' dir='ltr'><em>ἄλλά</em></span> <span class='ocrx_word' id='word_1_34' title='bbox 998 375 1075 431; x_wconf 70' lang='grc' dir='ltr'><strong>τήν</strong></span> <span class='ocrx_word' id='word_1_35' title='bbox 1099 374 1388 430; x_wconf 69' lang='grc' dir='ltr'><em>ἀληθεστάτην</em></span> <span class='ocrx_word' id='word_1_36' title='bbox 1413 370 1600 425; x_wconf 88' lang='grc' dir='ltr'><em>βάσανόν</em></span> 
     </span>
     <span class='ocr_line' id='line_1_5' title="bbox 152 437 1598 496; baseline -0.006 -8"><span class='ocrx_word' id='word_1_37' title='bbox 152 462 200 488; x_wconf 79' lang='grc' dir='ltr'><strong>τε</strong></span> <span class='ocrx_word' id='word_1_38' title='bbox 234 445 306 491; x_wconf 77' lang='grc' dir='ltr'><em>καί</em></span> <span class='ocrx_word' id='word_1_39' title='bbox 325 443 537 486; x_wconf 75' lang='grc' dir='ltr'><em>ἀντίδοσιν</em></span> <span class='ocrx_word' id='word_1_40' title='bbox 563 445 645 485; x_wconf 80' lang='grc' dir='ltr'><strong>τῶν</strong></span> <span class='ocrx_word' id='word_1_41' title='bbox 675 443 862 485; x_wconf 71' lang='grc' dir='ltr'><em>ἐνταῦθα</em></span> <span class='ocrx_word' id='word_1_42' title='bbox 897 443 1186 496; x_wconf 83' lang='grc' dir='ltr'><em>βεβιωμένων,</em></span> <span class='ocrx_word' id='word_1_43' title='bbox 1217 437 1311 495; x_wconf 75' lang='grc' dir='ltr'><em>ἥτις</em></span> <span class='ocrx_word' id='word_1_44' title='bbox 1337 440 1438 481; x_wconf 79' lang='grc' dir='ltr'><em>ποτέ</em></span> <span class='ocrx_word' id='word_1_45' title='bbox 1469 439 1598 491; x_wconf 79' lang='grc' dir='ltr'><em>ἐστιν,</em></span> 
     </span>
     <span class='ocr_line' id='line_1_6' title="bbox 125 499 1606 565; baseline -0.007 -11"><span class='ocrx_word' id='word_1_46' title='bbox 125 513 284 565; x_wconf 52' lang='lat' dir='ltr'><strong>&amp;seems</strong></span> <span class='ocrx_word' id='word_1_47' title='bbox 310 508 504 559; x_wconf 73' lang='grc' dir='ltr'><em>ἐλθόντες</em></span> <span class='ocrx_word' id='word_1_48' title='bbox 527 507 745 562; x_wconf 73' lang='grc' dir='ltr'><em>εἰσόμεθα.</em></span> <span class='ocrx_word' id='word_1_49' title='bbox 784 507 984 563; x_wconf 86' lang='grc' dir='ltr'><em>λεγόντων</em></span> <span class='ocrx_word' id='word_1_50' title='bbox 1016 509 1094 560; x_wconf 78' lang='grc' dir='ltr'><strong>μὲν</strong></span> <span class='ocrx_word' id='word_1_51' title='bbox 1120 501 1195 549; x_wconf 78' lang='grc' dir='ltr'><strong>οὖν</strong></span> <span class='ocrx_word' id='word_1_52' title='bbox 1226 507 1324 561; x_wconf 73' lang='grc' dir='ltr'><em>περὶ</em></span> <span class='ocrx_word' id='word_1_53' title='bbox 1349 506 1507 547; x_wconf 81' lang='grc' dir='ltr'><em>τούτων</em></span> <span class='ocrx_word' id='word_1_54' title='bbox 1529 499 1606 545; x_wconf 74' lang='grc' dir='ltr'><em>ἄλ·-</em></span> 
     </span>
     <span class='ocr_line' id='line_1_7' title="bbox 150 564 1606 630; baseline -0.007 -10"><span class='ocrx_word' id='word_1_55' title='bbox 150 581 240 630; x_wconf 78' lang='grc' dir='ltr'><em>λοι,</em></span> <span class='ocrx_word' id='word_1_56' title='bbox 267 574 399 630; x_wconf 81' lang='grc' dir='ltr'><em>τυχὸν</em></span> <span class='ocrx_word' id='word_1_57' title='bbox 424 577 512 629; x_wconf 83' lang='grc' dir='ltr'><em>μὲν.</em></span> <span class='ocrx_word' id='word_1_58' title='bbox 531 577 664 620; x_wconf 81' lang='grc' dir='ltr'><em>ταῦτα</em></span> <span class='ocrx_word' id='word_1_59' title='bbox 696 573 828 628; x_wconf 80' lang='grc' dir='ltr'><em>τυχὸν</em></span> <span class='ocrx_word' id='word_1_60' title='bbox 853 575 900 615; x_wconf 84' lang='grc' dir='ltr'><strong>δὲ</strong></span> <span class='ocrx_word' id='word_1_61' title='bbox 927 576 1061 629; x_wconf 74' lang='grc' dir='ltr'><em>ἕτερα,</em></span> <span class='ocrx_word' id='word_1_62' title='bbox 1091 569 1210 627; x_wconf 75' lang='grc' dir='ltr'><em>ὥσπη</em></span> <span class='ocrx_word' id='word_1_63' title='bbox 1230 564 1432 628; x_wconf 69' lang='grc' dir='ltr'><em>ἑκάστῳῇ</em></span> <span class='ocrx_word' id='word_1_64' title='bbox 1456 573 1606 624; x_wconf 84' lang='grc' dir='ltr'><em>βουλο-</em></span> 
     </span>
     <span class='ocr_line' id='line_1_8' title="bbox 158 638 1284 702; baseline -0.005 -17"><span class='ocrx_word' id='word_1_65' title='bbox 158 646 285 702; x_wconf 74' lang='grc' dir='ltr'><em>μένῳ·</em></span> <span class='ocrx_word' id='word_1_66' title='bbox 322 640 420 696; x_wconf 76' lang='grc' dir='ltr'><em>ἐμοὶ</em></span> <span class='ocrx_word' id='word_1_67' title='bbox 439 643 486 684; x_wconf 80' lang='grc' dir='ltr'><strong>δὲ</strong></span> <span class='ocrx_word' id='word_1_68' title='bbox 511 642 592 685; x_wconf 78' lang='grc' dir='ltr'><strong>τοῦ</strong></span> <span class='ocrx_word' id='word_1_69' title='bbox 616 641 821 697; x_wconf 76' lang='grc' dir='ltr'><em>προτέρου</em></span> <span class='ocrx_word' id='word_1_70' title='bbox 847 638 967 694; x_wconf 84' lang='grc' dir='ltr'><em>λόγου</em></span> <span class='ocrx_word' id='word_1_71' title='bbox 989 639 1284 693; x_wconf 82' lang='grc' dir='ltr'><em>μεταληπτέον.</em></span> 
     </span>
     <span class='ocr_line' id='line_1_9' title="bbox 266 699 1604 763; baseline -0.007 -12"><span class='ocrx_word' id='word_1_72' title='bbox 266 710 311 751; x_wconf 83' lang='grc' dir='ltr'><em>ε’.</em></span> <span class='ocrx_word' id='word_1_73' title='bbox 371 706 471 750; x_wconf 85' lang='grc' dir='ltr'><em>Τότε</em></span> <span class='ocrx_word' id='word_1_74' title='bbox 502 705 579 763; x_wconf 81' lang='grc' dir='ltr'><strong>γὰρ</strong></span> <span class='ocrx_word' id='word_1_75' title='bbox 612 709 686 749; x_wconf 79' lang='grc' dir='ltr'><strong><em>καί</em></strong></span> <span class='ocrx_word' id='word_1_76' title='bbox 717 707 866 762; x_wconf 78' lang='grc' dir='ltr'><em>ἐφεξῆς</em></span> <span class='ocrx_word' id='word_1_77' title='bbox 901 707 972 747; x_wconf 76' lang='grc' dir='ltr'><em>ἐπὶ</em></span> <span class='ocrx_word' id='word_1_78' title='bbox 1017 705 1212 753; x_wconf 77' lang='grc' dir='ltr'><em>πλείστας</em></span> <span class='ocrx_word' id='word_1_79' title='bbox 1251 703 1413 759; x_wconf 78' lang='grc' dir='ltr'><em>ἡμέρας</em></span> <span class='ocrx_word' id='word_1_80' title='bbox 1443 699 1604 756; x_wconf 69' lang='grc' dir='ltr'><em>κίνησις</em></span> 
     </span>
     <span class='ocr_line' id='line_1_10' title="bbox 156 766 1644 832; baseline -0.007 -13"><span class='ocrx_word' id='word_1_81' title='bbox 156 777 231 832; x_wconf 71' lang='grc' dir='ltr'><strong>τῆς</strong></span> <span class='ocrx_word' id='word_1_82' title='bbox 253 777 328 831; x_wconf 81' lang='grc' dir='ltr'><strong>γῆς</strong></span> <span class='ocrx_word' id='word_1_83' title='bbox 348 773 527 829; x_wconf 74' lang='grc' dir='ltr'><em>ἐγίγνετο</em></span> <span class='ocrx_word' id='word_1_84' title='bbox 541 807 553 826; x_wconf 89' lang='grc'><strong><em>,</em></strong></span> <span class='ocrx_word' id='word_1_85' title='bbox 582 776 763 829; x_wconf 82' lang='grc' dir='ltr'><em>βραχεῖα</em></span> <span class='ocrx_word' id='word_1_86' title='bbox 785 775 864 826; x_wconf 81' lang='grc' dir='ltr'><strong>μὲν</strong></span> <span class='ocrx_word' id='word_1_87' title='bbox 886 773 959 814; x_wconf 86' lang='grc' dir='ltr'>καί</span> <span class='ocrx_word' id='word_1_88' title='bbox 980 771 1058 825; x_wconf 79' lang='grc' dir='ltr'><strong>οὔχ</strong></span> <span class='ocrx_word' id='word_1_89' title='bbox 1084 772 1153 813; x_wconf 83' lang='grc' dir='ltr'><em>οἵα</em></span> <span class='ocrx_word' id='word_1_90' title='bbox 1175 767 1254 826; x_wconf 83' lang='grc' dir='ltr'><strong>τὴν</strong></span> <span class='ocrx_word' id='word_1_91' title='bbox 1277 766 1412 825; x_wconf 73' lang='grc' dir='ltr'><em>ἀρχὴν</em></span> <span class='ocrx_word' id='word_1_92' title='bbox 1434 769 1644 822; x_wconf 78' lang='grc' dir='ltr'><em>ἕπῆλθε,Β</em></span> 
     </span>
     <span class='ocr_line' id='line_1_11' title="bbox 104 832 1605 897; baseline -0.007 -12"><span class='ocrx_word' id='word_1_93' title='bbox 104 841 274 897; x_wconf 63' lang='lat' dir='ltr'><strong>minam)</strong></span> <span class='ocrx_word' id='word_1_94' title='bbox 298 843 344 884; x_wconf 83' lang='grc' dir='ltr'><strong>δὲ</strong></span> <span class='ocrx_word' id='word_1_95' title='bbox 361 837 476 894; x_wconf 82' lang='grc' dir='ltr'><em>ὅμως</em></span> <span class='ocrx_word' id='word_1_96' title='bbox 501 838 552 882; x_wconf 82' lang='grc' dir='ltr'><strong>τοὶ</strong></span> <span class='ocrx_word' id='word_1_97' title='bbox 587 837 811 892; x_wconf 86' lang='grc' dir='ltr'><em>λειπόμενα</em></span> <span class='ocrx_word' id='word_1_98' title='bbox 845 838 1111 892; x_wconf 75' lang='grc' dir='ltr'><em>διακυκῆσαι·</em></span> <span class='ocrx_word' id='word_1_99' title='bbox 1150 835 1367 892; x_wconf 84' lang='grc' dir='ltr'><em>τερατεῖαί</em></span> <span class='ocrx_word' id='word_1_100' title='bbox 1387 850 1433 876; x_wconf 86' lang='grc' dir='ltr'><strong>τε</strong></span> <span class='ocrx_word' id='word_1_101' title='bbox 1462 832 1605 888; x_wconf 80' lang='grc' dir='ltr'><em>ἐιέδὴ-</em></span> 
     </span>
     <span class='ocr_line' id='line_1_12' title="bbox 156 898 1606 964; baseline -0.007 -14"><span class='ocrx_word' id='word_1_102' title='bbox 156 924 265 964; x_wconf 85' lang='grc' dir='ltr'><em>μουν</em></span> <span class='ocrx_word' id='word_1_103' title='bbox 290 905 424 956; x_wconf 72' lang='grc' dir='ltr'><em>εὕθύς</em></span> <span class='ocrx_word' id='word_1_104' title='bbox 454 904 528 948; x_wconf 74' lang='grc' dir='ltr'><em>καὶ</em></span> <span class='ocrx_word' id='word_1_105' title='bbox 564 903 890 962; x_wconf 80' lang='grc' dir='ltr'><em>προαγορεύσεις</em></span> <span class='ocrx_word' id='word_1_106' title='bbox 922 905 1175 959; x_wconf 79' lang='grc' dir='ltr'><em>παράλογοι,</em></span> <span class='ocrx_word' id='word_1_107' title='bbox 1218 901 1276 951; x_wconf 76' lang='grc' dir='ltr'><strong>ὥς</strong></span> <span class='ocrx_word' id='word_1_108' title='bbox 1310 899 1464 942; x_wconf 70' lang='grc' dir='ltr'><em>αὐτίκα</em></span> <span class='ocrx_word' id='word_1_109' title='bbox 1489 898 1606 954; x_wconf 85' lang='grc' dir='ltr'><em>μάλα</em></span> 
     </span>
     <span class='ocr_line' id='line_1_13' title="bbox 156 963 1607 1024; baseline -0.007 -8"><span class='ocrx_word' id='word_1_110' title='bbox 156 974 232 1016; x_wconf 81' lang='grc' dir='ltr'><em>καί</em></span> <span class='ocrx_word' id='word_1_111' title='bbox 261 974 336 1015; x_wconf 80' lang='grc' dir='ltr'><strong>τοῦ</strong></span> <span class='ocrx_word' id='word_1_112' title='bbox 365 970 517 1021; x_wconf 83' lang='grc' dir='ltr'><em>παντὸς</em></span> <span class='ocrx_word' id='word_1_113' title='bbox 555 971 713 1024; x_wconf 86' lang='grc' dir='ltr'><em>κόσμου</em></span> <span class='ocrx_word' id='word_1_114' title='bbox 749 970 1051 1022; x_wconf 77' lang='grc' dir='ltr'><em>ἀπολουμένου·</em></span> <span class='ocrx_word' id='word_1_115' title='bbox 1109 968 1348 1017; x_wconf 75' lang='grc' dir='ltr'><em>ἀπατεῶνες</em></span> <span class='ocrx_word' id='word_1_116' title='bbox 1379 963 1458 1023; x_wconf 84' lang='grc' dir='ltr'><strong>γάρ</strong></span> <span class='ocrx_word' id='word_1_117' title='bbox 1498 980 1607 1014; x_wconf 82' lang='grc' dir='ltr'><em>τινες</em></span> 
     </span>
     <span class='ocr_line' id='line_1_14' title="bbox 157 1028 1610 1094; baseline -0.008 -13"><span class='ocrx_word' id='word_1_118' title='bbox 157 1037 232 1081; x_wconf 74' lang='grc' dir='ltr'><em>καὶ</em></span> <span class='ocrx_word' id='word_1_119' title='bbox 254 1034 342 1082; x_wconf 82' lang='grc' dir='ltr'><em>οἷον</em></span> <span class='ocrx_word' id='word_1_120' title='bbox 373 1035 603 1094; x_wconf 78' lang='grc' dir='ltr'><em>θεοπρόποι</em></span> <span class='ocrx_word' id='word_1_121' title='bbox 627 1032 860 1089; x_wconf 73' lang='grc' dir='ltr'><em>αὐτόματοι</em></span> <span class='ocrx_word' id='word_1_122' title='bbox 884 1036 1226 1090; x_wconf 77' lang='grc' dir='ltr'><em>περιφοιτῶντες,</em></span> <span class='ocrx_word' id='word_1_123' title='bbox 1267 1029 1371 1076; x_wconf 79' lang='grc' dir='ltr'><em>ἅττα</em></span> <span class='ocrx_word' id='word_1_124' title='bbox 1394 1029 1445 1074; x_wconf 73' lang='grc' dir='ltr'><strong>ἂν</strong></span> <span class='ocrx_word' id='word_1_125' title='bbox 1475 1028 1610 1073; x_wconf 79' lang='grc' dir='ltr'><em>ἐδόκει</em></span> 
     </span>
     <span class='ocr_line' id='line_1_15' title="bbox 161 1092 1612 1160; baseline -0.007 -13"><span class='ocrx_word' id='word_1_126' title='bbox 161 1101 323 1157; x_wconf 78' lang='grc' dir='ltr'><em>αὖτοῖς,</em></span> <span class='ocrx_word' id='word_1_127' title='bbox 343 1099 643 1160; x_wconf 74' lang='grc' dir='ltr'><em>ἐχρησμῴδουν</em></span> <span class='ocrx_word' id='word_1_128' title='bbox 659 1133 671 1155; x_wconf 87' lang='grc'><strong><em>,</em></strong></span> <span class='ocrx_word' id='word_1_129' title='bbox 702 1102 774 1142; x_wconf 86' lang='grc' dir='ltr'><em>καί</em></span> <span class='ocrx_word' id='word_1_130' title='bbox 799 1102 960 1154; x_wconf 76' lang='grc' dir='ltr'><em>μᾶλλον</em></span> <span class='ocrx_word' id='word_1_131' title='bbox 980 1099 1043 1142; x_wconf 82' lang='grc' dir='ltr'><strong>ἔτι</strong></span> <span class='ocrx_word' id='word_1_132' title='bbox 1068 1098 1169 1148; x_wconf 75' lang='grc' dir='ltr'><strong>τούς</strong></span> <span class='ocrx_word' id='word_1_133' title='bbox 1189 1096 1367 1148; x_wconf 74' lang='grc' dir='ltr'><em>πολλοὺς</em></span> <span class='ocrx_word' id='word_1_134' title='bbox 1397 1092 1612 1150; x_wconf 77' lang='grc' dir='ltr'><em>ἐξεδειμά-</em></span> 
     </span>
     <span class='ocr_line' id='line_1_16' title="bbox 108 1159 1611 1226; baseline -0.007 -14"><span class='ocrx_word' id='word_1_135' title='bbox 108 1176 282 1223; x_wconf 77' lang='grc' dir='ltr'><em>ι5τουν,</em></span> <span class='ocrx_word' id='word_1_136' title='bbox 319 1170 377 1226; x_wconf 78' lang='grc' dir='ltr'><strong>τῷ</strong></span> <span class='ocrx_word' id='word_1_137' title='bbox 398 1164 478 1223; x_wconf 76' lang='grc' dir='ltr'><strong>ἤδη</strong></span> <span class='ocrx_word' id='word_1_138' title='bbox 498 1169 806 1223; x_wconf 82' lang='grc' dir='ltr'><em>κατεπτηχέναι</em></span> <span class='ocrx_word' id='word_1_139' title='bbox 828 1164 986 1224; x_wconf 68' lang='grc' dir='ltr'><em>ῥᾳδίως</em></span> <span class='ocrx_word' id='word_1_140' title='bbox 1011 1160 1380 1218; x_wconf 78' lang='grc' dir='ltr'><em>άναπειθομένους·</em></span> <span class='ocrx_word' id='word_1_141' title='bbox 1422 1159 1546 1205; x_wconf 73' lang='grc' dir='ltr'><em>οὗτοί</em></span> <span class='ocrx_word' id='word_1_142' title='bbox 1565 1176 1611 1203; x_wconf 85' lang='grc' dir='ltr'><strong>τε</strong></span> 
     </span>
     <span class='ocr_line' id='line_1_17' title="bbox 157 1228 1613 1290; baseline -0.005 -13"><span class='ocrx_word' id='word_1_143' title='bbox 157 1234 198 1277; x_wconf 82' lang='grc' dir='ltr'><strong>οἱ</strong></span> <span class='ocrx_word' id='word_1_144' title='bbox 225 1232 455 1288; x_wconf 77' lang='grc' dir='ltr'><em>μαίνεσθαι</em></span> <span class='ocrx_word' id='word_1_145' title='bbox 481 1234 571 1289; x_wconf 79' lang='grc' dir='ltr'><em>εἰκῆ</em></span> <span class='ocrx_word' id='word_1_146' title='bbox 593 1232 666 1275; x_wconf 75' lang='grc' dir='ltr'><em>καὶ</em></span> <span class='ocrx_word' id='word_1_147' title='bbox 691 1234 898 1290; x_wconf 75' lang='grc' dir='ltr'><em>δαιμονᾷν</em></span> <span class='ocrx_word' id='word_1_148' title='bbox 923 1230 1250 1287; x_wconf 76' lang='grc' dir='ltr'><em>ὑποκρινόμενοι,</em></span> <span class='ocrx_word' id='word_1_149' title='bbox 1281 1228 1492 1285; x_wconf 84' lang='grc' dir='ltr'><em>δεινότερα</em></span> <span class='ocrx_word' id='word_1_150' title='bbox 1516 1230 1613 1271; x_wconf 80' lang='grc' dir='ltr'><em>ἐπε-</em></span> 
     </span>
     <span class='ocr_line' id='line_1_18' title="bbox 158 1293 1611 1358; baseline -0.003 -17"><span class='ocrx_word' id='word_1_151' title='bbox 158 1299 369 1358; x_wconf 82' lang='grc' dir='ltr'><em>φήμιζον,</em></span> <span class='ocrx_word' id='word_1_152' title='bbox 413 1299 472 1350; x_wconf 74' lang='grc' dir='ltr'><strong>ὥς</strong></span> <span class='ocrx_word' id='word_1_153' title='bbox 499 1298 550 1354; x_wconf 80' lang='grc' dir='ltr'><em>δὴ</em></span> <span class='ocrx_word' id='word_1_154' title='bbox 582 1297 666 1340; x_wconf 72' lang='grc' dir='ltr'><strong>ὑπὸ</strong></span> <span class='ocrx_word' id='word_1_155' title='bbox 692 1301 777 1341; x_wconf 77' lang='grc' dir='ltr'><strong>τῶν</strong></span> <span class='ocrx_word' id='word_1_156' title='bbox 811 1295 1168 1354; x_wconf 81' lang='grc' dir='ltr'><em>προσπεφυκότων</em></span> <span class='ocrx_word' id='word_1_157' title='bbox 1198 1293 1339 1345; x_wconf 79' lang='grc' dir='ltr'><em>αὗτοῖς</em></span> <span class='ocrx_word' id='word_1_158' title='bbox 1377 1294 1611 1352; x_wconf 82' lang='grc' dir='ltr'><em>φασμάτων</em></span> 
     </span>
     <span class='ocr_line' id='line_1_19' title="bbox 159 1360 1608 1419; baseline -0.006 -10"><span class='ocrx_word' id='word_1_159' title='bbox 159 1364 211 1409; x_wconf 83' lang='grc' dir='ltr'><strong>τὰ</strong></span> <span class='ocrx_word' id='word_1_160' title='bbox 233 1362 414 1419; x_wconf 81' lang='grc' dir='ltr'><em>ἐσόμενα</em></span> <span class='ocrx_word' id='word_1_161' title='bbox 440 1365 752 1419; x_wconf 77' lang='grc' dir='ltr'><em>δεδιδαγμένοι,</em></span> <span class='ocrx_word' id='word_1_162' title='bbox 792 1365 864 1406; x_wconf 84' lang='grc' dir='ltr'><em>καί</em></span> <span class='ocrx_word' id='word_1_163' title='bbox 892 1360 1008 1417; x_wconf 84' lang='grc' dir='ltr'><em>μάλα</em></span> <span class='ocrx_word' id='word_1_164' title='bbox 1039 1362 1112 1405; x_wconf 71' lang='grc' dir='ltr'><em>ἐπὶ</em></span> <span class='ocrx_word' id='word_1_165' title='bbox 1137 1364 1189 1418; x_wconf 87' lang='grc' dir='ltr'><strong>τῇ</strong></span> <span class='ocrx_word' id='word_1_166' title='bbox 1210 1360 1510 1418; x_wconf 67' lang='grc' dir='ltr'><em>κακοδαιμονίᾳ</em></span> <span class='ocrx_word' id='word_1_167' title='bbox 1532 1375 1608 1413; x_wconf 82' lang='grc' dir='ltr'><strong>με-</strong></span> 
     </span>
     <span class='ocr_line' id='line_1_20' title="bbox 161 1425 1650 1487; baseline -0.005 -15"><span class='ocrx_word' id='word_1_168' title='bbox 161 1431 487 1487; x_wconf 83' lang='grc' dir='ltr'><em>γαλαυχοῦντες.</em></span> <span class='ocrx_word' id='word_1_169' title='bbox 536 1425 656 1471; x_wconf 73' lang='grc' dir='ltr'><em>ἄλλοι</em></span> <span class='ocrx_word' id='word_1_170' title='bbox 681 1430 727 1470; x_wconf 76' lang='grc' dir='ltr'><strong>δὲ</strong></span> <span class='ocrx_word' id='word_1_171' title='bbox 756 1428 942 1484; x_wconf 70' lang='grc' dir='ltr'><em>ἀστέρων</em></span> <span class='ocrx_word' id='word_1_172' title='bbox 974 1426 1111 1484; x_wconf 80' lang='grc' dir='ltr'><em>φορὰς</em></span> <span class='ocrx_word' id='word_1_173' title='bbox 1136 1427 1209 1469; x_wconf 82' lang='grc' dir='ltr'><em>καί</em></span> <span class='ocrx_word' id='word_1_174' title='bbox 1229 1427 1428 1482; x_wconf 83' lang='grc' dir='ltr'><em>σχήματα</em></span> <span class='ocrx_word' id='word_1_175' title='bbox 1451 1427 1650 1479; x_wconf 55' lang='lat' dir='ltr'><strong>§selaya-C</strong></span> 
     </span>
     <span class='ocr_line' id='line_1_21' title="bbox 106 1489 1610 1551; baseline -0.003 -12"><span class='ocrx_word' id='word_1_176' title='bbox 106 1496 349 1550; x_wconf 61' lang='grc' dir='ltr'><em>ῃοζόμενοι,</em></span> <span class='ocrx_word' id='word_1_177' title='bbox 375 1496 571 1549; x_wconf 82' lang='grc' dir='ltr'><em>μείζονας</em></span> <span class='ocrx_word' id='word_1_178' title='bbox 600 1493 823 1551; x_wconf 82' lang='grc' dir='ltr'><em>συμφορὰς</em></span> <span class='ocrx_word' id='word_1_179' title='bbox 857 1495 930 1536; x_wconf 79' lang='grc' dir='ltr'><em>καί</em></span> <span class='ocrx_word' id='word_1_180' title='bbox 957 1491 1096 1548; x_wconf 83' lang='grc' dir='ltr'><em>κοινὴν</em></span> <span class='ocrx_word' id='word_1_181' title='bbox 1114 1493 1340 1546; x_wconf 71' lang='grc' dir='ltr'><em>μονονουχὶ</em></span> <span class='ocrx_word' id='word_1_182' title='bbox 1372 1489 1610 1547; x_wconf 70' lang='grc' dir='ltr'><em>ἀνατροπὴν</em></span> 
     </span>
     <span class='ocr_line' id='line_1_22' title="bbox 167 1555 1611 1619; baseline -0.005 -14"><span class='ocrx_word' id='word_1_183' title='bbox 167 1563 252 1605; x_wconf 77' lang='grc' dir='ltr'><strong>τῶν</strong></span> <span class='ocrx_word' id='word_1_184' title='bbox 274 1559 528 1619; x_wconf 79' lang='grc' dir='ltr'><em>πραγμάτων</em></span> <span class='ocrx_word' id='word_1_185' title='bbox 554 1558 731 1617; x_wconf 73' lang='grc' dir='ltr'><em>ἐδήλουν</em></span> <span class='ocrx_word' id='word_1_186' title='bbox 758 1561 831 1602; x_wconf 82' lang='grc' dir='ltr'>καί</span> <span class='ocrx_word' id='word_1_187' title='bbox 854 1558 1140 1617; x_wconf 76' lang='grc' dir='ltr'><em>ὖπῃνίττοντο.</em></span> <span class='ocrx_word' id='word_1_188' title='bbox 1190 1556 1314 1600; x_wconf 71' lang='grc' dir='ltr'><em>εἴωθε</em></span> <span class='ocrx_word' id='word_1_189' title='bbox 1344 1555 1425 1612; x_wconf 77' lang='grc' dir='ltr'><strong>γάρ</strong></span> <span class='ocrx_word' id='word_1_190' title='bbox 1456 1557 1501 1599; x_wconf 79' lang='grc' dir='ltr'><strong>ἐν</strong></span> <span class='ocrx_word' id='word_1_191' title='bbox 1521 1562 1611 1606; x_wconf 81' lang='grc' dir='ltr'><em>τοῖς</em></span> 
     </span>
    </p>
   </div>
   <div class='ocr_carea' id='block_1_3' title="bbox 256 1657 1610 1756">
    <p class='ocr_par' dir='ltr' id='par_1_3' title="bbox 256 1657 1610 1756">
     <span class='ocr_line' id='line_1_23' title="bbox 259 1657 1610 1708; baseline -0.004 -11"><span class='ocrx_word' id='word_1_192' title='bbox 259 1675 310 1697; x_wconf 87' lang='grc' dir='ltr'><strong>ιο.</strong></span> <span class='ocrx_word' id='word_1_193' title='bbox 326 1661 488 1704; x_wconf 78' lang='grc' dir='ltr'><em>κυνῆσαι</em></span> <span class='ocrx_word' id='word_1_194' title='bbox 499 1663 539 1697; x_wconf 88' lang='lat' dir='ltr'><strong>R.</strong></span> <span class='ocrx_word' id='word_1_195' title='bbox 598 1674 650 1708; x_wconf 85' lang='lat'><strong>¹7·</strong></span> <span class='ocrx_word' id='word_1_196' title='bbox 675 1659 1010 1707; x_wconf 79' lang='grc' dir='ltr'><em>προσπεφυκότων</em></span> <span class='ocrx_word' id='word_1_197' title='bbox 1023 1661 1060 1692; x_wconf 82' lang='lat' dir='ltr'><strong>R.</strong></span> <span class='ocrx_word' id='word_1_198' title='bbox 1077 1664 1113 1693; x_wconf 89' lang='lat' dir='ltr'><strong>et</strong></span> <span class='ocrx_word' id='word_1_199' title='bbox 1128 1660 1240 1704; x_wconf 87' lang='lat' dir='ltr'><strong>Intpr.</strong></span> <span class='ocrx_word' id='word_1_200' title='bbox 1255 1657 1399 1694; x_wconf 75' lang='lat' dir='ltr'><strong>adnata</strong></span> <span class='ocrx_word' id='word_1_201' title='bbox 1408 1658 1492 1700; x_wconf 71' lang='lat' dir='ltr'><strong>sibi,</strong></span> <span class='ocrx_word' id='word_1_202' title='bbox 1511 1667 1610 1705; x_wconf 85' lang='grc' dir='ltr'><em>προ-</em></span> 
     </span>
     <span class='ocr_line' id='line_1_24' title="bbox 256 1706 1383 1756; baseline -0.005 -12"><span class='ocrx_word' id='word_1_203' title='bbox 256 1719 350 1756; x_wconf 81' lang='grc' dir='ltr'><em>πεφ.</em></span> <span class='ocrx_word' id='word_1_204' title='bbox 373 1710 471 1755; x_wconf 68' lang='grc' dir='ltr'><em>ναις,</em></span> <span class='ocrx_word' id='word_1_205' title='bbox 563 1721 618 1744; x_wconf 86' lang='lat'><strong>21.</strong></span> <span class='ocrx_word' id='word_1_206' title='bbox 645 1708 894 1756; x_wconf 72' lang='grc' dir='ltr'><em>ύπῃνίττοντο</em></span> <span class='ocrx_word' id='word_1_207' title='bbox 920 1709 972 1750; x_wconf 66' lang='lat' dir='ltr'><strong>R„</strong></span> <span class='ocrx_word' id='word_1_208' title='bbox 997 1707 1266 1741; x_wconf 82' lang='grc' dir='ltr'><em>ὑπαινίττοντο</em></span> <span class='ocrx_word' id='word_1_209' title='bbox 1290 1706 1383 1751; x_wconf 86' lang='lat' dir='ltr'><strong>vulg.</strong></span> 
     </span>
    </p>
   </div>
   <div class='ocr_carea' id='block_1_4' title="bbox 163 1794 1650 2079">
    <p class='ocr_par' dir='ltr' id='par_1_4' title="bbox 163 1794 1650 2079">
     <span class='ocr_line' id='line_1_25' title="bbox 163 1794 1613 1848; baseline -0.005 -14"><span class='ocrx_word' id='word_1_210' title='bbox 163 1800 347 1848; x_wconf 72' lang='lat' dir='ltr'><strong>pervivat,</strong></span> <span class='ocrx_word' id='word_1_211' title='bbox 372 1804 410 1834; x_wconf 75' lang='lat' dir='ltr'><strong>et</strong></span> <span class='ocrx_word' id='word_1_212' title='bbox 435 1801 584 1846; x_wconf 89' lang='lat' dir='ltr'><strong>impune</strong></span> <span class='ocrx_word' id='word_1_213' title='bbox 610 1811 780 1846; x_wconf 85' lang='lat' dir='ltr'><strong>prospera</strong></span> <span class='ocrx_word' id='word_1_214' title='bbox 804 1800 839 1833; x_wconf 89' lang='lat' dir='ltr'><strong>ei</strong></span> <span class='ocrx_word' id='word_1_215' title='bbox 865 1799 986 1833; x_wconf 84' lang='lat' dir='ltr'><strong>omnia</strong></span> <span class='ocrx_word' id='word_1_216' title='bbox 1020 1797 1231 1838; x_wconf 84' lang='lat' dir='ltr'><strong>succedant,</strong></span> <span class='ocrx_word' id='word_1_217' title='bbox 1268 1795 1338 1830; x_wconf 88' lang='lat' dir='ltr'><strong>hoc</strong></span> <span class='ocrx_word' id='word_1_218' title='bbox 1373 1795 1531 1829; x_wconf 76' lang='lat' dir='ltr'><strong>sufficiat</strong></span> <span class='ocrx_word' id='word_1_219' title='bbox 1565 1794 1613 1828; x_wconf 85' lang='lat' dir='ltr'><strong>ad</strong></span> 
     </span>
     <span class='ocr_line' id='line_1_26' title="bbox 163 1842 1612 1899; baseline -0.006 -17"><span class='ocrx_word' id='word_1_220' title='bbox 163 1847 387 1899; x_wconf 77' lang='lat' dir='ltr'>probandam</span> <span class='ocrx_word' id='word_1_221' title='bbox 424 1848 539 1892; x_wconf 89' lang='lat' dir='ltr'><strong>ipsius</strong></span> <span class='ocrx_word' id='word_1_222' title='bbox 567 1849 768 1888; x_wconf 82' lang='lat' dir='ltr'><strong>iustitiam,</strong></span> <span class='ocrx_word' id='word_1_223' title='bbox 798 1858 919 1893; x_wconf 88' lang='lat' dir='ltr'><strong>neque</strong></span> <span class='ocrx_word' id='word_1_224' title='bbox 953 1846 984 1878; x_wconf 86' lang='lat' dir='ltr'><strong>si</strong></span> <span class='ocrx_word' id='word_1_225' title='bbox 1018 1846 1099 1891; x_wconf 87' lang='lat' dir='ltr'><strong>quis</strong></span> <span class='ocrx_word' id='word_1_226' title='bbox 1122 1845 1308 1883; x_wconf 83' lang='lat' dir='ltr'><strong>moriatur,</strong></span> <span class='ocrx_word' id='word_1_227' title='bbox 1334 1847 1372 1876; x_wconf 84' lang='lat' dir='ltr'><strong>et</strong></span> <span class='ocrx_word' id='word_1_228' title='bbox 1395 1842 1543 1888; x_wconf 84' lang='lat' dir='ltr'><strong>quidem</strong></span> <span class='ocrx_word' id='word_1_229' title='bbox 1567 1853 1612 1874; x_wconf 88' lang='lat' dir='ltr'><strong>a-</strong></span> 
     </span>
     <span class='ocr_line' id='line_1_27' title="bbox 166 1888 1614 1938; baseline -0.006 -9"><span class='ocrx_word' id='word_1_230' title='bbox 166 1895 259 1929; x_wconf 86' lang='lat' dir='ltr'><strong>troci</strong></span> <span class='ocrx_word' id='word_1_231' title='bbox 291 1893 486 1927; x_wconf 81' lang='lat' dir='ltr'><strong>admodum</strong></span> <span class='ocrx_word' id='word_1_232' title='bbox 516 1900 629 1928; x_wconf 88' lang='lat' dir='ltr'><strong>morte</strong></span> <span class='ocrx_word' id='word_1_233' title='bbox 646 1919 656 1935; x_wconf 89' lang='lat'>‚</span> <span class='ocrx_word' id='word_1_234' title='bbox 693 1900 829 1927; x_wconf 83' lang='lat' dir='ltr'><strong>certum</strong></span> <span class='ocrx_word' id='word_1_235' title='bbox 859 1898 1108 1938; x_wconf 85' lang='lat' dir='ltr'>argumentum</span> <span class='ocrx_word' id='word_1_236' title='bbox 1134 1892 1246 1924; x_wconf 84' lang='lat' dir='ltr'><strong>fuerit</strong></span> <span class='ocrx_word' id='word_1_237' title='bbox 1266 1890 1411 1923; x_wconf 86' lang='lat' dir='ltr'><strong>maioris</strong></span> <span class='ocrx_word' id='word_1_238' title='bbox 1434 1888 1614 1922; x_wconf 80' lang='lat' dir='ltr'><strong>iniustiti-</strong></span> 
     </span>
     <span class='ocr_line' id='line_1_28' title="bbox 168 1935 1650 1985; baseline -0.006 -10"><span class='ocrx_word' id='word_1_239' title='bbox 168 1953 231 1984; x_wconf 62' lang='grc' dir='ltr'><strong>κως</strong></span> <span class='ocrx_word' id='word_1_240' title='bbox 255 1940 319 1974; x_wconf 83' lang='lat' dir='ltr'><strong>sed</strong></span> <span class='ocrx_word' id='word_1_241' title='bbox 350 1941 548 1975; x_wconf 82' lang='lat' dir='ltr'><strong>certissime</strong></span> <span class='ocrx_word' id='word_1_242' title='bbox 579 1940 684 1974; x_wconf 87' lang='lat' dir='ltr'><strong>nobis</strong></span> <span class='ocrx_word' id='word_1_243' title='bbox 718 1941 905 1985; x_wconf 74' lang='lat' dir='ltr'><strong>explorata</strong></span> <span class='ocrx_word' id='word_1_244' title='bbox 938 1940 1155 1985; x_wconf 86' lang='lat' dir='ltr'><strong>cognitaque</strong></span> <span class='ocrx_word' id='word_1_245' title='bbox 1191 1939 1261 1971; x_wconf 84' lang='lat' dir='ltr'><strong>erit</strong></span> <span class='ocrx_word' id='word_1_246' title='bbox 1295 1938 1390 1969; x_wconf 87' lang='lat' dir='ltr'><strong>vitae</strong></span> <span class='ocrx_word' id='word_1_247' title='bbox 1427 1935 1488 1968; x_wconf 91' lang='lat' dir='ltr'><strong>hic</strong></span> <span class='ocrx_word' id='word_1_248' title='bbox 1513 1941 1613 1968; x_wconf 79' lang='lat' dir='ltr'><strong>actae</strong></span> <span class='ocrx_word' id='word_1_249' title='bbox 1646 1948 1650 1953; x_wconf 91' lang='lat'><strong>·</strong></span> 
     </span>
     <span class='ocr_line' id='line_1_29' title="bbox 167 1983 1614 2035; baseline -0.006 -13"><span class='ocrx_word' id='word_1_250' title='bbox 167 1988 260 2022; x_wconf 74' lang='lat' dir='ltr'><strong>ratio</strong></span> <span class='ocrx_word' id='word_1_251' title='bbox 293 1992 330 2021; x_wconf 83' lang='lat' dir='ltr'><strong>et</strong></span> <span class='ocrx_word' id='word_1_252' title='bbox 359 1988 505 2032; x_wconf 91' lang='lat' dir='ltr'><strong>punitio</strong></span> <span class='ocrx_word' id='word_1_253' title='bbox 542 1999 720 2035; x_wconf 84' lang='lat' dir='ltr'><strong>quaenam</strong></span> <span class='ocrx_word' id='word_1_254' title='bbox 751 1988 820 2028; x_wconf 83' lang='lat' dir='ltr'><strong>sit,</strong></span> <span class='ocrx_word' id='word_1_255' title='bbox 855 1985 1001 2034; x_wconf 86' lang='lat' dir='ltr'><strong>quaudo</strong></span> <span class='ocrx_word' id='word_1_256' title='bbox 1038 1997 1080 2018; x_wconf 88' lang='lat' dir='ltr'><strong>eo</strong></span> <span class='ocrx_word' id='word_1_257' title='bbox 1116 1985 1394 2029; x_wconf 85' lang='lat' dir='ltr'><strong>pervenerimus.</strong></span> <span class='ocrx_word' id='word_1_258' title='bbox 1444 1983 1614 2015; x_wconf 79' lang='lat' dir='ltr'><strong>sentiant</strong></span> 
     </span>
     <span class='ocr_line' id='line_1_30' title="bbox 169 2028 1615 2079; baseline -0.005 -11"><span class='ocrx_word' id='word_1_259' title='bbox 169 2035 280 2079; x_wconf 82' lang='lat' dir='ltr'><strong>igitur</strong></span> <span class='ocrx_word' id='word_1_260' title='bbox 312 2039 350 2068; x_wconf 84' lang='lat' dir='ltr'><strong>et</strong></span> <span class='ocrx_word' id='word_1_261' title='bbox 384 2033 508 2071; x_wconf 85' lang='lat' dir='ltr'><strong>dicant</strong></span> <span class='ocrx_word' id='word_1_262' title='bbox 539 2034 638 2068; x_wconf 86' lang='lat' dir='ltr'><strong>hisce</strong></span> <span class='ocrx_word' id='word_1_263' title='bbox 669 2034 715 2068; x_wconf 89' lang='lat' dir='ltr'><strong>de</strong></span> <span class='ocrx_word' id='word_1_264' title='bbox 750 2034 859 2067; x_wconf 89' lang='lat' dir='ltr'><strong>rebus</strong></span> <span class='ocrx_word' id='word_1_265' title='bbox 894 2033 959 2066; x_wconf 88' lang='lat' dir='ltr'><strong>alii</strong></span> <span class='ocrx_word' id='word_1_266' title='bbox 985 2032 1132 2078; x_wconf 89' lang='lat' dir='ltr'><strong>quidem</strong></span> <span class='ocrx_word' id='word_1_267' title='bbox 1156 2031 1247 2072; x_wconf 91' lang='lat' dir='ltr'><strong>hoc,</strong></span> <span class='ocrx_word' id='word_1_268' title='bbox 1271 2031 1336 2063; x_wconf 82' lang='lat' dir='ltr'><strong>alii</strong></span> <span class='ocrx_word' id='word_1_269' title='bbox 1363 2028 1480 2070; x_wconf 66' lang='lat' dir='ltr'><strong>aliud,</strong></span> <span class='ocrx_word' id='word_1_270' title='bbox 1505 2032 1615 2075; x_wconf 78' lang='lat' dir='ltr'><strong>prout</strong></span> 
     </span>
    </p>
   </div>
   <div class='ocr_carea' id='block_1_5' title="bbox 169 2079 1616 2161">
    <p class='ocr_par' dir='ltr' id='par_1_5' title="bbox 169 2079 1616 2161">
     <span class='ocr_line' id='line_1_31' title="bbox 170 2079 1616 2160; baseline -0.004 -46"><span class='ocrx_word' id='word_1_271' title='bbox 170 2081 440 2160; x_wconf 45' lang='lat' dir='ltr'><strong>cutilquedvisum</strong></span> <span class='ocrx_word' id='word_1_272' title='bbox 466 2082 597 2125; x_wconf 70' lang='lat' dir='ltr'><strong>fuerit3</strong></span> <span class='ocrx_word' id='word_1_273' title='bbox 622 2081 715 2116; x_wconf 82' lang='lat' dir='ltr'><strong>mihi</strong></span> <span class='ocrx_word' id='word_1_274' title='bbox 737 2091 820 2115; x_wconf 84' lang='lat' dir='ltr'><strong>vero</strong></span> <span class='ocrx_word' id='word_1_275' title='bbox 847 2079 894 2113; x_wconf 86' lang='lat' dir='ltr'><strong>ad</strong></span> <span class='ocrx_word' id='word_1_276' title='bbox 918 2091 982 2121; x_wconf 89' lang='lat' dir='ltr'><strong>ea,</strong></span> <span class='ocrx_word' id='word_1_277' title='bbox 1016 2090 1110 2127; x_wconf 86' lang='lat' dir='ltr'><strong>quae</strong></span> <span class='ocrx_word' id='word_1_278' title='bbox 1133 2088 1274 2111; x_wconf 87' lang='lat' dir='ltr'><strong>narrare</strong></span> <span class='ocrx_word' id='word_1_279' title='bbox 1309 2087 1523 2122; x_wconf 86' lang='lat' dir='ltr'><strong>coeperam,</strong></span> <span class='ocrx_word' id='word_1_280' title='bbox 1559 2079 1616 2109; x_wconf 80' lang='lat' dir='ltr'><strong>est</strong></span> 
     </span>
     <span class='ocr_line' id='line_1_32' title="bbox 169 2138 406 2161; baseline -0.008 0"><span class='ocrx_word' id='word_1_281' title='bbox 169 2138 208 2161; x_wconf 90' lang='lat' dir='ltr'><strong>re</strong></span> <span class='ocrx_word' id='word_1_282' title='bbox 237 2138 308 2161; x_wconf 88' lang='lat' dir='ltr'><strong>eun</strong></span> <span class='ocrx_word' id='word_1_283' title='bbox 337 2138 406 2159; x_wconf 88' lang='lat' dir='ltr'><strong>um.</strong></span> 
     </span>
    </p>
   </div>
   <div class='ocr_carea' id='block_1_6' title="bbox 169 2178 1618 2793">
    <p class='ocr_par' dir='ltr' id='par_1_6' title="bbox 169 2178 1618 2793">
     <span class='ocr_line' id='line_1_33' title="bbox 231 2178 1616 2230; baseline -0.004 -13"><span class='ocrx_word' id='word_1_284' title='bbox 231 2186 271 2228; x_wconf 44' lang='grc' dir='ltr'><strong>ἱ5.</strong></span> <span class='ocrx_word' id='word_1_285' title='bbox 297 2184 389 2218; x_wconf 88' lang='lat' dir='ltr'><strong>Tum</strong></span> <span class='ocrx_word' id='word_1_286' title='bbox 409 2184 507 2218; x_wconf 86' lang='lat' dir='ltr'><strong>enim</strong></span> <span class='ocrx_word' id='word_1_287' title='bbox 523 2188 561 2219; x_wconf 83' lang='lat' dir='ltr'><strong>et</strong></span> <span class='ocrx_word' id='word_1_288' title='bbox 574 2196 640 2230; x_wconf 87' lang='lat' dir='ltr'><strong>per</strong></span> <span class='ocrx_word' id='word_1_289' title='bbox 654 2185 830 2230; x_wconf 83' lang='lat' dir='ltr'><strong>plurimos</strong></span> <span class='ocrx_word' id='word_1_290' title='bbox 855 2183 1029 2228; x_wconf 85' lang='lat' dir='ltr'><strong>deinceps</strong></span> <span class='ocrx_word' id='word_1_291' title='bbox 1049 2182 1126 2216; x_wconf 89' lang='lat' dir='ltr'><strong>dies</strong></span> <span class='ocrx_word' id='word_1_292' title='bbox 1146 2186 1261 2215; x_wconf 85' lang='lat' dir='ltr'><strong>terrae</strong></span> <span class='ocrx_word' id='word_1_293' title='bbox 1274 2185 1392 2214; x_wconf 84' lang='lat' dir='ltr'><strong>motus</strong></span> <span class='ocrx_word' id='word_1_294' title='bbox 1416 2184 1470 2214; x_wconf 85' lang='lat' dir='ltr'><strong>est</strong></span> <span class='ocrx_word' id='word_1_295' title='bbox 1487 2178 1616 2220; x_wconf 83' lang='lat' dir='ltr'><strong>factus,</strong></span> 
     </span>
     <span class='ocr_line' id='line_1_34' title="bbox 169 2225 1616 2278; baseline -0.004 -14"><span class='ocrx_word' id='word_1_296' title='bbox 169 2231 319 2276; x_wconf 84' lang='lat' dir='ltr'><strong>exiguus</strong></span> <span class='ocrx_word' id='word_1_297' title='bbox 352 2231 512 2276; x_wconf 86' lang='lat' dir='ltr'><strong>quidem,</strong></span> <span class='ocrx_word' id='word_1_298' title='bbox 535 2242 654 2278; x_wconf 87' lang='lat' dir='ltr'><strong>neque</strong></span> <span class='ocrx_word' id='word_1_299' title='bbox 688 2233 806 2278; x_wconf 85' lang='lat' dir='ltr'><strong>qualis</strong></span> <span class='ocrx_word' id='word_1_300' title='bbox 837 2231 945 2265; x_wconf 84' lang='lat' dir='ltr'><strong>initio</strong></span> <span class='ocrx_word' id='word_1_301' title='bbox 972 2230 1103 2270; x_wconf 83' lang='lat' dir='ltr'><strong>fuerat,</strong></span> <span class='ocrx_word' id='word_1_302' title='bbox 1128 2228 1191 2262; x_wconf 89' lang='lat' dir='ltr'><strong>sed</strong></span> <span class='ocrx_word' id='word_1_303' title='bbox 1216 2228 1302 2262; x_wconf 83' lang='lat' dir='ltr'><strong>satis</strong></span> <span class='ocrx_word' id='word_1_304' title='bbox 1325 2227 1464 2261; x_wconf 85' lang='lat' dir='ltr'><strong>validus</strong></span> <span class='ocrx_word' id='word_1_305' title='bbox 1489 2225 1535 2259; x_wconf 85' lang='lat' dir='ltr'><strong>ad</strong></span> <span class='ocrx_word' id='word_1_306' title='bbox 1558 2237 1616 2267; x_wconf 91' lang='lat' dir='ltr'><strong>ea,</strong></span> 
     </span>
     <span class='ocr_line' id='line_1_35' title="bbox 171 2272 1616 2324; baseline -0.006 -11"><span class='ocrx_word' id='word_1_307' title='bbox 171 2289 266 2324; x_wconf 78' lang='lat' dir='ltr'><strong>quae</strong></span> <span class='ocrx_word' id='word_1_308' title='bbox 290 2277 431 2323; x_wconf 84' lang='lat' dir='ltr'><strong>reliqua</strong></span> <span class='ocrx_word' id='word_1_309' title='bbox 455 2284 575 2319; x_wconf 83' lang='lat' dir='ltr'><strong>erant,</strong></span> <span class='ocrx_word' id='word_1_310' title='bbox 601 2278 846 2312; x_wconf 82' lang='lat' dir='ltr'><strong>disturbanda.</strong></span> <span class='ocrx_word' id='word_1_311' title='bbox 895 2277 1060 2321; x_wconf 81' lang='lat' dir='ltr'><strong>Prodigia</strong></span> <span class='ocrx_word' id='word_1_312' title='bbox 1082 2276 1189 2310; x_wconf 76' lang='lat' dir='ltr'><strong>etiam</strong></span> <span class='ocrx_word' id='word_1_313' title='bbox 1216 2274 1391 2322; x_wconf 81' lang='lat' dir='ltr'><strong>quaedam</strong></span> <span class='ocrx_word' id='word_1_314' title='bbox 1416 2272 1616 2307; x_wconf 77' lang='lat' dir='ltr'><strong>absurdae-</strong></span> 
     </span>
     <span class='ocr_line' id='line_1_36' title="bbox 172 2321 1615 2370; baseline -0.004 -12"><span class='ocrx_word' id='word_1_315' title='bbox 172 2336 244 2370; x_wconf 88' lang='lat' dir='ltr'><strong>que</strong></span> <span class='ocrx_word' id='word_1_316' title='bbox 269 2324 534 2368; x_wconf 82' lang='lat' dir='ltr'><strong>praedictiones</strong></span> <span class='ocrx_word' id='word_1_317' title='bbox 559 2326 599 2358; x_wconf 88' lang='lat' dir='ltr'><strong>in</strong></span> <span class='ocrx_word' id='word_1_318' title='bbox 626 2325 751 2370; x_wconf 82' lang='lat' dir='ltr'><strong>vulgus</strong></span> <span class='ocrx_word' id='word_1_319' title='bbox 775 2325 1060 2370; x_wconf 81' lang='lat' dir='ltr'><strong>spargebantur,</strong></span> <span class='ocrx_word' id='word_1_320' title='bbox 1085 2329 1258 2369; x_wconf 81' lang='lat' dir='ltr'><strong>tanquam</strong></span> <span class='ocrx_word' id='word_1_321' title='bbox 1284 2321 1420 2355; x_wconf 89' lang='lat' dir='ltr'><strong>mundo</strong></span> <span class='ocrx_word' id='word_1_322' title='bbox 1445 2321 1615 2354; x_wconf 89' lang='lat' dir='ltr'><strong>universo</strong></span> 
     </span>
     <span class='ocr_line' id='line_1_37' title="bbox 171 2366 1617 2418; baseline -0.003 -15"><span class='ocrx_word' id='word_1_323' title='bbox 171 2371 316 2404; x_wconf 86' lang='lat' dir='ltr'><strong>iamiam</strong></span> <span class='ocrx_word' id='word_1_324' title='bbox 338 2372 512 2414; x_wconf 76' lang='lat' dir='ltr'><strong>perituro·</strong></span> <span class='ocrx_word' id='word_1_325' title='bbox 559 2373 776 2417; x_wconf 86' lang='lat' dir='ltr'><strong>Impostores</strong></span> <span class='ocrx_word' id='word_1_326' title='bbox 803 2373 899 2406; x_wconf 86' lang='lat' dir='ltr'><strong>enim</strong></span> <span class='ocrx_word' id='word_1_327' title='bbox 926 2370 1075 2418; x_wconf 85' lang='lat' dir='ltr'><strong>quidam</strong></span> <span class='ocrx_word' id='word_1_328' title='bbox 1100 2381 1141 2403; x_wconf 90' lang='lat' dir='ltr'><strong>ac</strong></span> <span class='ocrx_word' id='word_1_329' title='bbox 1173 2370 1286 2403; x_wconf 86' lang='lat' dir='ltr'><strong>veluti</strong></span> <span class='ocrx_word' id='word_1_330' title='bbox 1323 2373 1421 2402; x_wconf 81' lang='lat' dir='ltr'><strong>vates</strong></span> <span class='ocrx_word' id='word_1_331' title='bbox 1454 2366 1617 2401; x_wconf 87' lang='lat' dir='ltr'><strong>ultronei</strong></span> 
     </span>
     <span class='ocr_line' id='line_1_38' title="bbox 171 2413 1614 2463; baseline -0.005 -11"><span class='ocrx_word' id='word_1_332' title='bbox 171 2417 416 2458; x_wconf 77' lang='lat' dir='ltr'><strong>oberrabant,</strong></span> <span class='ocrx_word' id='word_1_333' title='bbox 442 2429 534 2463; x_wconf 76' lang='lat' dir='ltr'><strong>quae</strong></span> <span class='ocrx_word' id='word_1_334' title='bbox 555 2419 643 2463; x_wconf 84' lang='lat' dir='ltr'><strong>ipsis</strong></span> <span class='ocrx_word' id='word_1_335' title='bbox 663 2419 889 2452; x_wconf 82' lang='lat' dir='ltr'><strong>collibuisset</strong></span> <span class='ocrx_word' id='word_1_336' title='bbox 902 2418 1161 2458; x_wconf 85' lang='lat' dir='ltr'><strong>vaticinantes,</strong></span> <span class='ocrx_word' id='word_1_337' title='bbox 1185 2417 1374 2461; x_wconf 85' lang='lat' dir='ltr'><strong>multoque</strong></span> <span class='ocrx_word' id='word_1_338' title='bbox 1401 2414 1510 2458; x_wconf 85' lang='lat' dir='ltr'><strong>magis</strong></span> <span class='ocrx_word' id='word_1_339' title='bbox 1531 2413 1614 2457; x_wconf 93' lang='lat' dir='ltr'><strong>ple-</strong></span> 
     </span>
     <span class='ocr_line' id='line_1_39' title="bbox 171 2463 1616 2511; baseline -0.004 -13"><span class='ocrx_word' id='word_1_340' title='bbox 171 2475 304 2510; x_wconf 87' lang='lat' dir='ltr'><strong>rosque</strong></span> <span class='ocrx_word' id='word_1_341' title='bbox 326 2464 690 2508; x_wconf 82' lang='lat' dir='ltr'><strong>perterrefaciebant,</strong></span> <span class='ocrx_word' id='word_1_342' title='bbox 716 2465 823 2499; x_wconf 84' lang='lat' dir='ltr'><strong>facile</strong></span> <span class='ocrx_word' id='word_1_343' title='bbox 839 2466 886 2500; x_wconf 91' lang='lat' dir='ltr'><strong>ob</strong></span> <span class='ocrx_word' id='word_1_344' title='bbox 911 2475 1102 2511; x_wconf 86' lang='lat' dir='ltr'><strong>pavorem,</strong></span> <span class='ocrx_word' id='word_1_345' title='bbox 1125 2474 1234 2510; x_wconf 85' lang='lat' dir='ltr'><strong>quem</strong></span> <span class='ocrx_word' id='word_1_346' title='bbox 1262 2463 1333 2496; x_wconf 85' lang='lat' dir='ltr'><strong>iam</strong></span> <span class='ocrx_word' id='word_1_347' title='bbox 1363 2464 1616 2504; x_wconf 82' lang='lat' dir='ltr'><strong>conceperant,</strong></span> 
     </span>
     <span class='ocr_line' id='line_1_40' title="bbox 171 2506 1617 2559; baseline -0.005 -15"><span class='ocrx_word' id='word_1_348' title='bbox 171 2522 371 2557; x_wconf 78' lang='lat' dir='ltr'><strong>persuasos.</strong></span> <span class='ocrx_word' id='word_1_349' title='bbox 419 2510 467 2543; x_wconf 87' lang='lat' dir='ltr'><strong>Hi</strong></span> <span class='ocrx_word' id='word_1_350' title='bbox 481 2522 587 2555; x_wconf 88' lang='lat' dir='ltr'><strong>porro</strong></span> <span class='ocrx_word' id='word_1_351' title='bbox 612 2518 650 2546; x_wconf 85' lang='lat' dir='ltr'><strong>et</strong></span> <span class='ocrx_word' id='word_1_352' title='bbox 678 2513 798 2546; x_wconf 83' lang='lat' dir='ltr'><strong>furere</strong></span> <span class='ocrx_word' id='word_1_353' title='bbox 814 2524 851 2546; x_wconf 89' lang='lat' dir='ltr'><strong>se</strong></span> <span class='ocrx_word' id='word_1_354' title='bbox 873 2518 982 2559; x_wconf 87' lang='lat' dir='ltr'><strong>atque</strong></span> <span class='ocrx_word' id='word_1_355' title='bbox 1003 2523 1022 2544; x_wconf 85' lang='lat' dir='ltr'><strong>a</strong></span> <span class='ocrx_word' id='word_1_356' title='bbox 1047 2509 1222 2544; x_wconf 87' lang='lat' dir='ltr'><strong>daemone</strong></span> <span class='ocrx_word' id='word_1_357' title='bbox 1241 2509 1415 2554; x_wconf 77' lang='lat' dir='ltr'><strong>exagitari</strong></span> <span class='ocrx_word' id='word_1_358' title='bbox 1441 2506 1617 2540; x_wconf 86' lang='lat' dir='ltr'><strong>simulan-</strong></span> 
     </span>
     <span class='ocr_line' id='line_1_41' title="bbox 172 2555 1618 2606; baseline -0.008 -10"><span class='ocrx_word' id='word_1_359' title='bbox 172 2563 251 2598; x_wconf 63' lang='lat' dir='ltr'><strong>tes,</strong></span> <span class='ocrx_word' id='word_1_360' title='bbox 276 2558 439 2603; x_wconf 84' lang='lat' dir='ltr'><strong>graviora</strong></span> <span class='ocrx_word' id='word_1_361' title='bbox 459 2558 731 2600; x_wconf 81' lang='lat' dir='ltr'><strong>ominabantur‚</strong></span> <span class='ocrx_word' id='word_1_362' title='bbox 752 2565 924 2606; x_wconf 78' lang='lat' dir='ltr'><strong>tanquam</strong></span> <span class='ocrx_word' id='word_1_363' title='bbox 948 2571 969 2592; x_wconf 85' lang='lat' dir='ltr'><strong>a</strong></span> <span class='ocrx_word' id='word_1_364' title='bbox 989 2557 1158 2603; x_wconf 83' lang='lat' dir='ltr'><strong>spectris,</strong></span> <span class='ocrx_word' id='word_1_365' title='bbox 1182 2568 1276 2601; x_wconf 86' lang='lat' dir='ltr'><strong>quae</strong></span> <span class='ocrx_word' id='word_1_366' title='bbox 1300 2567 1338 2589; x_wconf 87' lang='lat' dir='ltr'><strong>se</strong></span> <span class='ocrx_word' id='word_1_367' title='bbox 1367 2555 1455 2599; x_wconf 83' lang='lat' dir='ltr'><strong>ipsis</strong></span> <span class='ocrx_word' id='word_1_368' title='bbox 1487 2555 1618 2586; x_wconf 83' lang='lat' dir='ltr'><strong>offere.</strong></span> 
     </span>
     <span class='ocr_line' id='line_1_42' title="bbox 173 2599 1614 2648; baseline -0.005 -10"><span class='ocrx_word' id='word_1_369' title='bbox 173 2602 274 2645; x_wconf 73' lang='lat' dir='ltr'><strong>bant,</strong></span> <span class='ocrx_word' id='word_1_370' title='bbox 294 2604 415 2637; x_wconf 85' lang='lat' dir='ltr'><strong>futura</strong></span> <span class='ocrx_word' id='word_1_371' title='bbox 438 2603 570 2646; x_wconf 87' lang='lat' dir='ltr'><strong>edocti,</strong></span> <span class='ocrx_word' id='word_1_372' title='bbox 599 2611 636 2639; x_wconf 85' lang='lat' dir='ltr'><strong>et</strong></span> <span class='ocrx_word' id='word_1_373' title='bbox 660 2606 891 2644; x_wconf 82' lang='lat' dir='ltr'><strong>vehementer</strong></span> <span class='ocrx_word' id='word_1_374' title='bbox 915 2617 978 2646; x_wconf 79' lang='lat' dir='ltr'><strong>sua</strong></span> <span class='ocrx_word' id='word_1_375' title='bbox 1005 2604 1151 2638; x_wconf 77' lang='lat' dir='ltr'><strong>miseria</strong></span> <span class='ocrx_word' id='word_1_376' title='bbox 1182 2604 1386 2648; x_wconf 84' lang='lat' dir='ltr'><strong>gloriantes.</strong></span> <span class='ocrx_word' id='word_1_377' title='bbox 1434 2599 1508 2633; x_wconf 87' lang='lat' dir='ltr'><strong>Alii</strong></span> <span class='ocrx_word' id='word_1_378' title='bbox 1529 2609 1614 2632; x_wconf 83' lang='lat' dir='ltr'><strong>vero</strong></span> 
     </span>
     <span class='ocr_line' id='line_1_43' title="bbox 171 2648 1616 2698; baseline -0.006 -12"><span class='ocrx_word' id='word_1_379' title='bbox 171 2656 351 2686; x_wconf 74' lang='lat' dir='ltr'><strong>astrorum</strong></span> <span class='ocrx_word' id='word_1_380' title='bbox 368 2650 537 2684; x_wconf 85' lang='lat' dir='ltr'><strong>decursus</strong></span> <span class='ocrx_word' id='word_1_381' title='bbox 565 2658 800 2698; x_wconf 83' lang='lat' dir='ltr'><strong>aspectusque</strong></span> <span class='ocrx_word' id='word_1_382' title='bbox 840 2652 1103 2697; x_wconf 58' lang='lat' dir='ltr'><strong>expendentes,</strong></span> <span class='ocrx_word' id='word_1_383' title='bbox 1137 2651 1291 2683; x_wconf 84' lang='lat' dir='ltr'><strong>maiores</strong></span> <span class='ocrx_word' id='word_1_384' title='bbox 1327 2648 1546 2681; x_wconf 84' lang='lat' dir='ltr'><strong>calamitates</strong></span> <span class='ocrx_word' id='word_1_385' title='bbox 1576 2651 1616 2679; x_wconf 81' lang='lat' dir='ltr'><strong>et</strong></span> 
     </span>
     <span class='ocr_line' id='line_1_44' title="bbox 173 2693 1615 2739; baseline -0.003 -8"><span class='ocrx_word' id='word_1_386' title='bbox 173 2708 400 2737; x_wconf 74' lang='lat' dir='ltr'><strong>communem</strong></span> <span class='ocrx_word' id='word_1_387' title='bbox 425 2703 564 2734; x_wconf 78' lang='lat' dir='ltr'><strong>tantum</strong></span> <span class='ocrx_word' id='word_1_388' title='bbox 582 2710 656 2732; x_wconf 89' lang='lat' dir='ltr'><strong>non</strong></span> <span class='ocrx_word' id='word_1_389' title='bbox 672 2711 790 2739; x_wconf 87' lang='lat' dir='ltr'><strong>rerum</strong></span> <span class='ocrx_word' id='word_1_390' title='bbox 807 2701 969 2739; x_wconf 79' lang='lat' dir='ltr'><strong>omnium</strong></span> <span class='ocrx_word' id='word_1_391' title='bbox 995 2698 1268 2731; x_wconf 87' lang='lat' dir='ltr'><strong>subversionem</strong></span> <span class='ocrx_word' id='word_1_392' title='bbox 1282 2693 1615 2739; x_wconf 79' lang='lat' dir='ltr'><strong>interpretabantur</strong></span> 
     </span>
     <span class='ocr_line' id='line_1_45' title="bbox 170 2740 1612 2793; baseline -0.001 -17"><span class='ocrx_word' id='word_1_393' title='bbox 170 2754 219 2776; x_wconf 69' lang='lat' dir='ltr'><strong>ae</strong></span> <span class='ocrx_word' id='word_1_394' title='bbox 240 2743 518 2786; x_wconf 69' lang='lat' dir='ltr'><strong>denuntiabant.</strong></span> <span class='ocrx_word' id='word_1_395' title='bbox 567 2744 668 2785; x_wconf 86' lang='lat' dir='ltr'><strong>Solet</strong></span> <span class='ocrx_word' id='word_1_396' title='bbox 692 2746 791 2787; x_wconf 84' lang='lat' dir='ltr'><strong>enim</strong></span> <span class='ocrx_word' id='word_1_397' title='bbox 820 2745 1027 2786; x_wconf 76' lang='lat' dir='ltr'><strong>istiusmodi</strong></span> <span class='ocrx_word' id='word_1_398' title='bbox 1053 2742 1364 2793; x_wconf 74' lang='lat' dir='ltr'><strong>homiuumturba</strong></span> <span class='ocrx_word' id='word_1_399' title='bbox 1385 2740 1612 2784; x_wconf 59' lang='lat' dir='ltr'><strong>difficillimis</strong></span> 
     </span>
    </p>
   </div>
  </div>
 </body>
</html>
