<?xml version="1.0" encoding="UTF-8"?>
<!DOCTYPE html PUBLIC "-//W3C//DTD XHTML 1.0 Transitional//EN"
    "http://www.w3.org/TR/xhtml1/DTD/xhtml1-transitional.dtd">
<html xmlns="http://www.w3.org/1999/xhtml" xml:lang="en" lang="en">
 <head>
  <title>
</title>
<meta http-equiv="Content-Type" content="text/html;charset=utf-8" />
  <meta name='ocr-system' content='tesseract 3.04.00' />
  <meta name='ocr-capabilities' content='ocr_page ocr_carea ocr_par ocr_line ocrx_word'/>
</head>
<body>
  <div class='ocr_page' id='page_1' title='image "./corpusscriptorum01niebuoft_0204.png"; bbox 0 0 1794 3112; ppageno 0'>
   <div class='ocr_carea' id='block_1_1' title="bbox 318 123 1145 183">
    <p class='ocr_par' dir='ltr' id='par_1_1' title="bbox 318 123 1145 183">
     <span class='ocr_line' id='line_1_1' title="bbox 318 123 1145 183; baseline 0.01 -7"><span class='ocrx_word' id='word_1_1' title='bbox 318 123 418 178; x_wconf 86' lang='lat'><strong>160</strong></span> <span class='ocrx_word' id='word_1_2' title='bbox 873 137 1145 183; x_wconf 76' lang='lat' dir='ltr'><strong>AGATmAE</strong></span> 
     </span>
    </p>
   </div>
   <div class='ocr_carea' id='block_1_2' title="bbox 121 236 1765 1506">
    <p class='ocr_par' dir='ltr' id='par_1_2' title="bbox 121 236 1765 1506">
     <span class='ocr_line' id='line_1_2' title="bbox 121 236 1707 297; baseline 0.005 -19"><span class='ocrx_word' id='word_1_3' title='bbox 121 253 160 288; x_wconf 72' lang='lat' dir='ltr'><strong>A,</strong></span> <span class='ocrx_word' id='word_1_4' title='bbox 176 253 211 287; x_wconf 74' lang='lat' dir='ltr'><strong>c,</strong></span> <span class='ocrx_word' id='word_1_5' title='bbox 226 253 293 297; x_wconf 77' lang='lat'><strong>554</strong></span> <span class='ocrx_word' id='word_1_6' title='bbox 305 253 456 279; x_wconf 86' lang='grc' dir='ltr'><em>πτοντι.</em></span> <span class='ocrx_word' id='word_1_7' title='bbox 485 237 530 278; x_wconf 85' lang='grc' dir='ltr'><strong>τὸ</strong></span> <span class='ocrx_word' id='word_1_8' title='bbox 547 236 623 292; x_wconf 76' lang='grc' dir='ltr'><em>γὰρ</em></span> <span class='ocrx_word' id='word_1_9' title='bbox 647 238 812 290; x_wconf 76' lang='grc' dir='ltr'><em>βέβαιον</em></span> <span class='ocrx_word' id='word_1_10' title='bbox 838 238 883 280; x_wconf 78' lang='grc' dir='ltr'><em>ἐν</em></span> <span class='ocrx_word' id='word_1_11' title='bbox 918 241 975 297; x_wconf 76' lang='grc' dir='ltr'><strong>τῷ</strong></span> <span class='ocrx_word' id='word_1_12' title='bbox 999 238 1146 297; x_wconf 71' lang='grc' dir='ltr'><em>εὐλόγῳ</em></span> <span class='ocrx_word' id='word_1_13' title='bbox 1177 243 1388 296; x_wconf 79' lang='grc' dir='ltr'><em>κρίνεσθαι</em></span> <span class='ocrx_word' id='word_1_14' title='bbox 1407 244 1490 297; x_wconf 79' lang='grc' dir='ltr'><em>χρή</em></span> <span class='ocrx_word' id='word_1_15' title='bbox 1505 275 1518 296; x_wconf 91' lang='grc'><em>,</em></span> <span class='ocrx_word' id='word_1_16' title='bbox 1561 246 1633 285; x_wconf 79' lang='grc' dir='ltr'><strong>καὶ</strong></span> <span class='ocrx_word' id='word_1_17' title='bbox 1660 243 1707 286; x_wconf 82' lang='grc' dir='ltr'><strong>τὸ</strong></span> 
     </span>
     <span class='ocr_line' id='line_1_3' title="bbox 167 300 1713 363; baseline 0.005 -23"><span class='ocrx_word' id='word_1_18' title='bbox 167 301 193 332; x_wconf 75' lang='grc' dir='ltr'><strong>Ῑ-</strong></span> <span class='ocrx_word' id='word_1_19' title='bbox 208 300 233 332; x_wconf 88' lang='lat'><strong>1·</strong></span> <span class='ocrx_word' id='word_1_20' title='bbox 250 301 293 334; x_wconf 83' lang='lat'><strong>28</strong></span> <span class='ocrx_word' id='word_1_21' title='bbox 307 303 560 355; x_wconf 75' lang='grc' dir='ltr'><em>ἐγκαρτερεῖν</em></span> <span class='ocrx_word' id='word_1_22' title='bbox 587 306 673 349; x_wconf 79' lang='grc' dir='ltr'><em>τοῖς</em></span> <span class='ocrx_word' id='word_1_23' title='bbox 699 301 899 355; x_wconf 79' lang='grc' dir='ltr'><em>παροῦσιν</em></span> <span class='ocrx_word' id='word_1_24' title='bbox 915 300 1002 344; x_wconf 55' lang='grc' dir='ltr'><em>ὀὐκ</em></span> <span class='ocrx_word' id='word_1_25' title='bbox 1030 305 1260 346; x_wconf 78' lang='grc' dir='ltr'><em>ἐπαινετέον</em></span> <span class='ocrx_word' id='word_1_26' title='bbox 1284 305 1373 357; x_wconf 68' lang='lat' dir='ltr'><strong>dei,</strong></span> <span class='ocrx_word' id='word_1_27' title='bbox 1413 303 1503 347; x_wconf 73' lang='grc' dir='ltr'><em>ἀλλ’</em></span> <span class='ocrx_word' id='word_1_28' title='bbox 1526 303 1588 349; x_wconf 74' lang='grc' dir='ltr'><strong>ὅτε</strong></span> <span class='ocrx_word' id='word_1_29' title='bbox 1610 321 1713 363; x_wconf 45' lang='grc' dir='ltr'><em>φροη-</em></span> 
     </span>
     <span class='ocr_line' id='line_1_4' title="bbox 308 363 1713 424; baseline 0.006 -21"><span class='ocrx_word' id='word_1_30' title='bbox 308 365 421 419; x_wconf 72' lang='grc' dir='ltr'><em>νήσει</em></span> <span class='ocrx_word' id='word_1_31' title='bbox 449 366 835 418; x_wconf 86' lang='grc' dir='ltr'><em>συμπαραγίγνεται.</em></span> <span class='ocrx_word' id='word_1_32' title='bbox 875 363 978 407; x_wconf 71' lang='grc' dir='ltr'><em>ἔνθα</em></span> <span class='ocrx_word' id='word_1_33' title='bbox 1010 369 1056 409; x_wconf 80' lang='grc' dir='ltr'><strong>δὲ</strong></span> <span class='ocrx_word' id='word_1_34' title='bbox 1089 367 1305 420; x_wconf 80' lang='grc' dir='ltr'><em>συμβαίνει</em></span> <span class='ocrx_word' id='word_1_35' title='bbox 1339 364 1397 410; x_wconf 72' lang='grc' dir='ltr'><em>ὧν</em></span> <span class='ocrx_word' id='word_1_36' title='bbox 1427 373 1505 423; x_wconf 86' lang='grc' dir='ltr'><strong>μὲν</strong></span> <span class='ocrx_word' id='word_1_37' title='bbox 1542 373 1611 412; x_wconf 89' lang='grc' dir='ltr'><strong>δεῖ</strong></span> <span class='ocrx_word' id='word_1_38' title='bbox 1639 386 1713 424; x_wconf 89' lang='grc' dir='ltr'><strong>με-</strong></span> 
     </span>
     <span class='ocr_line' id='line_1_5' title="bbox 270 427 1710 487; baseline 0.005 -18"><span class='ocrx_word' id='word_1_39' title='bbox 270 430 492 482; x_wconf 66' lang='grc' dir='ltr'><em>Βμνῆσθαι</em></span> <span class='ocrx_word' id='word_1_40' title='bbox 514 430 727 485; x_wconf 78' lang='grc' dir='ltr'><em>περιορᾷν,</em></span> <span class='ocrx_word' id='word_1_41' title='bbox 756 427 927 482; x_wconf 75' lang='grc' dir='ltr'><em>ἔχεσθαι</em></span> <span class='ocrx_word' id='word_1_42' title='bbox 954 431 998 471; x_wconf 84' lang='grc' dir='ltr'><strong>δὲ</strong></span> <span class='ocrx_word' id='word_1_43' title='bbox 1020 432 1101 472; x_wconf 76' lang='grc' dir='ltr'><strong>τῶν</strong></span> <span class='ocrx_word' id='word_1_44' title='bbox 1123 428 1170 472; x_wconf 81' lang='grc' dir='ltr'><em>οὗ</em></span> <span class='ocrx_word' id='word_1_45' title='bbox 1200 432 1504 487; x_wconf 83' lang='grc' dir='ltr'><em>προσηκόντων,</em></span> <span class='ocrx_word' id='word_1_46' title='bbox 1531 436 1710 477; x_wconf 71' lang='grc' dir='ltr'><em>ἐνταῦθα</em></span> 
     </span>
     <span class='ocr_line' id='line_1_6' title="bbox 307 491 1736 554; baseline 0.006 -23"><span class='ocrx_word' id='word_1_47' title='bbox 307 493 384 532; x_wconf 80' lang='grc' dir='ltr'><strong>τοῦ</strong></span> <span class='ocrx_word' id='word_1_48' title='bbox 407 491 655 545; x_wconf 84' lang='grc' dir='ltr'><em>μεταβάντος</em></span> <span class='ocrx_word' id='word_1_49' title='bbox 677 494 744 548; x_wconf 79' lang='grc' dir='ltr'><strong>ἐφ’</strong></span> <span class='ocrx_word' id='word_1_50' title='bbox 776 496 896 548; x_wconf 78' lang='grc' dir='ltr'><em>ἕτερα</em></span> <span class='ocrx_word' id='word_1_51' title='bbox 921 491 942 533; x_wconf 83' lang='grc' dir='ltr'><strong><em>ὅ</em></strong></span> <span class='ocrx_word' id='word_1_52' title='bbox 966 493 1146 548; x_wconf 81' lang='grc' dir='ltr'><em>βεβηκώς</em></span> <span class='ocrx_word' id='word_1_53' title='bbox 1167 496 1235 535; x_wconf 76' lang='grc' dir='ltr'><strong>ἐπὶ</strong></span> <span class='ocrx_word' id='word_1_54' title='bbox 1259 501 1344 543; x_wconf 87' lang='grc' dir='ltr'><em>τοῖς</em></span> <span class='ocrx_word' id='word_1_55' title='bbox 1371 500 1580 554; x_wconf 83' lang='grc' dir='ltr'><em>προτέροις</em></span> <span class='ocrx_word' id='word_1_56' title='bbox 1605 502 1736 550; x_wconf 83' lang='grc' dir='ltr'><em>μεμ-5</em></span> 
     </span>
     <span class='ocr_line' id='line_1_7' title="bbox 305 553 1713 617; baseline 0.005 -20"><span class='ocrx_word' id='word_1_57' title='bbox 305 556 507 610; x_wconf 87' lang='grc' dir='ltr'><em>πτότερος.</em></span> <span class='ocrx_word' id='word_1_58' title='bbox 547 559 679 597; x_wconf 77' lang='grc' dir='ltr'><em>ταῦτα</em></span> <span class='ocrx_word' id='word_1_59' title='bbox 712 556 761 611; x_wconf 72' lang='grc' dir='ltr'><strong>δὴ</strong></span> <span class='ocrx_word' id='word_1_60' title='bbox 791 553 863 599; x_wconf 76' lang='grc' dir='ltr'><strong>οὖν</strong></span> <span class='ocrx_word' id='word_1_61' title='bbox 897 558 935 599; x_wconf 86' lang='grc' dir='ltr'><em>οἱ</em></span> <span class='ocrx_word' id='word_1_62' title='bbox 961 559 1128 613; x_wconf 81' lang='grc' dir='ltr'><em>Πέρσαι</em></span> <span class='ocrx_word' id='word_1_63' title='bbox 1154 558 1451 612; x_wconf 73' lang='grc' dir='ltr'><em>πυνθανόμενοι</em></span> <span class='ocrx_word' id='word_1_64' title='bbox 1473 559 1576 617; x_wconf 79' lang='grc' dir='ltr'><em>πρὸς</em></span> <span class='ocrx_word' id='word_1_65' title='bbox 1597 562 1713 616; x_wconf 75' lang='grc' dir='ltr'><em>ἡμῶν</em></span> 
     </span>
     <span class='ocr_line' id='line_1_8' title="bbox 304 620 1712 679; baseline 0.004 -18"><span class='ocrx_word' id='word_1_66' title='bbox 304 622 380 661; x_wconf 69' lang='grc' dir='ltr'><strong>καί</strong></span> <span class='ocrx_word' id='word_1_67' title='bbox 398 621 621 673; x_wconf 87' lang='grc' dir='ltr'><em>συνίεντες,</em></span> <span class='ocrx_word' id='word_1_68' title='bbox 648 623 884 677; x_wconf 77' lang='grc' dir='ltr'><em>στέρξουσιν</em></span> <span class='ocrx_word' id='word_1_69' title='bbox 906 621 1016 676; x_wconf 75' lang='grc' dir='ltr'><em>ἡμᾶς</em></span> <span class='ocrx_word' id='word_1_70' title='bbox 1039 620 1224 674; x_wconf 83' lang='grc' dir='ltr'><em>εἰκότως,</em></span> <span class='ocrx_word' id='word_1_71' title='bbox 1262 622 1332 664; x_wconf 81' lang='grc' dir='ltr'>καί</span> <span class='ocrx_word' id='word_1_72' title='bbox 1360 623 1712 679; x_wconf 80' lang='grc' dir='ltr'><em>ὗπερμαχοῦνται,</em></span> 
     </span>
     <span class='ocr_line' id='line_1_9' title="bbox 305 680 1714 744; baseline 0.005 -20"><span class='ocrx_word' id='word_1_73' title='bbox 305 684 487 738; x_wconf 84' lang='grc' dir='ltr'><em>χρηστοί</em></span> <span class='ocrx_word' id='word_1_74' title='bbox 504 699 548 725; x_wconf 87' lang='grc' dir='ltr'><strong>τε</strong></span> <span class='ocrx_word' id='word_1_75' title='bbox 579 680 691 733; x_wconf 72' lang='grc' dir='ltr'><em>ὄντες</em></span> <span class='ocrx_word' id='word_1_76' title='bbox 714 687 786 727; x_wconf 82' lang='grc' dir='ltr'><em>καί</em></span> <span class='ocrx_word' id='word_1_77' title='bbox 808 685 1128 742; x_wconf 78' lang='grc' dir='ltr'><em>μεγαλόφρονες,</em></span> <span class='ocrx_word' id='word_1_78' title='bbox 1167 688 1238 727; x_wconf 84' lang='grc' dir='ltr'>καί</span> <span class='ocrx_word' id='word_1_79' title='bbox 1265 687 1393 728; x_wconf 74' lang='grc' dir='ltr'><em>δεινοὶ</em></span> <span class='ocrx_word' id='word_1_80' title='bbox 1421 689 1714 744; x_wconf 72' lang='grc' dir='ltr'><em>τεκμαίρεσθαι</em></span> 
     </span>
     <span class='ocr_line' id='line_1_10' title="bbox 305 747 1713 807; baseline 0.004 -18"><span class='ocrx_word' id='word_1_81' title='bbox 305 747 377 796; x_wconf 82' lang='grc' dir='ltr'><strong>τὰς</strong></span> <span class='ocrx_word' id='word_1_82' title='bbox 395 750 559 802; x_wconf 80' lang='grc' dir='ltr'><em>γνώμας</em></span> <span class='ocrx_word' id='word_1_83' title='bbox 587 751 669 790; x_wconf 78' lang='grc' dir='ltr'><strong>τῶν</strong></span> <span class='ocrx_word' id='word_1_84' title='bbox 690 753 840 802; x_wconf 80' lang='grc' dir='ltr'><em>πέλας,</em></span> <span class='ocrx_word' id='word_1_85' title='bbox 879 753 950 792; x_wconf 82' lang='grc' dir='ltr'><em>καί</em></span> <span class='ocrx_word' id='word_1_86' title='bbox 975 750 1079 806; x_wconf 88' lang='grc' dir='ltr'><em>πρός</em></span> <span class='ocrx_word' id='word_1_87' title='bbox 1108 766 1152 804; x_wconf 90' lang='grc' dir='ltr'><strong>γε</strong></span> <span class='ocrx_word' id='word_1_88' title='bbox 1171 748 1324 805; x_wconf 81' lang='grc' dir='ltr'><em>χώραν.</em></span> <span class='ocrx_word' id='word_1_89' title='bbox 1346 748 1476 800; x_wconf 74' lang='grc' dir='ltr'><em>οὕτως</em></span> <span class='ocrx_word' id='word_1_90' title='bbox 1506 754 1713 807; x_wconf 79' lang='grc' dir='ltr'><em>ἐπικαιρο-</em></span> 
     </span>
     <span class='ocr_line' id='line_1_11' title="bbox 306 810 1765 871; baseline 0.003 -18"><span class='ocrx_word' id='word_1_91' title='bbox 306 811 434 867; x_wconf 80' lang='grc' dir='ltr'><em>τάτην</em></span> <span class='ocrx_word' id='word_1_92' title='bbox 458 815 529 854; x_wconf 82' lang='grc' dir='ltr'>καί</span> <span class='ocrx_word' id='word_1_93' title='bbox 560 812 739 865; x_wconf 77' lang='grc' dir='ltr'><em>δύναμιν</em></span> <span class='ocrx_word' id='word_1_94' title='bbox 765 810 1014 869; x_wconf 68' lang='grc' dir='ltr'><em>ἀξιόχρεων,</em></span> <span class='ocrx_word' id='word_1_95' title='bbox 1052 813 1103 869; x_wconf 72' lang='grc' dir='ltr'><em>ἢν</em></span> <span class='ocrx_word' id='word_1_96' title='bbox 1128 814 1246 856; x_wconf 70' lang='grc' dir='ltr'><em>αὐτοὶ</em></span> <span class='ocrx_word' id='word_1_97' title='bbox 1269 813 1348 870; x_wconf 85' lang='grc' dir='ltr'><em>πρὸ</em></span> <span class='ocrx_word' id='word_1_98' title='bbox 1368 817 1528 857; x_wconf 74' lang='grc' dir='ltr'><em>πολλῶν</em></span> <span class='ocrx_word' id='word_1_99' title='bbox 1549 814 1765 871; x_wconf 66' lang='grc' dir='ltr'><em>χρημά-ιο</em></span> 
     </span>
     <span class='ocr_line' id='line_1_12' title="bbox 303 876 1712 933; baseline 0.003 -15"><span class='ocrx_word' id='word_1_100' title='bbox 303 893 384 918; x_wconf 89' lang='grc' dir='ltr'><strong>των</strong></span> <span class='ocrx_word' id='word_1_101' title='bbox 413 877 483 916; x_wconf 81' lang='grc' dir='ltr'><em>καί</em></span> <span class='ocrx_word' id='word_1_102' title='bbox 500 876 635 918; x_wconf 86' lang='grc' dir='ltr'><em>πόνων</em></span> <span class='ocrx_word' id='word_1_103' title='bbox 664 876 775 930; x_wconf 76' lang='grc' dir='ltr'><em>ἔχειν</em></span> <span class='ocrx_word' id='word_1_104' title='bbox 795 881 1012 931; x_wconf 78' lang='grc' dir='ltr'><em>τιμῶνται,</em></span> <span class='ocrx_word' id='word_1_105' title='bbox 1048 880 1105 927; x_wconf 83' lang='grc' dir='ltr'><strong>εἷς</strong></span> <span class='ocrx_word' id='word_1_106' title='bbox 1124 882 1368 932; x_wconf 84' lang='grc' dir='ltr'><em>συμμαχίαν</em></span> <span class='ocrx_word' id='word_1_107' title='bbox 1391 879 1712 933; x_wconf 79' lang='grc' dir='ltr'><em>αὕτεπάγγελτον</em></span> 
     </span>
     <span class='ocr_line' id='line_1_13' title="bbox 288 939 1714 998; baseline 0.002 -18"><span class='ocrx_word' id='word_1_108' title='bbox 288 939 698 994; x_wconf 66' lang='grc' dir='ltr'><em>προσλαμβάνοντες.</em></span> <span class='ocrx_word' id='word_1_109' title='bbox 728 939 786 995; x_wconf 76' lang='grc' dir='ltr'><em>μή</em></span> <span class='ocrx_word' id='word_1_110' title='bbox 808 943 943 984; x_wconf 81' lang='grc' dir='ltr'><em>τοίνυν</em></span> <span class='ocrx_word' id='word_1_111' title='bbox 967 942 1105 997; x_wconf 72' lang='grc' dir='ltr'><em>ἕτερόν</em></span> <span class='ocrx_word' id='word_1_112' title='bbox 1125 958 1166 983; x_wconf 92' lang='grc' dir='ltr'><strong>τι</strong></span> <span class='ocrx_word' id='word_1_113' title='bbox 1184 940 1296 998; x_wconf 78' lang='grc' dir='ltr'><em>παρὰ</em></span> <span class='ocrx_word' id='word_1_114' title='bbox 1317 944 1447 983; x_wconf 78' lang='grc' dir='ltr'><em>ταῦτα</em></span> <span class='ocrx_word' id='word_1_115' title='bbox 1469 943 1714 995; x_wconf 77' lang='grc' dir='ltr'><em>διανοεῖσθε,</em></span> 
     </span>
     <span class='ocr_line' id='line_1_14' title="bbox 308 1000 1714 1061; baseline 0.002 -17"><span class='ocrx_word' id='word_1_116' title='bbox 308 1000 399 1045; x_wconf 72' lang='grc' dir='ltr'><em>ἄλλ’</em></span> <span class='ocrx_word' id='word_1_117' title='bbox 423 1003 552 1052; x_wconf 70' lang='grc' dir='ltr'><em>εὐθὺς</em></span> <span class='ocrx_word' id='word_1_118' title='bbox 579 1005 800 1061; x_wconf 78' lang='grc' dir='ltr'><em>ἐπιχειρεῖν</em></span> <span class='ocrx_word' id='word_1_119' title='bbox 826 1012 912 1054; x_wconf 86' lang='grc' dir='ltr'><em>τοῖς</em></span> <span class='ocrx_word' id='word_1_120' title='bbox 936 1005 1170 1060; x_wconf 77' lang='grc' dir='ltr'><em>πράγμασι,</em></span> <span class='ocrx_word' id='word_1_121' title='bbox 1211 1008 1283 1047; x_wconf 86' lang='grc' dir='ltr'><em>καί</em></span> <span class='ocrx_word' id='word_1_122' title='bbox 1300 1003 1344 1047; x_wconf 78' lang='grc' dir='ltr'><strong>τὸ</strong></span> <span class='ocrx_word' id='word_1_123' title='bbox 1364 1007 1584 1059; x_wconf 68' lang='grc' dir='ltr'><em>μελετηθέν</em></span> <span class='ocrx_word' id='word_1_124' title='bbox 1615 1003 1714 1048; x_wconf 53' lang='grc' dir='ltr'><em>ἄναν-</em></span> 
     </span>
     <span class='ocr_line' id='line_1_15' title="bbox 268 1065 1713 1125; baseline 0.001 -18"><span class='ocrx_word' id='word_1_125' title='bbox 268 1067 547 1117; x_wconf 67' lang='grc' dir='ltr'><em>ρκαλύπτειν·</em></span> <span class='ocrx_word' id='word_1_126' title='bbox 577 1066 685 1110; x_wconf 74' lang='grc' dir='ltr'><em>οὕτω</em></span> <span class='ocrx_word' id='word_1_127' title='bbox 705 1068 780 1124; x_wconf 83' lang='grc' dir='ltr'><em>γὰρ</em></span> <span class='ocrx_word' id='word_1_128' title='bbox 809 1065 860 1111; x_wconf 71' lang='grc' dir='ltr'><em>ἂν</em></span> <span class='ocrx_word' id='word_1_129' title='bbox 887 1065 1072 1112; x_wconf 63' lang='grc' dir='ltr'><em>εὔκλειαν</em></span> <span class='ocrx_word' id='word_1_130' title='bbox 1094 1072 1287 1124; x_wconf 81' lang='grc' dir='ltr'><em>μεγίστην</em></span> <span class='ocrx_word' id='word_1_131' title='bbox 1313 1070 1530 1125; x_wconf 64' lang='grc' dir='ltr'><em>ἆροιζιιεθα,</em></span> <span class='ocrx_word' id='word_1_132' title='bbox 1559 1065 1652 1111; x_wconf 78' lang='grc' dir='ltr'><em>ὅσιά</em></span> <span class='ocrx_word' id='word_1_133' title='bbox 1668 1085 1713 1110; x_wconf 85' lang='grc' dir='ltr'><strong>τε</strong></span> 
     </span>
     <span class='ocr_line' id='line_1_16' title="bbox 304 1130 1762 1189; baseline 0.003 -18"><span class='ocrx_word' id='word_1_134' title='bbox 304 1133 480 1187; x_wconf 75' lang='grc' dir='ltr'><em>δρῶντες</em></span> <span class='ocrx_word' id='word_1_135' title='bbox 508 1130 580 1172; x_wconf 73' lang='grc' dir='ltr'><em>καί</em></span> <span class='ocrx_word' id='word_1_136' title='bbox 603 1134 768 1185; x_wconf 87' lang='grc' dir='ltr'><em>δίκαια,</em></span> <span class='ocrx_word' id='word_1_137' title='bbox 808 1132 879 1174; x_wconf 82' lang='grc' dir='ltr'><em>καί</em></span> <span class='ocrx_word' id='word_1_138' title='bbox 900 1131 997 1188; x_wconf 89' lang='grc' dir='ltr'><em>πρὸς</em></span> <span class='ocrx_word' id='word_1_139' title='bbox 1026 1131 1071 1175; x_wconf 84' lang='grc' dir='ltr'><strong>τὸ</strong></span> <span class='ocrx_word' id='word_1_140' title='bbox 1093 1139 1282 1175; x_wconf 84' lang='grc' dir='ltr'><em>συνοῖσον</em></span> <span class='ocrx_word' id='word_1_141' title='bbox 1302 1135 1596 1189; x_wconf 76' lang='grc' dir='ltr'><em>ἑξευρημένα.’,’</em></span> <span class='ocrx_word' id='word_1_142' title='bbox 1717 1144 1762 1183; x_wconf 76' lang='lat'><strong>15</strong></span> 
     </span>
     <span class='ocr_line' id='line_1_17' title="bbox 411 1192 1709 1251; baseline 0.002 -16"><span class='ocrx_word' id='word_1_143' title='bbox 411 1194 481 1235; x_wconf 90' lang='grc' dir='ltr'><em>ια’.</em></span> <span class='ocrx_word' id='word_1_144' title='bbox 539 1198 716 1236; x_wconf 76' lang='grc' dir='ltr'><em>Τοιαῦτα</em></span> <span class='ocrx_word' id='word_1_145' title='bbox 738 1199 814 1237; x_wconf 80' lang='grc' dir='ltr'><strong>τοῦ</strong></span> <span class='ocrx_word' id='word_1_146' title='bbox 846 1194 1005 1251; x_wconf 75' lang='grc' dir='ltr'><em>Αἰήτου</em></span> <span class='ocrx_word' id='word_1_147' title='bbox 1029 1195 1235 1248; x_wconf 86' lang='grc' dir='ltr'><em>εἰπόντος,</em></span> <span class='ocrx_word' id='word_1_148' title='bbox 1272 1197 1417 1238; x_wconf 74' lang='grc' dir='ltr'><em>αὐτίκα</em></span> <span class='ocrx_word' id='word_1_149' title='bbox 1441 1194 1548 1245; x_wconf 84' lang='grc' dir='ltr'><em>ἅπας</em></span> <span class='ocrx_word' id='word_1_150' title='bbox 1569 1196 1591 1237; x_wconf 82' lang='grc' dir='ltr'><em>ὃ</em></span> <span class='ocrx_word' id='word_1_151' title='bbox 1614 1192 1709 1248; x_wconf 79' lang='grc' dir='ltr'><em>δ’μι-</em></span> 
     </span>
     <span class='ocr_line' id='line_1_18' title="bbox 301 1259 1710 1316; baseline 0.001 -17"><span class='ocrx_word' id='word_1_152' title='bbox 301 1262 373 1306; x_wconf 86' lang='grc' dir='ltr'><strong>λος</strong></span> <span class='ocrx_word' id='word_1_153' title='bbox 391 1259 542 1313; x_wconf 75' lang='grc' dir='ltr'><em>ἐπῆρτο</em></span> <span class='ocrx_word' id='word_1_154' title='bbox 574 1262 645 1300; x_wconf 83' lang='grc' dir='ltr'><em>καί</em></span> <span class='ocrx_word' id='word_1_155' title='bbox 665 1259 813 1312; x_wconf 74' lang='grc' dir='ltr'><em>ἀνεβόα</em></span> <span class='ocrx_word' id='word_1_156' title='bbox 825 1294 837 1312; x_wconf 90' lang='grc'><em>,</em></span> <span class='ocrx_word' id='word_1_157' title='bbox 875 1260 947 1301; x_wconf 82' lang='grc' dir='ltr'><em>καί</em></span> <span class='ocrx_word' id='word_1_158' title='bbox 968 1259 1207 1316; x_wconf 72' lang='grc' dir='ltr'><em>αὐθημερὸν</em></span> <span class='ocrx_word' id='word_1_159' title='bbox 1233 1262 1339 1302; x_wconf 79' lang='grc' dir='ltr'><em>ἵεντο</em></span> <span class='ocrx_word' id='word_1_160' title='bbox 1366 1259 1710 1313; x_wconf 69' lang='grc' dir='ltr'><em>μετανίστασθαι,</em></span> 
     </span>
     <span class='ocr_line' id='line_1_19' title="bbox 300 1317 1712 1379; baseline 0.002 -17"><span class='ocrx_word' id='word_1_161' title='bbox 300 1317 398 1364; x_wconf 68' lang='grc' dir='ltr'><em>οὔτε</em></span> <span class='ocrx_word' id='word_1_162' title='bbox 418 1329 504 1370; x_wconf 88' lang='grc' dir='ltr'><em>τοῖς</em></span> <span class='ocrx_word' id='word_1_163' title='bbox 530 1324 719 1378; x_wconf 77' lang='grc' dir='ltr'><em>Πέρσαις</em></span> <span class='ocrx_word' id='word_1_164' title='bbox 745 1325 1094 1379; x_wconf 82' lang='grc' dir='ltr'><em>προεγνωσμένον,</em></span> <span class='ocrx_word' id='word_1_165' title='bbox 1133 1320 1226 1365; x_wconf 70' lang='grc' dir='ltr'><em>οὔτε</em></span> <span class='ocrx_word' id='word_1_166' title='bbox 1248 1321 1355 1366; x_wconf 73' lang='grc' dir='ltr'><em>οὕτω</em></span> <span class='ocrx_word' id='word_1_167' title='bbox 1380 1325 1712 1379; x_wconf 78' lang='grc' dir='ltr'><em>παρεσκευασμέ-</em></span> 
     </span>
     <span class='ocr_line' id='line_1_20' title="bbox 301 1384 1714 1442; baseline 0.001 -15"><span class='ocrx_word' id='word_1_168' title='bbox 301 1401 366 1427; x_wconf 80' lang='grc' dir='ltr'><strong>νοι</strong></span> <span class='ocrx_word' id='word_1_169' title='bbox 385 1386 441 1434; x_wconf 79' lang='grc' dir='ltr'><em>ὥς</em></span> <span class='ocrx_word' id='word_1_170' title='bbox 463 1388 679 1428; x_wconf 72' lang='grc' dir='ltr'><em>διαλαθεῖν</em></span> <span class='ocrx_word' id='word_1_171' title='bbox 701 1387 826 1440; x_wconf 77' lang='grc' dir='ltr'><em>τυχόν</em></span> <span class='ocrx_word' id='word_1_172' title='bbox 847 1384 873 1442; x_wconf 80' lang='grc' dir='ltr'><em>ἢ</em></span> <span class='ocrx_word' id='word_1_173' title='bbox 893 1387 964 1428; x_wconf 85' lang='grc' dir='ltr'><em>καί</em></span> <span class='ocrx_word' id='word_1_174' title='bbox 986 1388 1227 1440; x_wconf 69' lang='grc' dir='ltr'><em>ἀμύνασθαι</em></span> <span class='ocrx_word' id='word_1_175' title='bbox 1247 1386 1340 1435; x_wconf 80' lang='grc' dir='ltr'><em>τούς</em></span> <span class='ocrx_word' id='word_1_176' title='bbox 1366 1386 1605 1440; x_wconf 67' lang='grc' dir='ltr'><strong>εΡωμαίους</strong></span> <span class='ocrx_word' id='word_1_177' title='bbox 1621 1389 1714 1429; x_wconf 87' lang='grc' dir='ltr'><em>δια-</em></span> 
     </span>
     <span class='ocr_line' id='line_1_21' title="bbox 296 1449 1764 1506; baseline 0.001 -16"><span class='ocrx_word' id='word_1_178' title='bbox 296 1451 538 1502; x_wconf 75' lang='grc' dir='ltr'><em>κωλύοντας,</em></span> <span class='ocrx_word' id='word_1_179' title='bbox 557 1449 660 1492; x_wconf 71' lang='grc' dir='ltr'><em>ἄλλα</em></span> <span class='ocrx_word' id='word_1_180' title='bbox 674 1453 804 1506; x_wconf 83' lang='grc' dir='ltr'><em>μηδὲν</em></span> <span class='ocrx_word' id='word_1_181' title='bbox 821 1451 958 1494; x_wconf 76' lang='grc' dir='ltr'><em>ὁτιοῦν</em></span> <span class='ocrx_word' id='word_1_182' title='bbox 981 1453 1062 1494; x_wconf 78' lang='grc' dir='ltr'><strong>τῶν</strong></span> <span class='ocrx_word' id='word_1_183' title='bbox 1082 1454 1284 1504; x_wconf 79' lang='grc' dir='ltr'><em>ἐσομένων</em></span> <span class='ocrx_word' id='word_1_184' title='bbox 1301 1449 1594 1504; x_wconf 80' lang='grc' dir='ltr'><em>διανοούμενοι,</em></span> <span class='ocrx_word' id='word_1_185' title='bbox 1611 1450 1764 1505; x_wconf 58' lang='grc' dir='ltr'><em>μήτεῃο</em></span> 
     </span>
    </p>
   </div>
   <div class='ocr_carea' id='block_1_3' title="bbox 392 1539 1714 1767">
    <p class='ocr_par' dir='ltr' id='par_1_3' title="bbox 392 1539 1714 1767">
     <span class='ocr_line' id='line_1_22' title="bbox 393 1539 1714 1586; baseline 0.001 -14"><span class='ocrx_word' id='word_1_186' title='bbox 393 1553 423 1586; x_wconf 87' lang='lat'><strong>7.</strong></span> <span class='ocrx_word' id='word_1_187' title='bbox 446 1539 543 1585; x_wconf 75' lang='grc' dir='ltr'><strong>ὗμᾶς</strong></span> <span class='ocrx_word' id='word_1_188' title='bbox 564 1540 605 1576; x_wconf 83' lang='lat' dir='ltr'><strong>R.</strong></span> <span class='ocrx_word' id='word_1_189' title='bbox 654 1539 684 1572; x_wconf 91' lang='grc'><strong>8.</strong></span> <span class='ocrx_word' id='word_1_190' title='bbox 710 1548 748 1571; x_wconf 86' lang='grc' dir='ltr'><strong>τε</strong></span> <span class='ocrx_word' id='word_1_191' title='bbox 772 1550 838 1572; x_wconf 90' lang='lat' dir='ltr'><strong>om.</strong></span> <span class='ocrx_word' id='word_1_192' title='bbox 864 1541 899 1572; x_wconf 78' lang='lat' dir='ltr'><strong>R,</strong></span> <span class='ocrx_word' id='word_1_193' title='bbox 977 1541 1135 1573; x_wconf 69' lang='lat' dir='ltr'><strong>atalante</strong></span> <span class='ocrx_word' id='word_1_194' title='bbox 1159 1539 1277 1573; x_wconf 76' lang='grc' dir='ltr'><em>δεινοὶ</em></span> <span class='ocrx_word' id='word_1_195' title='bbox 1302 1539 1385 1574; x_wconf 83' lang='lat' dir='ltr'><strong>add.</strong></span> <span class='ocrx_word' id='word_1_196' title='bbox 1411 1549 1454 1571; x_wconf 84' lang='lat' dir='ltr'><strong>ex</strong></span> <span class='ocrx_word' id='word_1_197' title='bbox 1479 1539 1516 1571; x_wconf 86' lang='grc' dir='ltr'><strong>Β.</strong></span> <span class='ocrx_word' id='word_1_198' title='bbox 1542 1543 1578 1572; x_wconf 86' lang='lat' dir='ltr'><strong>et</strong></span> <span class='ocrx_word' id='word_1_199' title='bbox 1600 1539 1714 1584; x_wconf 85' lang='lat' dir='ltr'><strong>Intpr.</strong></span> 
     </span>
     <span class='ocr_line' id='line_1_23' title="bbox 397 1584 1709 1629; baseline -0.002 -10"><span class='ocrx_word' id='word_1_200' title='bbox 397 1585 590 1622; x_wconf 62' lang='lat' dir='ltr'><strong>nardum</strong></span> <span class='ocrx_word' id='word_1_201' title='bbox 615 1584 722 1628; x_wconf 84' lang='lat' dir='ltr'><strong>Lugd.</strong></span> <span class='ocrx_word' id='word_1_202' title='bbox 747 1590 784 1618; x_wconf 85' lang='lat' dir='ltr'><strong>et</strong></span> <span class='ocrx_word' id='word_1_203' title='bbox 800 1585 861 1619; x_wconf 85' lang='lat' dir='ltr'><strong>Ed.</strong></span> <span class='ocrx_word' id='word_1_204' title='bbox 886 1597 952 1629; x_wconf 69' lang='lat' dir='ltr'><strong>pr„</strong></span> <span class='ocrx_word' id='word_1_205' title='bbox 975 1585 1125 1619; x_wconf 82' lang='grc' dir='ltr'><em>πόντων</em></span> <span class='ocrx_word' id='word_1_206' title='bbox 1142 1587 1196 1625; x_wconf 69' lang='lat' dir='ltr'><strong>R„</strong></span> <span class='ocrx_word' id='word_1_207' title='bbox 1218 1584 1348 1629; x_wconf 85' lang='grc' dir='ltr'><em>πόρων</em></span> <span class='ocrx_word' id='word_1_208' title='bbox 1371 1585 1443 1618; x_wconf 84' lang='lat' dir='ltr'><strong>Par.</strong></span> <span class='ocrx_word' id='word_1_209' title='bbox 1459 1595 1501 1617; x_wconf 84' lang='lat' dir='ltr'><strong>ex</strong></span> <span class='ocrx_word' id='word_1_210' title='bbox 1512 1585 1601 1618; x_wconf 89' lang='lat' dir='ltr'><strong>coni.</strong></span> <span class='ocrx_word' id='word_1_211' title='bbox 1623 1585 1709 1618; x_wconf 86' lang='lat' dir='ltr'><strong>Bon.</strong></span> 
     </span>
     <span class='ocr_line' id='line_1_24' title="bbox 392 1629 1710 1676; baseline -0.002 -13"><span class='ocrx_word' id='word_1_212' title='bbox 392 1632 506 1672; x_wconf 87' lang='lat' dir='ltr'><strong>Vulc.‚</strong></span> <span class='ocrx_word' id='word_1_213' title='bbox 527 1631 637 1674; x_wconf 89' lang='lat' dir='ltr'><strong>Intpr.</strong></span> <span class='ocrx_word' id='word_1_214' title='bbox 666 1631 796 1664; x_wconf 85' lang='lat' dir='ltr'><strong>omisit.</strong></span> <span class='ocrx_word' id='word_1_215' title='bbox 881 1631 930 1674; x_wconf 75' lang='lat'><strong>14.</strong></span> <span class='ocrx_word' id='word_1_216' title='bbox 953 1633 1132 1676; x_wconf 82' lang='grc' dir='ltr'><em>μεγίστην</em></span> <span class='ocrx_word' id='word_1_217' title='bbox 1154 1632 1209 1670; x_wconf 74' lang='lat' dir='ltr'><strong>R„</strong></span> <span class='ocrx_word' id='word_1_218' title='bbox 1238 1630 1392 1674; x_wconf 78' lang='grc' dir='ltr'><em>ἀρίστην</em></span> <span class='ocrx_word' id='word_1_219' title='bbox 1413 1630 1503 1673; x_wconf 88' lang='lat' dir='ltr'><strong>vulg.</strong></span> <span class='ocrx_word' id='word_1_220' title='bbox 1571 1631 1573 1634; x_wconf 61' lang='lat'><strong>⁴</strong></span> <span class='ocrx_word' id='word_1_221' title='bbox 1603 1629 1710 1676; x_wconf 72' lang='grc' dir='ltr'><em>ἀροί-</em></span> 
     </span>
     <span class='ocr_line' id='line_1_25' title="bbox 392 1673 1710 1722; baseline -0.001 -14"><span class='ocrx_word' id='word_1_222' title='bbox 392 1681 494 1722; x_wconf 70' lang='grc' dir='ltr'><em>μεθα</em></span> <span class='ocrx_word' id='word_1_223' title='bbox 516 1679 565 1716; x_wconf 65' lang='lat' dir='ltr'><strong>R„</strong></span> <span class='ocrx_word' id='word_1_224' title='bbox 586 1674 767 1720; x_wconf 72' lang='grc' dir='ltr'><em>ἑλοίμεθα</em></span> <span class='ocrx_word' id='word_1_225' title='bbox 795 1676 885 1720; x_wconf 83' lang='lat' dir='ltr'>vulg.</span> <span class='ocrx_word' id='word_1_226' title='bbox 984 1675 1129 1712; x_wconf 79' lang='grc' dir='ltr'><em>ι8.οὐ’τε</em></span> <span class='ocrx_word' id='word_1_227' title='bbox 1149 1675 1243 1709; x_wconf 72' lang='grc' dir='ltr'><em>οὕτω</em></span> <span class='ocrx_word' id='word_1_228' title='bbox 1266 1675 1374 1719; x_wconf 80' lang='lat' dir='ltr'><strong>Lugd.</strong></span> <span class='ocrx_word' id='word_1_229' title='bbox 1395 1679 1432 1708; x_wconf 82' lang='lat' dir='ltr'><strong>et</strong></span> <span class='ocrx_word' id='word_1_230' title='bbox 1444 1674 1505 1707; x_wconf 82' lang='lat' dir='ltr'><strong>Ed.</strong></span> <span class='ocrx_word' id='word_1_231' title='bbox 1530 1684 1596 1719; x_wconf 68' lang='lat' dir='ltr'><strong>pn,</strong></span> <span class='ocrx_word' id='word_1_232' title='bbox 1622 1673 1710 1709; x_wconf 69' lang='grc' dir='ltr'><em>οὔτε</em></span> 
     </span>
     <span class='ocr_line' id='line_1_26' title="bbox 396 1720 981 1767; baseline -0.002 -12"><span class='ocrx_word' id='word_1_233' title='bbox 396 1721 465 1767; x_wconf 81' lang='grc' dir='ltr'><strong>ὅτῳ</strong></span> <span class='ocrx_word' id='word_1_234' title='bbox 483 1724 538 1763; x_wconf 88' lang='lat' dir='ltr'><strong>R.,</strong></span> <span class='ocrx_word' id='word_1_235' title='bbox 564 1721 647 1754; x_wconf 79' lang='grc' dir='ltr'><em>οὔτε</em></span> <span class='ocrx_word' id='word_1_236' title='bbox 666 1720 772 1754; x_wconf 72' lang='grc' dir='ltr'><em>αὐτοὶ</em></span> <span class='ocrx_word' id='word_1_237' title='bbox 791 1720 886 1754; x_wconf 80' lang='grc' dir='ltr'><em>οὕτω</em></span> <span class='ocrx_word' id='word_1_238' title='bbox 908 1722 981 1754; x_wconf 89' lang='lat' dir='ltr'><strong>Par.</strong></span> 
     </span>
    </p>
   </div>
   <div class='ocr_carea' id='block_1_4' title="bbox 297 1802 1706 2710">
    <p class='ocr_par' dir='ltr' id='par_1_4' title="bbox 297 1802 1706 2532">
     <span class='ocr_line' id='line_1_27' title="bbox 301 1802 1704 1847; baseline -0.001 -8"><span class='ocrx_word' id='word_1_239' title='bbox 301 1810 383 1845; x_wconf 89' lang='lat' dir='ltr'><strong>tur,</strong></span> <span class='ocrx_word' id='word_1_240' title='bbox 418 1803 658 1836; x_wconf 87' lang='lat' dir='ltr'><strong>inconsultum</strong></span> <span class='ocrx_word' id='word_1_241' title='bbox 684 1804 836 1847; x_wconf 87' lang='lat' dir='ltr'><strong>putarim</strong></span> <span class='ocrx_word' id='word_1_242' title='bbox 864 1814 937 1836; x_wconf 90' lang='lat' dir='ltr'><strong>non</strong></span> <span class='ocrx_word' id='word_1_243' title='bbox 967 1804 1085 1836; x_wconf 79' lang='lat' dir='ltr'><strong>statim</strong></span> <span class='ocrx_word' id='word_1_244' title='bbox 1118 1802 1302 1836; x_wconf 83' lang='lat' dir='ltr'><strong>eventibus</strong></span> <span class='ocrx_word' id='word_1_245' title='bbox 1331 1802 1592 1836; x_wconf 80' lang='lat' dir='ltr'><strong>accommodari.</strong></span> <span class='ocrx_word' id='word_1_246' title='bbox 1651 1803 1704 1837; x_wconf 88' lang='lat' dir='ltr'><strong>De</strong></span> 
     </span>
     <span class='ocr_line' id='line_1_28' title="bbox 297 1848 1706 1884; baseline -0.002 0"><span class='ocrx_word' id='word_1_247' title='bbox 297 1851 499 1884; x_wconf 72' lang='lat' dir='ltr'><strong>constantia</strong></span> <span class='ocrx_word' id='word_1_248' title='bbox 529 1850 624 1881; x_wconf 87' lang='lat' dir='ltr'><strong>enim</strong></span> <span class='ocrx_word' id='word_1_249' title='bbox 654 1859 697 1880; x_wconf 81' lang='lat' dir='ltr'><strong>ex</strong></span> <span class='ocrx_word' id='word_1_250' title='bbox 727 1848 833 1881; x_wconf 86' lang='lat' dir='ltr'><strong>rebus</strong></span> <span class='ocrx_word' id='word_1_251' title='bbox 869 1849 1000 1881; x_wconf 84' lang='lat' dir='ltr'><strong>rationi</strong></span> <span class='ocrx_word' id='word_1_252' title='bbox 1033 1849 1279 1882; x_wconf 82' lang='lat' dir='ltr'><strong>consentaneis</strong></span> <span class='ocrx_word' id='word_1_253' title='bbox 1304 1849 1344 1881; x_wconf 85' lang='lat' dir='ltr'><strong>fit</strong></span> <span class='ocrx_word' id='word_1_254' title='bbox 1370 1849 1552 1880; x_wconf 84' lang='lat' dir='ltr'><strong>iudicium.</strong></span> <span class='ocrx_word' id='word_1_255' title='bbox 1603 1848 1706 1882; x_wconf 87' lang='lat' dir='ltr'><strong>Prae-</strong></span> 
     </span>
     <span class='ocr_line' id='line_1_29' title="bbox 301 1894 1703 1938; baseline -0.001 -9"><span class='ocrx_word' id='word_1_256' title='bbox 301 1898 455 1930; x_wconf 85' lang='lat' dir='ltr'><strong>sentium</strong></span> <span class='ocrx_word' id='word_1_257' title='bbox 489 1905 571 1927; x_wconf 89' lang='lat' dir='ltr'><strong>vero</strong></span> <span class='ocrx_word' id='word_1_258' title='bbox 608 1905 723 1926; x_wconf 82' lang='lat' dir='ltr'><strong>rerum</strong></span> <span class='ocrx_word' id='word_1_259' title='bbox 768 1899 896 1926; x_wconf 80' lang='lat' dir='ltr'><strong>statum</strong></span> <span class='ocrx_word' id='word_1_260' title='bbox 931 1899 1130 1926; x_wconf 82' lang='lat' dir='ltr'><strong>constanter</strong></span> <span class='ocrx_word' id='word_1_261' title='bbox 1163 1894 1331 1933; x_wconf 87' lang='lat' dir='ltr'><strong>tolerare,</strong></span> <span class='ocrx_word' id='word_1_262' title='bbox 1375 1902 1447 1926; x_wconf 88' lang='lat' dir='ltr'><strong>non</strong></span> <span class='ocrx_word' id='word_1_263' title='bbox 1481 1904 1617 1938; x_wconf 84' lang='lat' dir='ltr'><strong>semper</strong></span> <span class='ocrx_word' id='word_1_264' title='bbox 1649 1899 1703 1927; x_wconf 82' lang='lat' dir='ltr'><strong>est</strong></span> 
     </span>
     <span class='ocr_line' id='line_1_30' title="bbox 301 1938 1702 1984; baseline -0.002 -9"><span class='ocrx_word' id='word_1_265' title='bbox 301 1941 503 1980; x_wconf 87' lang='lat' dir='ltr'><strong>laudabile,</strong></span> <span class='ocrx_word' id='word_1_266' title='bbox 533 1939 596 1972; x_wconf 72' lang='lat' dir='ltr'><strong>sed</strong></span> <span class='ocrx_word' id='word_1_267' title='bbox 627 1938 768 1984; x_wconf 80' lang='lat' dir='ltr'><strong>quando</strong></span> <span class='ocrx_word' id='word_1_268' title='bbox 796 1951 866 1971; x_wconf 85' lang='lat' dir='ltr'><strong>una</strong></span> <span class='ocrx_word' id='word_1_269' title='bbox 897 1940 996 1972; x_wconf 84' lang='lat' dir='ltr'><strong>adest</strong></span> <span class='ocrx_word' id='word_1_270' title='bbox 1026 1939 1225 1983; x_wconf 80' lang='lat' dir='ltr'><strong>prudentia.</strong></span> <span class='ocrx_word' id='word_1_271' title='bbox 1278 1938 1345 1971; x_wconf 90' lang='lat' dir='ltr'><strong>Ubi</strong></span> <span class='ocrx_word' id='word_1_272' title='bbox 1378 1944 1495 1971; x_wconf 88' lang='lat' dir='ltr'><strong>autem</strong></span> <span class='ocrx_word' id='word_1_273' title='bbox 1529 1939 1702 1983; x_wconf 82' lang='lat' dir='ltr'><strong>contingit</strong></span> 
     </span>
     <span class='ocr_line' id='line_1_31' title="bbox 304 1983 1699 2032; baseline -0.002 -13"><span class='ocrx_word' id='word_1_274' title='bbox 304 1998 394 2032; x_wconf 87' lang='lat' dir='ltr'><strong>quae</strong></span> <span class='ocrx_word' id='word_1_275' title='bbox 419 1997 520 2019; x_wconf 86' lang='lat' dir='ltr'><strong>curae</strong></span> <span class='ocrx_word' id='word_1_276' title='bbox 544 1995 618 2018; x_wconf 85' lang='lat' dir='ltr'><strong>esse</strong></span> <span class='ocrx_word' id='word_1_277' title='bbox 643 1984 831 2028; x_wconf 83' lang='lat' dir='ltr'><strong>oportebat</strong></span> <span class='ocrx_word' id='word_1_278' title='bbox 852 1986 1048 2029; x_wconf 81' lang='lat' dir='ltr'><strong>negligere,</strong></span> <span class='ocrx_word' id='word_1_279' title='bbox 1082 1990 1118 2017; x_wconf 90' lang='lat' dir='ltr'><strong>et</strong></span> <span class='ocrx_word' id='word_1_280' title='bbox 1149 1995 1239 2029; x_wconf 84' lang='lat' dir='ltr'><strong>quae</strong></span> <span class='ocrx_word' id='word_1_281' title='bbox 1271 1995 1343 2016; x_wconf 89' lang='lat' dir='ltr'><strong>non</strong></span> <span class='ocrx_word' id='word_1_282' title='bbox 1375 1983 1477 2016; x_wconf 85' lang='lat' dir='ltr'><strong>decet</strong></span> <span class='ocrx_word' id='word_1_283' title='bbox 1511 1985 1699 2028; x_wconf 86' lang='lat' dir='ltr'><strong>amplecti;</strong></span> 
     </span>
     <span class='ocr_line' id='line_1_32' title="bbox 304 2029 1698 2076; baseline -0.003 -10"><span class='ocrx_word' id='word_1_284' title='bbox 304 2033 358 2066; x_wconf 89' lang='lat' dir='ltr'><strong>ibi</strong></span> <span class='ocrx_word' id='word_1_285' title='bbox 375 2033 483 2076; x_wconf 82' lang='lat' dir='ltr'><strong>magis</strong></span> <span class='ocrx_word' id='word_1_286' title='bbox 515 2029 707 2074; x_wconf 87' lang='lat' dir='ltr'><strong>culpandus</strong></span> <span class='ocrx_word' id='word_1_287' title='bbox 741 2032 850 2070; x_wconf 87' lang='lat' dir='ltr'><strong>venit,</strong></span> <span class='ocrx_word' id='word_1_288' title='bbox 875 2031 937 2074; x_wconf 88' lang='lat' dir='ltr'><strong>qui</strong></span> <span class='ocrx_word' id='word_1_289' title='bbox 966 2030 1143 2074; x_wconf 86' lang='lat' dir='ltr'><strong>prioribus</strong></span> <span class='ocrx_word' id='word_1_290' title='bbox 1179 2029 1398 2062; x_wconf 84' lang='lat' dir='ltr'><strong>adhaerescit</strong></span> <span class='ocrx_word' id='word_1_291' title='bbox 1421 2034 1526 2073; x_wconf 89' lang='lat' dir='ltr'><strong>atque</strong></span> <span class='ocrx_word' id='word_1_292' title='bbox 1550 2030 1698 2071; x_wconf 77' lang='lat' dir='ltr'><strong>insistit,</strong></span> 
     </span>
     <span class='ocr_line' id='line_1_33' title="bbox 305 2074 1699 2123; baseline -0.002 -13"><span class='ocrx_word' id='word_1_293' title='bbox 305 2090 410 2123; x_wconf 86' lang='lat' dir='ltr'><strong>quam</strong></span> <span class='ocrx_word' id='word_1_294' title='bbox 431 2078 491 2122; x_wconf 90' lang='lat' dir='ltr'><strong>qui</strong></span> <span class='ocrx_word' id='word_1_295' title='bbox 517 2076 562 2109; x_wconf 91' lang='lat' dir='ltr'><strong>ad</strong></span> <span class='ocrx_word' id='word_1_296' title='bbox 584 2076 652 2108; x_wconf 89' lang='lat' dir='ltr'><strong>alia</strong></span> <span class='ocrx_word' id='word_1_297' title='bbox 676 2086 712 2108; x_wconf 88' lang='lat' dir='ltr'><strong>se</strong></span> <span class='ocrx_word' id='word_1_298' title='bbox 735 2076 908 2108; x_wconf 86' lang='lat' dir='ltr'><strong>transfert.</strong></span> <span class='ocrx_word' id='word_1_299' title='bbox 957 2076 1050 2108; x_wconf 88' lang='lat' dir='ltr'><strong>Haec</strong></span> <span class='ocrx_word' id='word_1_300' title='bbox 1074 2076 1193 2120; x_wconf 87' lang='lat' dir='ltr'><strong>itaque</strong></span> <span class='ocrx_word' id='word_1_301' title='bbox 1217 2086 1295 2106; x_wconf 90' lang='lat' dir='ltr'><strong>cum</strong></span> <span class='ocrx_word' id='word_1_302' title='bbox 1330 2086 1348 2107; x_wconf 90' lang='lat' dir='ltr'><strong>e</strong></span> <span class='ocrx_word' id='word_1_303' title='bbox 1378 2074 1482 2107; x_wconf 89' lang='lat' dir='ltr'><strong>nobis</strong></span> <span class='ocrx_word' id='word_1_304' title='bbox 1518 2075 1699 2110; x_wconf 81' lang='lat' dir='ltr'><strong>audierint</strong></span> 
     </span>
     <span class='ocr_line' id='line_1_34' title="bbox 303 2121 1695 2166; baseline -0.001 -10"><span class='ocrx_word' id='word_1_305' title='bbox 303 2124 617 2166; x_wconf 82' lang='lat' dir='ltr'><strong>intellexerintque</strong></span> <span class='ocrx_word' id='word_1_306' title='bbox 657 2123 799 2160; x_wconf 81' lang='lat' dir='ltr'><strong>Persae,</strong></span> <span class='ocrx_word' id='word_1_307' title='bbox 839 2131 954 2153; x_wconf 87' lang='lat' dir='ltr'><strong>amore</strong></span> <span class='ocrx_word' id='word_1_308' title='bbox 988 2131 1051 2153; x_wconf 87' lang='lat' dir='ltr'><strong>suo</strong></span> <span class='ocrx_word' id='word_1_309' title='bbox 1085 2122 1211 2152; x_wconf 87' lang='lat' dir='ltr'><strong>merito</strong></span> <span class='ocrx_word' id='word_1_310' title='bbox 1249 2131 1313 2153; x_wconf 87' lang='lat' dir='ltr'><strong>nos</strong></span> <span class='ocrx_word' id='word_1_311' title='bbox 1351 2121 1627 2163; x_wconf 82' lang='lat' dir='ltr'><strong>complectentur</strong></span> <span class='ocrx_word' id='word_1_312' title='bbox 1658 2126 1695 2154; x_wconf 85' lang='lat' dir='ltr'><strong>et</strong></span> 
     </span>
     <span class='ocr_line' id='line_1_35' title="bbox 302 2165 1694 2213; baseline -0.001 -12"><span class='ocrx_word' id='word_1_313' title='bbox 302 2168 596 2213; x_wconf 82' lang='lat' dir='ltr'><strong>propugnabunt‚</strong></span> <span class='ocrx_word' id='word_1_314' title='bbox 621 2178 699 2199; x_wconf 88' lang='lat' dir='ltr'><strong>cum</strong></span> <span class='ocrx_word' id='word_1_315' title='bbox 741 2168 814 2199; x_wconf 90' lang='lat' dir='ltr'><strong>sint</strong></span> <span class='ocrx_word' id='word_1_316' title='bbox 853 2165 997 2198; x_wconf 83' lang='lat' dir='ltr'><strong>humani</strong></span> <span class='ocrx_word' id='word_1_317' title='bbox 1028 2167 1160 2209; x_wconf 87' lang='lat' dir='ltr'><strong>pariter</strong></span> <span class='ocrx_word' id='word_1_318' title='bbox 1203 2170 1240 2198; x_wconf 88' lang='lat' dir='ltr'><strong>et</strong></span> <span class='ocrx_word' id='word_1_319' title='bbox 1284 2165 1518 2209; x_wconf 85' lang='lat' dir='ltr'><strong>magnanimi,</strong></span> <span class='ocrx_word' id='word_1_320' title='bbox 1561 2167 1694 2211; x_wconf 87' lang='lat' dir='ltr'><strong>quique</strong></span> 
     </span>
     <span class='ocr_line' id='line_1_36' title="bbox 303 2211 1694 2255; baseline -0.001 -9"><span class='ocrx_word' id='word_1_321' title='bbox 303 2215 534 2246; x_wconf 85' lang='lat' dir='ltr'><strong>finitimorum</strong></span> <span class='ocrx_word' id='word_1_322' title='bbox 558 2213 690 2245; x_wconf 83' lang='lat' dir='ltr'><strong>animos</strong></span> <span class='ocrx_word' id='word_1_323' title='bbox 722 2212 854 2255; x_wconf 88' lang='lat' dir='ltr'><strong>optime</strong></span> <span class='ocrx_word' id='word_1_324' title='bbox 878 2212 1059 2255; x_wconf 71' lang='lat' dir='ltr'><strong>explorare</strong></span> <span class='ocrx_word' id='word_1_325' title='bbox 1085 2215 1233 2252; x_wconf 75' lang='lat' dir='ltr'><strong>norunt3</strong></span> <span class='ocrx_word' id='word_1_326' title='bbox 1271 2216 1307 2243; x_wconf 87' lang='lat' dir='ltr'><strong>et</strong></span> <span class='ocrx_word' id='word_1_327' title='bbox 1331 2211 1426 2255; x_wconf 90' lang='lat' dir='ltr'><strong>quod</strong></span> <span class='ocrx_word' id='word_1_328' title='bbox 1449 2211 1597 2255; x_wconf 83' lang='lat' dir='ltr'><strong>amplius</strong></span> <span class='ocrx_word' id='word_1_329' title='bbox 1629 2216 1694 2251; x_wconf 88' lang='lat' dir='ltr'><strong>est,</strong></span> 
     </span>
     <span class='ocr_line' id='line_1_37' title="bbox 304 2256 1695 2304; baseline -0.003 -12"><span class='ocrx_word' id='word_1_330' title='bbox 304 2261 400 2304; x_wconf 90' lang='lat' dir='ltr'><strong>regio</strong></span> <span class='ocrx_word' id='word_1_331' title='bbox 427 2259 514 2291; x_wconf 83' lang='lat' dir='ltr'><strong>adeo</strong></span> <span class='ocrx_word' id='word_1_332' title='bbox 539 2263 750 2302; x_wconf 84' lang='lat' dir='ltr'><strong>opportuna,</strong></span> <span class='ocrx_word' id='word_1_333' title='bbox 775 2256 934 2300; x_wconf 85' lang='lat' dir='ltr'><strong>adeoque</strong></span> <span class='ocrx_word' id='word_1_334' title='bbox 952 2256 1114 2299; x_wconf 81' lang='lat' dir='ltr'><strong>-insignis</strong></span> <span class='ocrx_word' id='word_1_335' title='bbox 1141 2257 1331 2295; x_wconf 78' lang='lat' dir='ltr'><strong>exercitus,</strong></span> <span class='ocrx_word' id='word_1_336' title='bbox 1359 2267 1463 2300; x_wconf 88' lang='lat' dir='ltr'><strong>quem</strong></span> <span class='ocrx_word' id='word_1_337' title='bbox 1496 2257 1552 2290; x_wconf 85' lang='lat' dir='ltr'><strong>illi</strong></span> <span class='ocrx_word' id='word_1_338' title='bbox 1575 2256 1695 2289; x_wconf 81' lang='lat' dir='ltr'><strong>multis</strong></span> 
     </span>
     <span class='ocr_line' id='line_1_38' title="bbox 303 2301 1694 2350; baseline -0.002 -13"><span class='ocrx_word' id='word_1_339' title='bbox 303 2305 464 2350; x_wconf 87' lang='lat' dir='ltr'><strong>pecuniis</strong></span> <span class='ocrx_word' id='word_1_340' title='bbox 495 2304 694 2348; x_wconf 82' lang='lat' dir='ltr'><strong>opibusque</strong></span> <span class='ocrx_word' id='word_1_341' title='bbox 727 2302 899 2346; x_wconf 84' lang='lat' dir='ltr'><strong>potiorem</strong></span> <span class='ocrx_word' id='word_1_342' title='bbox 932 2301 1117 2340; x_wconf 83' lang='lat' dir='ltr'><strong>duxerint,</strong></span> <span class='ocrx_word' id='word_1_343' title='bbox 1145 2306 1339 2343; x_wconf 85' lang='lat' dir='ltr'><strong>spontanea</strong></span> <span class='ocrx_word' id='word_1_344' title='bbox 1363 2301 1634 2334; x_wconf 80' lang='lat' dir='ltr'><strong>denuntiatione</strong></span> <span class='ocrx_word' id='word_1_345' title='bbox 1654 2302 1694 2334; x_wconf 85' lang='lat' dir='ltr'><strong>in</strong></span> 
     </span>
     <span class='ocr_line' id='line_1_39' title="bbox 303 2346 1692 2391; baseline -0.004 -8"><span class='ocrx_word' id='word_1_346' title='bbox 303 2351 393 2383; x_wconf 85' lang='lat' dir='ltr'><strong>belli</strong></span> <span class='ocrx_word' id='word_1_347' title='bbox 414 2351 618 2382; x_wconf 81' lang='lat' dir='ltr'><strong>societatem</strong></span> <span class='ocrx_word' id='word_1_348' title='bbox 642 2348 686 2380; x_wconf 87' lang='lat' dir='ltr'><strong>ab</strong></span> <span class='ocrx_word' id='word_1_349' title='bbox 712 2348 795 2391; x_wconf 85' lang='lat' dir='ltr'><strong>ipsis</strong></span> <span class='ocrx_word' id='word_1_350' title='bbox 822 2347 929 2379; x_wconf 83' lang='lat' dir='ltr'><strong>suerit</strong></span> <span class='ocrx_word' id='word_1_351' title='bbox 951 2346 1112 2380; x_wconf 83' lang='lat' dir='ltr'><strong>admissa.</strong></span> <span class='ocrx_word' id='word_1_352' title='bbox 1149 2346 1210 2378; x_wconf 81' lang='lat' dir='ltr'><strong>Ne</strong></span> <span class='ocrx_word' id='word_1_353' title='bbox 1226 2346 1309 2390; x_wconf 89' lang='lat' dir='ltr'><strong>quid</strong></span> <span class='ocrx_word' id='word_1_354' title='bbox 1334 2347 1440 2390; x_wconf 85' lang='lat' dir='ltr'><strong>igitur</strong></span> <span class='ocrx_word' id='word_1_355' title='bbox 1463 2346 1562 2379; x_wconf 89' lang='lat' dir='ltr'><strong>aliud</strong></span> <span class='ocrx_word' id='word_1_356' title='bbox 1589 2357 1692 2390; x_wconf 81' lang='lat' dir='ltr'><strong>prae—</strong></span> 
     </span>
     <span class='ocr_line' id='line_1_40' title="bbox 305 2391 1693 2438; baseline -0.004 -9"><span class='ocrx_word' id='word_1_357' title='bbox 305 2401 360 2430; x_wconf 82' lang='lat' dir='ltr'><strong>ter</strong></span> <span class='ocrx_word' id='word_1_358' title='bbox 383 2394 470 2428; x_wconf 81' lang='lat' dir='ltr'><strong>haec</strong></span> <span class='ocrx_word' id='word_1_359' title='bbox 492 2394 664 2438; x_wconf 81' lang='lat' dir='ltr'><strong>cogitetis,</strong></span> <span class='ocrx_word' id='word_1_360' title='bbox 688 2393 750 2425; x_wconf 89' lang='lat' dir='ltr'><strong>sed</strong></span> <span class='ocrx_word' id='word_1_361' title='bbox 773 2393 887 2425; x_wconf 86' lang='lat' dir='ltr'><strong>statim</strong></span> <span class='ocrx_word' id='word_1_362' title='bbox 911 2403 983 2424; x_wconf 89' lang='lat' dir='ltr'><strong>rem</strong></span> <span class='ocrx_word' id='word_1_363' title='bbox 1003 2393 1115 2436; x_wconf 85' lang='lat' dir='ltr'><strong>ipsam</strong></span> <span class='ocrx_word' id='word_1_364' title='bbox 1135 2391 1376 2435; x_wconf 83' lang='lat' dir='ltr'><strong>aggredimini,</strong></span> <span class='ocrx_word' id='word_1_365' title='bbox 1401 2397 1438 2424; x_wconf 91' lang='lat' dir='ltr'><strong>et</strong></span> <span class='ocrx_word' id='word_1_366' title='bbox 1459 2391 1555 2437; x_wconf 87' lang='lat' dir='ltr'><strong>quod</strong></span> <span class='ocrx_word' id='word_1_367' title='bbox 1578 2391 1693 2423; x_wconf 84' lang='lat' dir='ltr'><strong>animo</strong></span> 
     </span>
     <span class='ocr_line' id='line_1_41' title="bbox 305 2436 1694 2486; baseline -0.004 -12"><span class='ocrx_word' id='word_1_368' title='bbox 305 2441 460 2486; x_wconf 82' lang='lat' dir='ltr'><strong>agitastis</strong></span> <span class='ocrx_word' id='word_1_369' title='bbox 485 2439 648 2484; x_wconf 83' lang='lat' dir='ltr'><strong>detegite.</strong></span> <span class='ocrx_word' id='word_1_370' title='bbox 695 2439 748 2471; x_wconf 85' lang='lat' dir='ltr'><strong>Ita</strong></span> <span class='ocrx_word' id='word_1_371' title='bbox 773 2438 867 2470; x_wconf 86' lang='lat' dir='ltr'><strong>euim</strong></span> <span class='ocrx_word' id='word_1_372' title='bbox 897 2443 934 2470; x_wconf 88' lang='lat' dir='ltr'><strong>et</strong></span> <span class='ocrx_word' id='word_1_373' title='bbox 955 2448 1121 2470; x_wconf 84' lang='lat' dir='ltr'><strong>summam</strong></span> <span class='ocrx_word' id='word_1_374' title='bbox 1146 2436 1287 2469; x_wconf 81' lang='lat' dir='ltr'><strong>laudem</strong></span> <span class='ocrx_word' id='word_1_375' title='bbox 1305 2437 1567 2481; x_wconf 83' lang='lat' dir='ltr'><strong>consequemini</strong></span> <span class='ocrx_word' id='word_1_376' title='bbox 1580 2446 1694 2481; x_wconf 82' lang='lat' dir='ltr'><strong>aequa</strong></span> 
     </span>
     <span class='ocr_line' id='line_1_42' title="bbox 305 2481 1602 2532; baseline -0.005 -12"><span class='ocrx_word' id='word_1_377' title='bbox 305 2489 467 2532; x_wconf 81' lang='lat' dir='ltr'><strong>iustaque</strong></span> <span class='ocrx_word' id='word_1_378' title='bbox 491 2486 678 2524; x_wconf 77' lang='lat' dir='ltr'><strong>facientes,</strong></span> <span class='ocrx_word' id='word_1_379' title='bbox 703 2489 740 2516; x_wconf 90' lang='lat' dir='ltr'><strong>et</strong></span> <span class='ocrx_word' id='word_1_380' title='bbox 763 2482 808 2515; x_wconf 84' lang='lat' dir='ltr'><strong>ad</strong></span> <span class='ocrx_word' id='word_1_381' title='bbox 830 2488 980 2515; x_wconf 83' lang='lat' dir='ltr'><strong>vestram</strong></span> <span class='ocrx_word' id='word_1_382' title='bbox 1004 2494 1076 2515; x_wconf 90' lang='lat' dir='ltr'><strong>rem</strong></span> <span class='ocrx_word' id='word_1_383' title='bbox 1100 2483 1359 2528; x_wconf 86' lang='lat' dir='ltr'><strong>utilitatemque</strong></span> <span class='ocrx_word' id='word_1_384' title='bbox 1380 2481 1602 2526; x_wconf 79' lang='lat' dir='ltr'><strong>pertinentia.</strong></span> 
     </span>
    </p>

    <p class='ocr_par' dir='ltr' id='par_1_5' title="bbox 305 2526 1702 2710">
     <span class='ocr_line' id='line_1_43' title="bbox 401 2526 1693 2567; baseline -0.005 -2"><span class='ocrx_word' id='word_1_385' title='bbox 401 2544 451 2566; x_wconf 82' lang='lat' dir='ltr'><strong>n.</strong></span> <span class='ocrx_word' id='word_1_386' title='bbox 498 2531 592 2563; x_wconf 84' lang='lat' dir='ltr'><strong>Haec</strong></span> <span class='ocrx_word' id='word_1_387' title='bbox 633 2541 711 2562; x_wconf 87' lang='lat' dir='ltr'><strong>cum</strong></span> <span class='ocrx_word' id='word_1_388' title='bbox 761 2528 909 2561; x_wconf 83' lang='lat' dir='ltr'><strong>dixisset</strong></span> <span class='ocrx_word' id='word_1_389' title='bbox 948 2527 1094 2567; x_wconf 77' lang='lat' dir='ltr'><strong>Aeetes,</strong></span> <span class='ocrx_word' id='word_1_390' title='bbox 1147 2529 1309 2561; x_wconf 84' lang='lat' dir='ltr'><strong>universa</strong></span> <span class='ocrx_word' id='word_1_391' title='bbox 1349 2528 1468 2560; x_wconf 84' lang='lat' dir='ltr'><strong>statim</strong></span> <span class='ocrx_word' id='word_1_392' title='bbox 1501 2526 1693 2560; x_wconf 83' lang='lat' dir='ltr'><strong>multitudo</strong></span> 
     </span>
     <span class='ocr_line' id='line_1_44' title="bbox 306 2571 1696 2618; baseline -0.005 -7"><span class='ocrx_word' id='word_1_393' title='bbox 306 2579 482 2611; x_wconf 86' lang='lat' dir='ltr'><strong>concitata</strong></span> <span class='ocrx_word' id='word_1_394' title='bbox 505 2582 575 2616; x_wconf 85' lang='lat' dir='ltr'><strong>est,</strong></span> <span class='ocrx_word' id='word_1_395' title='bbox 595 2581 631 2609; x_wconf 86' lang='lat' dir='ltr'><strong>et</strong></span> <span class='ocrx_word' id='word_1_396' title='bbox 651 2574 868 2613; x_wconf 84' lang='lat' dir='ltr'><strong>acclamavit,</strong></span> <span class='ocrx_word' id='word_1_397' title='bbox 902 2584 1015 2618; x_wconf 89' lang='lat' dir='ltr'><strong>eoque</strong></span> <span class='ocrx_word' id='word_1_398' title='bbox 1036 2573 1113 2617; x_wconf 90' lang='lat' dir='ltr'><strong>ipso</strong></span> <span class='ocrx_word' id='word_1_399' title='bbox 1139 2573 1197 2606; x_wconf 87' lang='lat' dir='ltr'><strong>die</strong></span> <span class='ocrx_word' id='word_1_400' title='bbox 1221 2573 1266 2606; x_wconf 85' lang='lat' dir='ltr'><strong>ad</strong></span> <span class='ocrx_word' id='word_1_401' title='bbox 1288 2573 1405 2605; x_wconf 83' lang='lat' dir='ltr'><strong>Persas</strong></span> <span class='ocrx_word' id='word_1_402' title='bbox 1428 2571 1576 2604; x_wconf 78' lang='lat' dir='ltr'><strong>transire</strong></span> <span class='ocrx_word' id='word_1_403' title='bbox 1599 2571 1696 2605; x_wconf 81' lang='lat' dir='ltr'><strong>desi—</strong></span> 
     </span>
     <span class='ocr_line' id='line_1_45' title="bbox 305 2617 1699 2664; baseline -0.004 -8"><span class='ocrx_word' id='word_1_404' title='bbox 305 2623 476 2664; x_wconf 87' lang='lat' dir='ltr'><strong>derabat,</strong></span> <span class='ocrx_word' id='word_1_405' title='bbox 506 2633 585 2655; x_wconf 89' lang='lat' dir='ltr'><strong>cum</strong></span> <span class='ocrx_word' id='word_1_406' title='bbox 617 2632 682 2654; x_wconf 85' lang='lat' dir='ltr'><strong>nec</strong></span> <span class='ocrx_word' id='word_1_407' title='bbox 715 2619 768 2652; x_wconf 89' lang='lat' dir='ltr'><strong>illi</strong></span> <span class='ocrx_word' id='word_1_408' title='bbox 791 2620 956 2652; x_wconf 85' lang='lat' dir='ltr'><strong>certiores</strong></span> <span class='ocrx_word' id='word_1_409' title='bbox 980 2624 1096 2651; x_wconf 86' lang='lat' dir='ltr'><strong>essent</strong></span> <span class='ocrx_word' id='word_1_410' title='bbox 1121 2618 1226 2659; x_wconf 81' lang='lat' dir='ltr'><strong>facti,</strong></span> <span class='ocrx_word' id='word_1_411' title='bbox 1251 2629 1367 2662; x_wconf 88' lang='lat' dir='ltr'><strong>neque</strong></span> <span class='ocrx_word' id='word_1_412' title='bbox 1389 2617 1402 2650; x_wconf 91' lang='lat' dir='ltr'><strong>i</strong></span> <span class='ocrx_word' id='word_1_413' title='bbox 1428 2617 1457 2649; x_wconf 82' lang='lat' dir='ltr'><strong>si</strong></span> <span class='ocrx_word' id='word_1_414' title='bbox 1480 2618 1531 2650; x_wconf 85' lang='lat' dir='ltr'><strong>ita</strong></span> <span class='ocrx_word' id='word_1_415' title='bbox 1554 2627 1699 2661; x_wconf 82' lang='lat' dir='ltr'><strong>compa-</strong></span> 
     </span>
     <span class='ocr_line' id='line_1_46' title="bbox 307 2661 1702 2710; baseline -0.004 -8"><span class='ocrx_word' id='word_1_416' title='bbox 307 2669 387 2710; x_wconf 83' lang='lat' dir='ltr'><strong>rati,</strong></span> <span class='ocrx_word' id='word_1_417' title='bbox 409 2674 451 2703; x_wconf 84' lang='lat' dir='ltr'><strong>ut</strong></span> <span class='ocrx_word' id='word_1_418' title='bbox 473 2668 531 2704; x_wconf 88' lang='lat' dir='ltr'><strong>vel</strong></span> <span class='ocrx_word' id='word_1_419' title='bbox 552 2667 663 2701; x_wconf 82' lang='lat' dir='ltr'><strong>latere</strong></span> <span class='ocrx_word' id='word_1_420' title='bbox 686 2667 856 2701; x_wconf 78' lang='lat' dir='ltr'><strong>Romanos</strong></span> <span class='ocrx_word' id='word_1_421' title='bbox 878 2664 936 2703; x_wconf 73' lang='lat' dir='ltr'><strong>vel</strong></span> <span class='ocrx_word' id='word_1_422' title='bbox 958 2675 1018 2698; x_wconf 75' lang='lat' dir='ltr'><strong>eos</strong></span> <span class='ocrx_word' id='word_1_423' title='bbox 1040 2664 1260 2710; x_wconf 80' lang='lat' dir='ltr'><strong>propulsare,</strong></span> <span class='ocrx_word' id='word_1_424' title='bbox 1291 2665 1321 2698; x_wconf 76' lang='lat' dir='ltr'><strong>si</strong></span> <span class='ocrx_word' id='word_1_425' title='bbox 1342 2673 1405 2709; x_wconf 84' lang='lat' dir='ltr'><strong>pro</strong></span> <span class='ocrx_word' id='word_1_426' title='bbox 1435 2661 1595 2703; x_wconf 75' lang='lat' dir='ltr'><strong>&#39;bei-ent,</strong></span> <span class='ocrx_word' id='word_1_427' title='bbox 1617 2673 1702 2707; x_wconf 82' lang='lat' dir='ltr'><strong>pos-</strong></span> 
     </span>
    </p>
   </div>
  </div>
 </body>
</html>
