1794 3112
260 157 333 227 98
831 167 1104 210 AGATniAss

73 282 113 314 Α.
130 281 166 315 C.
182 281 247 323 554
261 271 450 325 σίχθονος
475 268 698 324 πειρᾶσθαι
750 268 827 308 τοῦ
846 269 1119 318 Ποσειδῶνος.
1155 266 1255 318 ἴσως
1276 271 1353 322 μὲν
1381 264 1456 311 οὖν
1484 271 1524 311 εἰ
1544 270 1619 312 καί
1637 286 1677 312 τι

128 329 156 359 Ῑ·
171 328 251 361 1²²3
261 338 386 391 μέρος
411 337 480 389 τῆς
515 333 728 387 Αἰγύπτου
764 334 990 386 κεκίνηται,
1019 333 1108 374 ἀλλ’
1142 330 1215 373 οὔκ
1236 332 1492 386 ἐπιλείψουσι
1510 334 1605 383 τοὺς
1623 333 1675 376 τὰ

262 401 435 440 τοιαῦτα
463 398 619 446 δεινοὺς
650 399 721 438 καί
740 397 871 451 ἕτεροι
897 395 1006 449 λόγοι
1015 429 1026 448 ,
1065 398 1119 437 δι’
1146 393 1204 438 ὧν
1238 393 1288 438 ἂν
1309 398 1380 438 καί
1399 397 1455 446 ὥς
1480 395 1503 452 ἢ
1526 399 1606 440 τῶν
1631 394 1680 439 ἆ·-

264 466 376 515 τμῶν
397 463 516 517 σφίσι
545 461 781 517 κρατύνοιτο
806 458 913 508 δόξα.
970 459 1121 512 §peotes
1151 462 1359 513 δοκοῦσιν,
1400 462 1456 510 ὥς
1483 464 1560 514 μὲν
1593 459 1679 504 οἷόν

265 543 307 568 τε
326 525 529 582 ἀνθρώπῳ
553 526 784 580 τεκμηρίοις
805 525 890 565 τισί
902 527 1100 580 χρωμένῳ
1126 526 1208 566 τῶν
1234 524 1397 579 ἀδήλων
1422 527 1516 581 πέρι
1541 522 1703 567 &cavo-5

268 594 419 642 εἴσθαι,
437 590 484 630 οὗ
500 589 670 641 πάμπαν
686 591 926 643 διαμαρτεῖν
939 590 1012 628 τοῦ
1024 590 1200 629 πιθανοῦ
1215 588 1286 630 καί
1297 588 1460 642 εἰκότος,
1481 592 1555 631 τοῦ
1571 591 1616 631 δέ
1637 605 1683 643 γε

175 662 210 695 Ρ.
222 659 268 698 53
278 650 385 703 ’ὄντος
402 652 580 709 ἀληθοῦς
598 654 728 709 πολλῷ
742 652 1047 693 ἀπολείπεσθαι.
1077 654 1162 700 πῶς
1174 651 1250 707 γὰρ
1266 649 1317 695 ἄν
1331 669 1392 702 τις
1405 657 1447 704 ἐς
1460 653 1506 694 τὸ
1522 650 1685 709 ἀκριβὲς

268 718 320 761 τὰ
348 716 491 774 ἀφανῆ
511 717 581 759 καί
599 717 800 772 ὑπέρτερα
819 716 1015 771 διαγνοίη,-
1040 715 1120 757 ἀπό
1121 735 1202 773 χρη
1225 719 1267 759 δὲ
1282 718 1392 772 ἡμῖν,
1413 717 1493 772 εἴγε
1515 719 1684 758 τοσοῦτο

269 784 395 837 μόνον
414 783 628 836 εἰὸειῆμεν,
651 782 706 830 ὦς
722 784 821 838 θείῳ
843 783 898 838 νῷ
913 783 982 822 καί
1001 784 1130 838 βουλῇ
1145 783 1340 837 κρείττονι
1365 779 1523 823 ἅπαντα
1552 781 1686 822 διατέ-

269 863 412 889 τακται
425 863 435 873 ·
459 847 621 901 φύσεως
649 847 692 887 δὲ
715 843 852 900 ἀρχὰς
871 847 941 886 καί
957 844 1131 900 κινήσεις
1153 846 1224 887 καί
1237 845 1309 895 τάς
1326 844 1495 888 ἑκάστου
1519 847 1601 887 τῶν
1622 855 1735 898 γι-ῐῡ

270 913 451 963 νομένων
467 911 600 957 αἰτίας
622 916 785 950 σκοπεῖν
799 912 877 961 μὲν
890 911 946 965 τῷ
968 908 1071 966 λόγῳ
1096 912 1166 951 κατ’
1187 912 1396 967 διερευνᾷν
1415 911 1464 953 οὗ
1483 912 1688 958 παντελῶς

274 970 480 1028 ἄχρηστον
502 971 708 1022 ἴσωςοῦδὲ
729 969 856 1029 ἄχαρι
887 974 1108 1026 νομιστέον,
1133 973 1177 1015 τό
1194 991 1238 1028 γε
1258 974 1341 1029 μην
1353 974 1521 1016 οἴεσθαί
1545 989 1587 1015 τε
1620 975 1691 1014 καί

270 1040 513 1079 πεποιθέναι
534 1038 590 1087 ὥς
613 1036 768 1079 ἔνεστιν
799 1039 1019 1092 ἐφικέσθαι
1040 1040 1112 1078 τοῦ
1134 1032 1254 1090 ἰἰντος,
1281 1037 1339 1092 μή
1361 1055 1454 1080 ποτε
1478 1039 1689 1088 ἀλαζονεία

270 1100 332 1156 εἴη
355 1100 401 1142 τὸ
420 1104 573 1157 χρῆμα,
589 1104 659 1143 καί
679 1103 960 1158 ἀμαθέστερον
981 1104 1050 1156 τῆς
1070 1104 1213 1156 διπλῆς
1232 1105 1384 1156 ἐκείνης
1398 1103 1571 1157 ἀγνοίας.
1601 1099 1690 1150 ἅλις

273 1168 350 1220 μὲν
369 1161 443 1208 οὖν
464 1166 618 1207 τούτων
639 1164 783 1220 έζιιοιγε.
814 1164 836 1206 ὅ
865 1168 911 1207 δὲ
944 1165 1055 1219 λόγος
1078 1163 1202 1214 αὖθις
1226 1168 1268 1214 ές
1291 1164 1414 1208 αὐτὸν
1433 1168 1622 1208 ἐπανίτω.
1696 1161 1741 1200 ¹5

385 1230 445 1278 ις’.
476 1231 583 1270 Κατ’
607 1231 734 1271 ἐκεῖνο
749 1229 826 1285 γάρ
843 1232 915 1272 τοῦ
937 1233 1079 1285 καιροῦ
1100 1232 1171 1271 καί
1192 1231 1215 1285 ἡ
1234 1231 1511 1287 Κῶςῆνῆσος,
1540 1231 1565 1286 ἢ
1590 1229 1692 1286 πρὸς

274 1297 329 1352 τῷ
349 1297 521 1350 τέρματι
544 1296 620 1334 τοῦ
639 1295 818 1347 Αἰγαίου
845 1296 1031 1348 κειμένη,
1070 1293 1252 1349 [ἐσείσθη
1274 1297 1368 1345 καί]
1404 1293 1619 1348 ἐλάχιστόν
1651 1312 1692 1336 τι

244 1360 403 1413 Βμέρος
425 1359 554 1412 αὐτῆς
585 1359 801 1409 ἐσέσωστο,
831 1358 855 1411 ἢ
879 1359 923 1398 δὲ
949 1353 1052 1411 ἄλλη
1081 1355 1220 1398 ἅπασα
1246 1358 1467 1400 ἐπεπτώκει
1481 1392 1493 1411 ,
1530 1359 1693 1400 ποικίλα

274 1438 317 1463 τε
341 1420 533 1477 αὖτῇκαί
555 1419 787 1475 ἀνήκουστα
809 1423 1071 1475 προσεγένετο
1091 1418 1218 1474 πάθη.
1272 1418 1299 1476 ἥ
1326 1438 1370 1462 τε
1404 1421 1482 1478 γὰρ
1504 1420 1693 1464 θάλαττα

366 1507 395 1539 7.
421 1493 512 1524 Num
537 1490 675 1527 ὄντωςὶ)
733 1493 782 1525 15.
802 1491 961 1524 ἐπανίτω
975 1494 1012 1526 R.
1030 1491 1134 1538 (ct),
1159 1492 1337 1525 ἔπανείτω
1372 1494 1461 1538 vulg.
1546 1497 1594 1530 16.
1619 1492 1693 1540 γὰρ

363 1540 432 1572 τοῦ
454 1539 519 1572 ius.
544 1549 587 1570 ex
611 1538 648 1568 R.
748 1549 796 1581 ¹7·
821 1538 970 1578 ἐσείσθη
997 1541 1060 1569 καὶ
1081 1538 1206 1571 addidi
1228 1548 1306 1570 cum
1339 1539 1447 1583 Intpr.
1491 1539 1632 1575 insulae
1655 1558 1695 1567 -

365 1593 485 1617 terrae
510 1591 606 1616 motu
633 1593 827 1616 concussae
852 1595 938 1627 par-s
961 1583 1108 1617 minima
1134 1591 1281 1616 servata
1307 1592 1368 1616 est.
1509 1588 1557 1618 18.
1581 1588 1696 1630 μέρος

365 1630 478 1669 αὐτῆς
504 1630 563 1668 R„
589 1626 665 1660 αὐτ.
690 1630 771 1673 μέρ.
796 1630 886 1671 vulg.
961 1641 1009 1672 ¹9·
1039 1628 1248 1661 ἀνύποιστα
1271 1630 1330 1668 R.,
1355 1629 1461 1672 Intpr.
1493 1629 1608 1677 fidem
1631 1643 1696 1664 ex—

367 1673 573 1708 cedentibus
595 1673 712 1706 malis.
837 1676 1084 1718 προσεγένετο
1111 1676 1162 1714 R„
1189 1674 1386 1718 ἐπεγένετο
1410 1675 1501 1720 vulg.

277 1742 479 1779 obtineret,
517 1745 554 1772 et
579 1751 702 1784 parum
737 1739 910 1772 firmitatis
938 1739 1071 1772 habere
1101 1739 1446 1784 deprehenderetur,
1489 1744 1695 1776 metuebant

275 1786 515 1819 verisimiliter
538 1785 708 1829 praeclari
722 1785 777 1817 ilii
795 1786 875 1823 viri,
893 1796 938 1817 ne
963 1788 1000 1818 in
1025 1787 1238 1818 contrarium
1255 1787 1339 1829 ipsis
1363 1787 1504 1820 cederet
1519 1789 1697 1833 epigram-

276 1843 350 1871 ma,
379 1836 545 1882 tanquam
562 1831 760 1874 periculum
783 1830 876 1862 foret
897 1831 935 1862 in
953 1836 1132 1874 posterum
1157 1841 1201 1862 ne
1223 1837 1362 1864 tantum
1379 1834 1589 1876 γαιήοχον,
1628 1834 1696 1867 hoc

278 1883 343 1916 est,
367 1881 607 1908 couunentem
624 1881 766 1915 terram,
797 1886 918 1908 verum
949 1877 1054 1908 etiam
1081 1877 1328 1918 ἐνοσίχθονα,
1364 1876 1433 1910 hoc
1460 1884 1530 1919 est,
1567 1890 1698 1912 concu-

277 1923 427 1955 tientem
459 1926 605 1962 terram,
625 1921 829 1964 Neptunum
859 1922 1113 1963 experirentur.
1169 1922 1336 1954 Fortassis
1383 1923 1523 1968 itaque,
1558 1925 1696 1957 etiamsi

279 1968 399 2012 aliqua
424 1966 573 2010 Aegypti
595 1977 674 2010 pars
692 1966 862 2006 moverit,
885 1977 958 1998 non
976 1965 1127 2000 deerunt
1143 1971 1261 1999 tamen
1287 1966 1409 2000 harum
1431 1980 1546 2001 rerum
1572 1971 1695 2013 peritis

281 2014 388 2045 etiam
416 2011 507 2044 aliae
534 2013 707 2051 rationes,
750 2021 813 2055 per
870 2022 930 2043 uas
957 2012 1064 2044 etiam
1089 2012 1139 2044 sic
1168 2011 1254 2044 haec
1286 2023 1407 2045 eorum
1436 2014 1480 2047 de
1504 2015 1693 2058 vaporibus

280 2058 404 2101 opinio
421 2057 546 2089 valeat.
594 2056 686 2089 Mihi
702 2067 784 2089 vero
802 2056 836 2087 vi
865 2061 969 2089 entur
987 2057 1042 2088 illi
1056 2081 1065 2096 ,
1091 2062 1262 2102 quatenus
1282 2059 1453 2102 possibile
1480 2065 1534 2092 est
1557 2059 1693 2093 homini

279 2101 406 2136 validis
426 2102 637 2146 argumentis
655 2101 771 2134 utenti
791 2101 835 2134 ad
859 2112 975 2134 rerum
1002 2102 1238 2135 abstrusarum
1259 2104 1530 2148 intelligentiam
1554 2106 1696 2149 pertin-

282 2158 374 2193 gere,
391 2146 915 2192 nequaquamaprobabilitate
937 2151 974 2179 et
1001 2148 1237 2181 similitudine
1265 2150 1338 2181 veri
1357 2149 1534 2193 aberrare;
1560 2161 1580 2183 a
1601 2151 1695 2184 veri-

280 2198 353 2225 tate
378 2197 495 2224 tamen
523 2193 599 2236 ipsa
629 2192 734 2236 longe
765 2192 899 2225 abesse.
947 2191 1027 2237 Quo
1070 2198 1173 2236 pacto
1206 2195 1300 2226 enim
1335 2196 1512 2240 quispiam
1540 2196 1696 2240 perfecte

280 2238 483 2282 intelligere
505 2239 630 2281 possit,
657 2249 747 2282 quae
773 2238 870 2270 cerni
900 2248 971 2269 non
995 2245 1153 2281 possunt,
1178 2239 1353 2284 nobisque
1378 2247 1460 2275 sunt
1491 2239 1696 2284 superiora?

283 2283 445 2316 Sufficiat
466 2283 590 2322 nobis,
615 2283 645 2315 si
669 2283 736 2315 hoc
759 2287 896 2315 tantum
921 2283 1090 2323 sciamus,
1127 2285 1194 2316 Dei
1223 2286 1371 2318 consilio
1397 2291 1432 2319 et
1465 2287 1606 2331 potiore
1629 2296 1693 2319 vo-

283 2328 420 2361 luntate
447 2329 564 2360 omnia
592 2329 794 2363 constituta.
841 2328 994 2360 Naturae
1018 2340 1100 2361 vero
1126 2330 1304 2374 principia
1329 2336 1365 2363 et
1386 2337 1521 2372 motus,
1557 2337 1594 2365 et
1617 2332 1693 2364 sin-

283 2374 454 2418 gulorum,
483 2384 574 2418 quae
591 2374 694 2413 fiunt,
719 2384 836 2406 causas
853 2374 1081 2417 contemplari
1102 2374 1243 2418 quidem
1265 2377 1400 2410 ratione
1421 2382 1456 2410 et
1477 2377 1700 2421 perscrutari,

283 2429 402 2464 neque
425 2419 554 2451 inutile
578 2429 695 2464 neque
719 2419 895 2463 inelegans
921 2424 975 2451 est
997 2420 1222 2456 censendum.
1271 2422 1424 2455 Credere
1447 2433 1528 2455 vero
1557 2422 1699 2466 sibique

284 2463 510 2510 persuadere,
535 2464 611 2496 fieri
636 2474 738 2506 posse
762 2469 802 2496 ut
828 2464 871 2497 ad
902 2464 1013 2508 ipsam
1038 2467 1089 2497 rei
1113 2465 1293 2498 veritatem
1309 2469 1556 2511 pertingamus,
1579 2477 1701 2500 vereor

286 2520 333 2542 ne
371 2510 568 2554 arrogantia
591 2509 709 2553 potius
735 2520 788 2543 res
813 2509 901 2542 haec
925 2512 971 2543 sit
996 2510 1206 2551 iudicanda,
1231 2516 1267 2543 et
1291 2512 1451 2545 inscitius
1474 2511 1573 2557 quid,
1598 2523 1701 2557 quam

289 2555 422 2599 duplex
449 2555 510 2587 illa
544 2555 693 2588 inscitia.
733 2554 800 2587 Sed
827 2554 871 2587 ‹le
898 2554 953 2587 his
978 2555 1047 2587 iam
1072 2558 1166 2598 satis;
1190 2557 1235 2589 ad
1263 2567 1336 2589 rem
1363 2560 1483 2602 itaque
1507 2557 1698 2592 redeamus.

338 2602 387 2634 16.
413 2601 477 2633 Per
493 2599 588 2633 idem
606 2605 743 2644 tempus
756 2601 860 2633 etiam
872 2599 938 2633 Cos
952 2601 1065 2633 insula
1084 2613 1247 2635 concussa
1267 2607 1366 2635 estet
1390 2603 1513 2646 exigua
1526 2602 1699 2648 quaedam

290 2646 366 2678 eius
386 2647 502 2689 portio
521 2651 665 2684 servata,
692 2646 828 2691 reliqua
850 2646 963 2678 omnis
989 2649 1142 2688 corruit3
1168 2649 1332 2692 variaque
1350 2648 1382 2680 ei
1396 2653 1432 2680 et
1451 2649 1610 2684 inaudita
1626 2659 1699 2679 ma—

289 2693 325 2725 la
340 2691 549 2726 acciderunt.
583 2692 679 2725 Mare
699 2692 792 2725 enim
810 2691 989 2736 ingentem
1010 2693 1047 2725 in
1067 2693 1209 2726 modum
1233 2703 1413 2737 assurgens
1444 2693 1566 2731 domos
1599 2694 1698 2726 litto-
