1832 3152
514 127 891 170 ms'romARUM
931 129 1003 167 111.
1028 129 1095 173 23.
1310 140 1312 142 v
1437 125 1534 180 191

104 239 300 292 λαυχοῖεν
313 267 328 288 ‚
365 233 499 286 δέχου
525 228 599 271 καὶ
618 229 767 272 τοῦτον
788 227 840 284 δὴ
861 227 934 270 τὸν
968 226 1174 284 στρατὸν,
1223 224 1362 283 ὥσπερ
1391 229 1646 283 weston-AL.
1665 237 1733 273 555

103 301 206 356 μίας
226 300 385 355 μᾶλλον
421 295 496 338 καί
529 295 766 345 ἐπιδείξεως
815 294 909 336 ἀλλ’
932 293 983 335 οὔ
1005 294 1081 336 τοῦ
1095 289 1326 347 ἀναγκαίου
1349 289 1476 347 χάριν
1498 286 1577 332 οἷ-Ῑ·
1593 285 1618 318 Ῑ·
1633 295 1679 330 29

105 366 423 418 πεπαλμένους.
451 360 541 416 θαῤ
545 359 632 416 ῥεῖν
643 359 783 402 τοίνυν
800 360 872 402 καί
890 357 1012 415 ἔργου
1028 357 1205 413 ἔχεσθαι
1219 355 1298 400 σὺν
1317 357 1549 414 προθυμίᾳ,

106 431 164 480 ὥς
188 431 306 487 ἡμῶν
328 425 452 470 οὖδὲν
475 425 616 469 ὁτιοῦν
635 426 716 467 τῶν
750 423 924 466 δεόντων
952 425 1312 479 περιοψομένων.”
1342 420 1474 471 εὐθὺς
1498 419 1546 476 δν)
1562 427 1594 459 D

81 493 184 540 5ko
215 490 545 544 ἀνεπυνθάνετο,
574 486 670 532 ὅποι
694 488 758 546 εἴη
782 488 830 531 τὸ
854 489 1109 545 στράτευμα.
1138 487 1159 530 ὁ
1181 490 1228 530 δὲ
1268 487 1348 542 ,,οὖ
1375 484 1551 542 πόρῥω”

103 558 216 604 εἶπεν
231 557 558 616 ,,οἷφεστήκασιν,
586 551 613 611 ἢ
635 553 762 608 μόνον
785 557 985 611 τέσσαρσι
996 555 1199 605 Λαζικοϊς
1218 552 1548 609 παρασάγγαις.”’

103 626 446 668 καταλελοιπέναι
484 620 562 677 γὰρ
599 617 757 669 αὐτοὺς
786 621 901 676 ἀμφὶ
930 618 1002 662 τὸν
1037 620 1220 662 Νέοκνον
1254 616 1443 671 ποταμὸν
1485 617 1547 660 ε”τι

103 688 416 743 αὐλιζομένους.
451 689 524 729 καί
546 685 574 735 ὅ
604 689 827 742 Μαρτϊνος
859 682 982 742 ὀργήν
1012 701 1114 727 τινα
1132 686 1190 742 τῷ
1216 683 1417 742 προσώπῳ
1446 682 1552 725 ὕπο-

104 753 369 812 κρινόμενος,
396 749 652 807 »ἀπίτωσαν
687 748 843 802 uzi-915³
881 751 962 808 ἔφη
991 751 1077 805 »ὥς
1099 749 1292 804 τάχιστα,
1326 749 1401 791 καὶ
1436 747 1553 791 οἴκα-

57 823 155 866 ιοδε
177 817 542 876 α’ναστρεφόντων,
588 817 628 858 oe‘
632 833 652 866 ς
677 815 802 871 ἔγωγε
829 816 906 858 οὐκ
931 812 983 858 ἄν
1015 831 1115 857 ποτε
1137 815 1280 864 αὐτοῖς
1308 815 1454 876 ἐφείην
1485 817 1554 857 ἐν-

106 886 215 928 θάδε
238 886 452 939 γενέσθαι.
497 881 634 925 δεινὸν
663 881 740 938 γὰρ
768 884 807 924 εἰ
828 883 956 924 ταῖνδε
976 883 1058 924 τῶν
1089 882 1254 937 ἀνδρῶν
1275 883 1358 923 τῶν
1390 882 1554 923 ἑκπλεί-

107 966 209 993 στου
229 947 332 1005 ἦμῖν
359 947 775 1004 ξυστρατευομένων,
814 946 944 989 πολὺν
973 944 1070 988 ὅσον
1098 946 1250 1002 χρόνον
1276 948 1554 1001 διαπονηθέν-

106 1031 211 1069 των,
239 1012 314 1056 καὶ
334 1012 531 1063 πολλάκις
559 1011 662 1069 πρὸς
684 1011 785 1062 τούς
807 1013 1030 1065 πολεμίους
1052 1013 1414 1068 παραταξαμένων
1428 1045 1441 1064 ,
1470 1006 1552 1066 ἤδη

107 1097 154 1123 τε
177 1080 228 1122 οὕ
248 1077 394 1136 πόρ’ῥω
416 1077 598 1135 ἡκόντων
620 1077 806 1120 ἐκποδών
837 1077 1098 1133 ποιήσασθαι
1117 1077 1165 1119 τὸ
1190 1078 1439 1130 ἀντίπαλον,
1481 1078 1555 1118 καί

61 1145 362 1200 ι5τελεωτάτην
388 1141 682 1199 ἀναδήσασθαι
708 1143 837 1199 νίκην·
866 1142 905 1185 οἱ
930 1145 976 1184 δὲ
1001 1141 1108 1185 οὕτω
1133 1139 1305 1184 κατόπιν
1326 1144 1402 1183 τοῦ
1423 1139 1549 1196 ἆναγ-
1562 1152 1595 1186 Ρ.
1609 1154 1678 1188 100

109 1209 232 1254 καίου
268 1213 544 1267 παρέσονται,
574 1211 647 1251 καί
677 1211 904 1263 μονονουχὶ
938 1206 1266 1263 ἀπογευσάμενοι
1295 1208 1379 1249 τῶν
1409 1206 1553 1248 κινδύ-

110 1292 220 1329 νων,
247 1272 339 1318 εἶτα
365 1274 441 1330 τήν
471 1269 620 1329 ὅμοιάν
647 1275 894 1317 αἶποίσονται
928 1273 1074 1328 δόξαν,
1101 1276 1174 1316 καί
1191 1275 1235 1323 ἐς
1257 1273 1557 1322 ἐκείνους-ἀνε-

110 1340 279 1396 νεχθείη
306 1339 352 1382 τὸ
382 1342 525 1396 πέρας·
570 1339 659 1394 καί,
704 1338 751 1382 τὸ
781 1339 831 1395 δὴ
866 1339 1033 1382 πάντων
1063 1338 1344 1395 ἀδικώτερον,
1379 1336 1433 1380 τὰ
1454 1340 1559 1394 γέρα

113 1405 259 1461 ἐπίσης
282 1403 569 1462 καρπώσονται
597 1407 747 1448 τοῖσδε.
792 1402 883 1447 ἀλλ’
908 1406 1079 1454 ἐκείνοις
1104 1407 1185 1458 μὲν
1211 1404 1343 1445 αὐτοῦ
1373 1405 1559 1457 μενετέα,

62 1471 160 1520 Ζοές
180 1467 276 1513 ὅσον
293 1471 338 1520 ἐς
360 1467 435 1525 τήν
461 1470 714 1527 ἅποπορειάν
739 1469 1155 1526 παρασκευάσασθαι,
1185 1468 1481 1524 α’ποχρήσουσι
1512 1469 1560 1510 δὲ

117 1533 219 1591 ἡμῖν
229 1529 346 1577 οὗτοι
365 1533 413 1577 τὸ
435 1535 679 1589 λειπόμενον
699 1538 772 1578 τοῦ
794 1537 978 1589 πολέμου
1001 1532 1150 1592 ἄριστα
1175 1533 1566 1590 κατεργάσασθαι.”.

210 1636 245 1672 5.
268 1632 343 1677 ὅπη
377 1636 418 1668 R.
539 1636 572 1669 6.
599 1634 783 1674 Λαζικοῖς
812 1635 871 1675 R.‚
907 1635 1120 1678 Περσικοῖς
1154 1634 1264 1679 vulg„
1287 1635 1398 1678 Intpr.
1425 1631 1559 1670 stadiis

211 1682 402 1728 octoginta
427 1681 570 1717 abesse:
596 1686 691 1714 recte
717 1680 864 1727 quidem
888 1680 1008 1726 quoad
1034 1693 1198 1714 sensum:
1222 1682 1265 1714 cs.
1291 1693 1396 1726 supra
1419 1693 1454 1726 p.
1484 1694 1556 1716 110.

212 1729 394 1762 ed-Bonn.
409 1738 439 1760 v.
454 1739 508 1762 20.
577 1739 610 1772 7.
633 1728 823 1772 Neognum
850 1729 959 1772 Intpr.
1048 1724 1152 1771 1416
1181 1725 1388 1762 ἀντίπαλον
1413 1731 1466 1770 R„
1491 1722 1559 1764 τὸν

215 1773 342 1811 α’γτίπ.
355 1775 446 1820 vulg.
524 1785 574 1818 ¹9·
599 1774 867 1819 καρπώσονται
891 1771 1018 1807 τοῖσδε
1041 1775 1078 1807 R.
1093 1798 1103 1815 ,
1131 1773 1259 1808 τοῖσδε
1281 1785 1394 1822 καρπ.
1420 1776 1512 1821 vulg.

122 1843 179 1876 illi
203 1853 240 1876 se
267 1843 446 1882 iaotitent,
473 1842 596 1886 accipe
617 1842 726 1874 etiam
750 1841 847 1875 hunc
873 1843 1083 1883 exercitum,
1107 1841 1408 1877 honorificentiae
1434 1848 1559 1878 osten—

122 1890 345 1934 tationisque
374 1899 479 1921 causa
505 1889 640 1933 potius,
669 1899 774 1934 quam
805 1889 902 1933 quod
933 1889 1126 1922 necessitas
1153 1890 1204 1922 ita
1236 1891 1446 1935 postularet,
1471 1893 1559 1924 mis-

122 1946 212 1970 sum.v
258 1937 357 1969 Bono
389 1935 499 1980 igitur
528 1935 650 1968 animo
675 1940 769 1976 este,
803 1935 1018 1980 fortiterque
1053 1947 1127 1968 rem
1156 1938 1295 1980 gerite,
1328 1943 1455 1982 utpote
1487 1949 1561 1971 no-

121 1981 180 2015 bis
201 1981 297 2015 nihil
318 1992 455 2022 eorum,
485 1992 576 2026 quae
609 1980 779 2025 expedire
803 1981 1036 2023 videbuntur,
1061 1982 1286 2027 neglecturis.
1338 1985 1467 2018 Statim
1488 1985 1562 2017 ita-

125 2038 196 2073 que
219 2029 469 2073 interrogatus,
493 2026 641 2060 ubinam
666 2034 760 2061 esset
784 2029 983 2070 exercitus,
1009 2028 1218 2073 respondit,
1243 2037 1399 2074 quatuor
1425 2037 1565 2064 tantum

125 2074 275 2108 Persicis
310 2073 529 2119 parasangis,
564 2085 639 2107 non
663 2073 805 2119 longius
842 2075 994 2117 abesse3
1029 2076 1172 2108 relictos
1207 2078 1303 2109 enim
1344 2078 1440 2122 ipsos
1475 2079 1567 2111 circa

129 2120 315 2165 Neognum
337 2119 507 2160 fluvium,
530 2119 646 2153 adhuc
675 2120 729 2153 ibi
754 2122 946 2154 stationem
963 2121 1150 2155 habentes.
1198 2122 1254 2155 Ad
1273 2122 1363 2156 haec
1389 2122 1567 2158 Martinus

130 2165 351 2199 iracundiam
373 2166 548 2211 quandam
573 2167 675 2200 vultu
706 2168 879 2200 simulans
909 2182 917 2202 z
943 2170 1050 2201 Retro
1081 2168 1233 2209 cedant,
1269 2171 1392 2216 inquit
1415 2195 1424 2211 ,
1460 2183 1568 2217 quam

131 2213 330 2253 citissime,
363 2211 579 2258 domumque
608 2213 779 2256 redeant;
807 2225 926 2259 neque
955 2216 1053 2248 enim
1084 2215 1123 2248 id
1149 2227 1310 2261 unquam
1339 2218 1566 2262 permiserim

130 2265 172 2292 ut
203 2258 309 2292 nobis
342 2269 418 2292 sese
443 2259 647 2303 adiungant.
695 2259 887 2304 Indignum
917 2262 1015 2294 enim
1049 2262 1108 2303 sit,
1135 2263 1166 2295 si
1202 2274 1282 2295 cum
1310 2263 1350 2296 hi
1377 2264 1446 2296 viri
1473 2265 1568 2297 iam-

130 2303 267 2338 dudum
287 2304 393 2337 nobis
422 2305 683 2339 commilitones
709 2306 868 2348 fuerint,
906 2309 1094 2353 multoque
1122 2314 1284 2354 tempore
1307 2311 1472 2355 ingentes
1498 2323 1568 2344 no-

128 2351 267 2384 biscum
290 2350 428 2384 labores
450 2352 707 2392 sustinuerint,
733 2357 771 2385 et
793 2353 1003 2400 frequenter
1026 2354 1193 2388 adversus
1214 2355 1336 2389 hostes
1360 2357 1433 2390 sint
1456 2368 1566 2401 proe-

126 2398 228 2438 liati,
254 2398 379 2430 etiam
403 2407 444 2430 eo
468 2409 542 2430 rem
566 2397 794 2438 adduxerint,
819 2406 860 2433 ut
885 2411 959 2433 non
987 2401 1115 2444 procul
1145 2402 1267 2435 absint
1292 2415 1311 2435 a
1341 2403 1564 2448 profligando

129 2443 233 2477 hoste
252 2467 265 2483 ,
302 2448 339 2476 et
371 2444 596 2487 plenissimae
623 2446 795 2478 victoriae
827 2457 958 2479 corona
990 2446 1254 2492 adipiscenda3
1288 2450 1346 2482 illi
1381 2456 1466 2494 post
1498 2462 1565 2483 nc-

128 2491 331 2523 cessitatem
355 2489 564 2531 adveniant,
598 2496 635 2523 et
660 2496 798 2524 tantum
815 2504 888 2525 non
912 2491 1106 2537 degustatis
1131 2496 1302 2538 periculis
1332 2507 1454 2540 parem
1486 2497 1565 2541 glo-

128 2537 214 2569 riam
240 2541 528 2581 consequantur,
559 2536 723 2582 bellique
753 2539 870 2571 exitus
905 2540 978 2572 illis
1013 2540 1266 2581 adscribatur,
1310 2548 1347 2575 et
1385 2542 1483 2585 quod
1518 2555 1563 2574 0-

128 2584 266 2615 mnium
289 2587 343 2614 est
370 2582 646 2627 iniquissimum,
660 2583 758 2628 paria
781 2596 860 2618 eum
882 2585 981 2619 hisce
1003 2588 1162 2630 praemia
1181 2589 1355 2621 auferant.
1394 2589 1562 2621 Ceterum

128 2628 202 2662 illis
227 2627 372 2673 quidem
403 2629 456 2660 ibi
489 2629 705 2662 manendum
733 2641 860 2664 censeo
878 2657 887 2672 ‚
921 2632 1038 2665 donec
1065 2633 1110 2667 ad
1136 2633 1331 2667 discessum
1358 2636 1431 2668 sint
1455 2647 1562 2680 para-

129 2674 178 2715 ti,
198 2675 308 2708 ‘nobis
331 2686 416 2710 vero
443 2674 483 2707 hi
511 2675 698 2708 sufficiunt
718 2676 763 2708 ad
789 2677 887 2721 quod
913 2680 1092 2725 reliquum
1118 2686 1172 2713 est
1196 2681 1286 2713 belli
1310 2682 1447 2725 optime
1474 2693 1559 2715 con-

130 2720 352 2770 ficiendum5
381 2722 562 2767 simulque
592 2720 649 2754 his
671 2721 790 2764 dictis,
815 2722 861 2756 ad
891 2726 1088 2760 exereitum
1119 2738 1307 2760 conversus
1329 2751 1339 2768 ‚
1367 2727 1423 2761 An
1459 2739 1532 2762 non
1548 2754 1557 2769 ,
