1832 3152
314 82 419 137 250
881 100 1153 147 AGATHIAE

118 211 157 249 Α,
181 210 216 242 C.
241 211 306 244 556
317 205 384 250 ξον
410 199 458 241 τὰ
489 201 531 248 ἐς
558 198 602 240 τὸ
633 201 748 242 θεῖον
776 203 846 242 καί
871 206 1039 246 πλεῖστα
1064 202 1142 247 ὅσα
1173 207 1513 262 προηδικημένον,
1550 206 1659 251 οὕτω
1676 226 1720 253 τε

173 255 198 295 Ῑ’
214 257 239 289 I·
256 255 298 292 3⁰
313 263 512 318 ἑληλυθὸς
531 265 573 312 ἐς
597 262 926 320 τὸάντιδρᾶσαι,
953 269 1148 326 βαρβάρῳ
1173 269 1243 312 καί
1265 273 1386 312 τοῦτο
1412 267 1543 329 ἆνοίῳ
1570 273 1619 313 οὗ
1639 272 1721 328 μὴν

304 328 549 378 παντάπασί
570 344 614 382 γε
644 331 813 384 φειδοῦς
837 333 908 392 καί
933 331 1169 388 συγγνώμης
1205 333 1363 386 ἀνάξιοι
1390 335 1570 391 ἔφασκον
1602 333 1720 390 εἶναι,

309 395 490 434 τοσαῦτα
516 386 594 447 ἤδη
627 391 740 434 demi
764 394 1031 448 πεπονθότες,
1069 399 1139 439 καί
1158 395 1351 451 μεγίστας
1371 398 1514 448 ποινὰς
1539 400 1722 455 ἀναπλή-

309 473 466 510 σαντες,
495 459 850 513 καταφλεχθείσης
871 460 949 511 μὲν
979 460 1119 509 αὐτοῖς
1145 464 1217 516 τῆς
1246 465 1319 503 τοῦ
1338 463 1543 519 φρουρίου
1566 464 1747 519 περιοι-ἐῖ

272 523 435 573 Βκίδος,
467 518 628 577 ἀνδρῶν
658 524 704 563 δὲ
729 522 924 577 ἡβώντων
949 521 997 565 οὗ
1018 530 1134 577 μεῖον
1163 522 1190 580 ἢ
1207 530 1541 582 πεντακισχιλίων
1563 528 1723 570 οἷπολω-

275 625 278 628 .
311 584 454 638 λότων,
482 587 686 639 γυναικῶν
712 589 756 628 δὲ
783 591 916 645 πολλῷ
933 587 1136 642 πλειόνων,
1165 588 1236 630 καί
1252 591 1408 632 παίδων
1433 589 1495 633 ἔτι
1514 591 1721 646 πλειόνων,

311 651 369 698 ὥς
396 647 531 704 ὀλίγου
555 667 599 704 γε
626 653 710 694 δεῖν
740 649 852 694 ἅπαν
875 653 1122 710 διαῤῥυῆναι
1147 652 1192 696 τὸ
1218 656 1362 710 φῦλον.
1400 653 1421 696 ὃ
1449 656 1495 696 δὲ
1525 651 1722 711 Ἰωάννης

310 712 592 768 ἀσμενέστατα
623 714 855 772 προσήκατο
884 716 958 773 τήν
980 717 1180 772 ἱκετείαν,
1205 721 1281 759 τοῦ
1302 733 1346 759 τε
1359 717 1418 774 μὴ
1443 719 1513 760 ἐπὶ
1539 722 1722 764 πλεῖστον

308 780 355 822 ἐν
377 779 518 837 χωρίῳ
554 779 692 838 ἐρήμῳ
719 781 790 823 καί
819 783 1074 840 δυσχειμέρῳ
1109 780 1197 835 ἅμα
1230 784 1280 839 τῇ
1312 783 1487 839 στρατιᾷ
1511 783 1773 828 διακινδυ-ιο

306 843 458 896 νεύειν,
498 843 568 886 καί
594 843 655 888 ὅτι
678 842 954 902 ἀποχρώντως
990 847 1046 897 ὥς
1076 845 1238 902 ἀληθῶς
1267 845 1304 888 οἱ
1334 843 1614 902 ἡμαρτηκότες
1636 846 1723 887 ἐτε-

305 909 543 964 τιμώρηντο.
566 908 773 965 τοιγάρτοι
795 909 976 966 ὁμήρους
998 910 1147 966 λαβών,
1176 915 1247 955 καί
1257 912 1308 954 τὰ
1323 910 1522 967 χρήματα
1543 908 1674 952 ὄπόσα
1700 906 1722 949 ὅ

305 971 540 1027 Σωτήριχος
561 974 793 1030 ἐπεφέρετο,
831 976 883 1016 τά
906 992 948 1017 τε
974 971 1078 1018 ἄλλα
1101 979 1175 1018 καί
1199 976 1302 1032 πρός
1327 992 1372 1030 γε
1393 974 1438 1018 τὸ
1458 977 1504 1018 ἐκ
1521 975 1722 1029 βασιλέως

301 1037 490 1093 χρυσίον·
517 1033 569 1092 ἧν
592 1039 638 1079 δὲ
663 1040 707 1080 ἐν
737 1043 988 1092 νομισμασιν
1005 1042 1182 1083 ἐντελέσι
1206 1058 1249 1082 τε
1271 1041 1343 1082 καί
1369 1037 1605 1094 οἶκιβδήλοις
1634 1041 1722 1080 δισ-

301 1101 468 1157 μυρίοις
498 1117 542 1142 τε
570 1100 642 1142 καί
665 1101 979 1156 ὀκτακισχιλίοις
1002 1103 1104 1160 πρὸς
1136 1102 1289 1163 ἑτέροις
1318 1104 1582 1158 ὀκτακοσίοις·
1621 1104 1774 1148 ταῦ-15

181 1171 295 1210 Ρ.130
307 1184 358 1208 τα
387 1165 438 1221 δὴ
463 1162 538 1208 οὖν
572 1163 810 1222 ἀπειληφὼς
838 1167 910 1210 καί
940 1169 1054 1210 λείαν
1077 1168 1228 1224 πολλὴν
1250 1166 1588 1225 περιβαλόμενος,
1617 1168 1721 1224 ἐφῆ-

304 1247 347 1272 κε
372 1232 448 1284 μὲν
486 1231 627 1280 αὐτοῖς
661 1227 790 1282 ἀδεῶς
831 1228 958 1280 αὖθις
993 1232 1044 1274 τὰ
1070 1235 1251 1289 σφέτερα
1279 1237 1502 1286 νέμεσθαι,
1542 1234 1614 1275 καί
1649 1230 1720 1272 τὸν

281 1293 489 1351 ,πρότερον
511 1291 828 1336 ἀνανεώσασθαι
851 1297 953 1349 βίον.
994 1293 1122 1346 αὐτὸς
1151 1299 1196 1339 δὲ
1226 1294 1297 1349 ἐπὶ
1330 1296 1405 1352 την
1427 1296 1617 1350 ,Κολχιδα
1646 1297 1720 1350 γῆν

299 1362 516 1414 ἐπανῆκεν,
556 1357 712 1401 κλεινὸν
743 1355 831 1412 ἅμα
862 1362 932 1402 καί
957 1361 1166 1416 ἀγέρωχον
1175 1394 1188 1414 ,
1226 1363 1298 1404 καί
1335 1360 1473 1414 μόνοις
1502 1359 1720 1416 τριάκοντα

297 1424 498 1478 ἀνδράσιν
523 1424 800 1478 ἑζημιωμένον
819 1425 1071 1477 α’ποκομίσας
1091 1424 1137 1467 τὸ
1169 1425 1427 1481 στρατη-μω,
1720 1440 1771 1467 20

405 1486 468 1529 κά.
499 1486 621 1536 Μετὰ
644 1489 688 1528 δὲ
711 1490 845 1528 ταῦτα
867 1486 1064 1541 βασιλευς
1079 1486 1380 1540 Ἰουστινιανὸς,
1408 1487 1596 1531 καθελών
1616 1505 1718 1531 παν-

297 1551 453 1595 τάπασι
478 1554 551 1606 τῆς
579 1549 710 1606 ἀρχῆς
736 1552 808 1593 τὸν
831 1555 1071 1607 ΙΙΙαρτῖνον,
1099 1551 1120 1594 ὃ
1145 1554 1189 1594 δὲ
1211 1549 1433 1597 Ἰουστῖνον
1458 1551 1532 1595 τὸν
1551 1555 1592 1595 Γ
1589 1569 1718 1609 ερμα-

388 1637 418 1659 2.
455 1621 504 1670 μὴ
534 1626 572 1658 R.
623 1624 654 1658 5.
678 1624 742 1664 τῆς
779 1624 845 1656 τοῦ
875 1636 939 1671 φρ.
962 1634 1042 1669 περ.
1067 1627 1130 1666 R.‚
1158 1624 1221 1667 τῆς
1248 1635 1287 1662 π.
1318 1637 1351 1660 τ.
1381 1636 1446 1672 φρ.
1474 1626 1566 1671 vulg.
1685 1629 1714 1662 8.

388 1680 434 1715 γε
461 1682 526 1703 om.
555 1672 594 1703 R.
693 1669 743 1713 ¹4·
770 1679 806 1702 τε
824 1669 902 1704 add.
931 1682 974 1703 ex
999 1672 1039 1708 R.
1135 1673 1184 1705 16.
1209 1671 1523 1718 περιβαλλόμενος
1542 1673 1578 1704 R.

298 1732 461 1767 funditus
483 1733 695 1776 exstirparet
717 1738 871 1777 gentem,
892 1734 961 1766 iam
985 1732 1028 1766 ab
1048 1732 1193 1778 antiquo
1212 1735 1374 1767 Romanis
1400 1733 1593 1774 subditam,
1619 1737 1655 1766 ct
1679 1733 1717 1766 in

297 1780 468 1823 religione
490 1790 568 1811 cum
589 1779 674 1822 ipsis
695 1779 983 1819 convenientem,
1009 1789 1172 1824 quaeque
1191 1780 1457 1824 quamplurimis
1474 1779 1617 1811 iniuriis
1630 1790 1716 1823 pro-

295 1830 430 1865 vocata,
445 1824 586 1857 tandem
603 1825 647 1857 ad
666 1823 908 1868 rependendas
923 1825 1001 1856 illas
1022 1826 1219 1865 accesserit,
1246 1831 1352 1870 atque
1380 1824 1450 1858 hoc
1473 1823 1618 1869 quidem
1635 1824 1717 1856 bar-

295 1870 378 1903 bara
398 1869 549 1915 quadam
575 1871 740 1912 amentia3
765 1870 1070 1902 commiseratione
1092 1875 1210 1902 tamen
1223 1872 1396 1916 veniaque
1421 1881 1458 1903 se
1482 1881 1555 1902 non
1575 1881 1715 1913 prorsus

297 1915 463 1960 indignos
491 1915 686 1954 dicebant,
725 1916 787 1960 qui
809 1914 897 1947 adeo
921 1916 990 1948 iam
1019 1917 1151 1948 atrocia
1170 1916 1262 1948 mala
1281 1921 1399 1949 essent
1423 1916 1581 1960 perpessi
1604 1915 1713 1948 adeo-

299 1973 369 2006 que
384 1972 502 2006 graves
518 1973 650 2005 poenas
667 1961 834 2002 luissent3
869 1966 992 2005 utpote
1017 1961 1251 1994 circumiectis
1274 1961 1453 2006 praesidio
1478 1961 1715 1994 habitationi-

297 2010 364 2043 hus
379 2007 545 2040 incendio
567 2007 775 2050 absumptis,
800 2011 836 2039 et
851 2007 1006 2040 virorum
1023 2012 1139 2040 aetate
1162 2007 1363 2040 florentium
1380 2019 1453 2040 non
1468 2007 1584 2039 minus
1607 2007 1714 2052 quin-

298 2064 367 2097 que
393 2054 552 2086 millibus
583 2053 802 2092 intersectis,
833 2052 975 2086 feminis
1003 2063 1084 2087 vero
1112 2053 1223 2086 multo
1253 2053 1415 2097 pluribus
1442 2057 1479 2085 et
1499 2051 1616 2096 pueris
1649 2052 1714 2085 ad-

295 2097 367 2131 huc
382 2099 565 2141 pluribus:
595 2097 683 2131 adeo
705 2103 746 2131 ut
763 2109 884 2142 parum
904 2098 1008 2138 absit,
1031 2099 1120 2142 quin
1146 2100 1309 2132 universa
1321 2099 1603 2132 Misimianorum
1630 2109 1712 2142 gens

297 2145 345 2178 sit
362 2144 489 2177 deleta.
537 2145 684 2177 Ioannes
707 2154 789 2177 vero
813 2142 1048 2178 libentissime
1068 2145 1244 2189 supplices
1268 2156 1388 2188 preces
1403 2143 1562 2184 admisit,
1586 2144 1715 2187 partini

295 2201 342 2223 ne
367 2189 502 2223 diutius
526 2191 565 2222 in
589 2190 667 2222 loco
694 2190 834 2223 deserto
859 2193 894 2222 et
919 2189 1124 2233 praealgido
1161 2202 1240 2222 cum
1259 2191 1416 2224 exercitu
1439 2190 1714 2234 periclitaretur,

295 2236 426 2279 partim
457 2236 553 2280 quod
577 2246 696 2268 revera
718 2236 787 2268 iam
816 2235 900 2268 satis
929 2245 1130 2277 poenarum,
1156 2237 1218 2280 qui
1251 2236 1497 2282 deliquerant,
1523 2235 1714 2270 dedissent.

296 2281 459 2324 Acceptis
485 2283 608 2326 itaque
643 2280 829 2314 obsidibus
856 2281 1022 2324 omnique
1051 2284 1213 2324 pecunia,
1237 2293 1343 2328 quam
1365 2281 1568 2315 soterichus
1596 2291 1714 2314 secum

296 2327 481 2368 attulerat,
505 2328 658 2372 aliisque
685 2327 811 2367 rebus,
836 2331 872 2359 et
888 2331 1070 2369 praeterea
1098 2327 1328 2372 Imperatorio
1356 2339 1440 2361 auro
1474 2331 1592 2367 (erant
1627 2335 1709 2359 vero

297 2374 432 2406 nummi
449 2373 579 2417 integri
601 2385 640 2406 ac
659 2373 766 2416 probi
793 2371 838 2405 ad
865 2371 951 2404 duas
974 2372 1168 2415 myriades,
1195 2374 1304 2407 octies
1322 2374 1420 2406 mille
1455 2378 1492 2406 et
1515 2373 1703 2415 octingen—

297 2420 344 2459 ti)
363 2418 431 2458 his,
456 2418 613 2463 inquam,
629 2418 792 2451 omnibus
811 2418 963 2461 acceptis
975 2442 985 2458 ‚
1010 2419 1192 2464 multaque
1208 2419 1339 2464 praeda
1361 2419 1515 2458 adiecta,
1535 2415 1708 2462 permisit,

296 2469 337 2497 ut
354 2465 532 2509 intrepide
553 2475 669 2498 rursus
697 2475 759 2497 sua
777 2463 945 2504 colerent,
970 2469 1006 2496 et
1022 2464 1211 2508 pristinum
1233 2464 1376 2498 vivendi
1400 2474 1507 2509 genus
1532 2464 1708 2500 instaura—

295 2515 383 2544 rent.
429 2510 507 2555 lpse
535 2520 617 2543 vero
636 2510 674 2543 in
697 2508 898 2542 Colchicam
920 2510 1098 2554 regionem
1120 2516 1174 2544 est
1193 2522 1369 2551 reversus,
1394 2509 1554 2543 inclitum
1574 2507 1706 2552 glorio-

297 2567 443 2601 sumque
462 2557 655 2590 exercitum
678 2554 869 2594 reducens,
892 2555 977 2588 solis
1006 2555 1106 2589 XXX.
1131 2557 1217 2590 viris
1243 2555 1462 2590 desideratis.

386 2613 441 2638 αι.
486 2602 567 2636 Post
592 2601 679 2634 haec
708 2601 901 2644 Imperator
935 2601 1149 2635 Iustinianus
1190 2603 1382 2639 Mai-tinum
1417 2599 1636 2644 praefectura
1668 2598 1706 2631 iu

297 2649 499 2682 uuiversum
528 2647 726 2687 submovit,
751 2647 859 2692 inque
884 2647 958 2679 eius
978 2646 1094 2680 locum
1111 2647 1286 2682 Iustinum
1308 2647 1475 2682 Germani
1496 2645 1611 2679 filium
1631 2643 1707 2677 wf-
