1794 3112
247 112 264 146 1
278 93 348 158 04
807 99 1080 150 AGATmAE

54 219 143 253 ΔΑΖ.
168 218 230 262 554
244 224 286 250 τε
313 209 495 249 ἐνταῦθα
517 209 754 248 καταλιπεῖν
781 209 854 248 τοῦ
874 205 1034 260 ὅμιλον,
1061 205 1133 248 καὶ
1150 205 1286 250 τοίνυν
1307 209 1473 250 ἐνθένδε
1492 207 1539 250 τό
1558 199 1640 250 τῶν

90 265 114 297 Ῑ·
136 265 220 298 [28
235 271 413 323 Κόλχων
439 270 690 323 κατάγεσθαι
715 271 847 323 γένος.
874 273 993 311 τοῦτο
1018 272 1063 312 δὲ
1085 269 1292 326 Διόδωρός
1313 274 1359 313 τέ
1384 271 1544 328 φησινὸ
1568 275 1640 312 Σι-

233 333 424 388 κελιώτης
451 333 521 374 καί
545 329 657 375 ἄλλοι
680 335 736 384 ὥς
756 338 937 376 πλεῖστοι
964 335 1044 376 τῶν
1066 337 1252 376 παλαιῶν
1302 334 1638 391 ἱστοριογράφων.

235 400 279 439 οἳ
294 396 342 451 δὴ
366 393 449 448 οὖν,
469 396 548 438 εἶτε
562 399 714 450 Λαζοί,
738 397 816 439 εἴτε
842 398 1014 450 Κόλχοι,
1041 396 1120 439 εἴτε
1140 398 1360 452 Αἰγύπτιοι
1370 399 1636 451 μετανάσται,

230 460 506 515 περιμάχητοι
525 461 568 503 ἐν
594 464 650 517 τῷ
676 463 772 502 καθ’
794 462 903 516 ἡμᾶς
924 462 1155 516 γεγένηνται
1175 462 1328 518 χρόνῳ,
1356 461 1426 502 καί
1455 461 1659 503 πλεῖστοιό

229 523 317 566 ὅσοι
340 526 490 578 οἷγῶνες
515 527 585 580 τῆς
602 525 759 567 τούτων
778 540 823 579 γε
852 526 967 566 ἕκατι
990 527 1312 579 καταβέβληνται
1330 525 1485 580 χώρας.
1525 529 1639 567 Χοσ-

229 587 327 644 ρὸης
351 605 395 630 τε
416 588 490 644 γὰρ
511 588 532 631 ὃ
557 591 736 644 Περσῶν
759 589 953 642 βασιλεὺς
983 583 1061 643 ἤδη
1087 588 1215 630 πολλὰ
1247 588 1317 630 καὶ
1343 589 1637 645 ἐπικαιρότατα

227 655 310 694 τῶν
342 653 472 709 §ustam
500 653 667 708 χωρίων
704 652 1047 709 σφετερισάμενος
1082 654 1153 694 καί
1175 656 1379 707 κατέχων,
1422 654 1496 694 οὐκ
1537 649 1635 710 ᾤετο

229 717 316 758 δεῖν
331 719 533 769 μεθιέναι,
563 716 664 758 ἀλλὰ
688 716 758 759 καί
771 716 822 758 τὰ
845 715 965 758 λοιποὶ
987 715 1274 772 χειρώσασθαι
1297 719 1498 770 διενοεῖτο,
1519 713 1634 760 ’Iov-

227 782 418 837 στινιανῷ
433 796 476 821 τε
497 783 555 836 τῷ
570 781 790 834 ζΡωμαιίιον
812 780 1078 837 αὗτοκράτορι
1097 781 1403 837 καταπροέσθαι
1420 783 1461 823 Γ
1459 779 1685 835 ουβάζηνιο

101 860 136 894 p,
169 858 214 896 56
228 843 296 886 τὸν
315 847 471 895 Λαζῶν
490 846 534 886 ἐν
551 846 606 901 τῷ
627 844 714 887 τότε
738 845 934 899 βασιλέα,
963 845 1035 886 καί
1053 842 1161 888 ἅπαν
1185 844 1230 886 τὸ
1255 844 1387 898 ἔθνος,
1415 843 1636 899 κατηκόους

224 904 343 957 ὄντας
379 910 450 949 καί
481 902 626 956 εὔνους
651 908 789 951 uacui
816 910 858 958 ἐς
897 907 995 951 θεὸν
1037 908 1344 962 ὁμογνώμονας,
1382 904 1454 949 οὐκ
1488 905 1634 949 ἆνεκτά

223 973 353 1014 ἐδόκει
380 969 477 1013 οὐδὲ
507 969 631 1014 ὅσιον.
667 974 825 1025 μᾶλλον
845 975 922 1026 μὲν
943 968 1015 1014 οὖν
1034 975 1106 1015 καί
1133 971 1469 1028 ἐπειρᾶτσπαντί
1496 973 1634 1013 σθένει

223 1037 472 1078 ἀπώσασθαι
515 1036 571 1084 ὥς
603 1036 775 1091 τάχιστα
812 1035 908 1085 τούς
949 1037 1174 1089 πολεμίους.
1217 1036 1414 1090 ἐλογίζετο
1447 1034 1522 1091 γὰρ
1561 1034 1632 1076 καί

221 1101 392 1151 ἐδεδίει,
423 1100 479 1149 ὥς
500 1101 539 1141 εἰ
558 1102 614 1157 τῷ
637 1103 797 1158 πολέμῳ
828 1099 1070 1155 κρατήσαιεν
1097 1099 1134 1141 οἱ
1161 1102 1348 1155 Πέρσαι,
1378 1099 1449 1141 καὶ
1470 1098 1684 1153 ἅπάσηςιό

221 1161 477 1215 ἐπιλάβοιντο
512 1165 583 1218 τῆς
612 1163 778 1220 χώρας,
819 1165 939 1206 οὐδὲν
967 1163 1079 1205 ἔσται
1103 1162 1148 1206 τὸ
1174 1163 1330 1206 κωλύον
1363 1161 1515 1213 αὕτούς
1549 1160 1627 1203 ἄνα

217 1224 288 1267 τὸν
312 1221 505 1276 Εὔξεινον
533 1226 678 1270 πόντον
710 1229 841 1278 οἷόέὦς
864 1227 1226 1280 ναυτιλλομένους,
1254 1226 1306 1269 τὰ
1341 1227 1532 1269 §vabrum
1561 1227 1632 1280 τῆς

214 1289 438 1342 ζ,Ρωμαίων
465 1287 598 1345 ἆρχῆς
624 1291 874 1344 ἀνιχνεύειν.
903 1292 1108 1346 τοιγάρτοι
1129 1289 1363 1346 στράτευμά
1383 1305 1427 1331 τε
1444 1291 1632 1343 μέγιστον

218 1353 291 1394 καί
324 1351 606 1406 ἀλκιμώτατον
638 1356 818 1396 ἐνταῦθα
849 1353 1014 1406 ἔταξεν,
1041 1353 1113 1395 καί
1145 1353 1392 1410 στρατηγούς
1415 1355 1631 1408 ἐπέστησεν

220 1416 317 1465 τοὺς
337 1414 539 1473 α’ριῖῐτους.
555 1419 720 1466 Βέσσας
742 1434 784 1459 τε
794 1416 871 1472 γάρ
891 1417 964 1459 καί
983 1421 1197 1473 Μαρτῖνος
1218 1418 1290 1459 καί
1307 1417 1469 1472 Βούζης
1486 1416 1684 1473 ἧγεΐτορο

183 1475 366 1536 Βᾶνδρες
410 1482 455 1523 έν
500 1488 584 1530 τοῖς
616 1482 792 1534 μάλιστα
826 1483 1081 1536 γεγενημένοι
1118 1484 1189 1523 καί
1224 1483 1427 1534 πολέμους
1453 1481 1631 1535 συχνούς

309 1555 342 1586 6.
369 1561 411 1596 γε
436 1564 502 1585 om.
528 1554 566 1585 R.
635 1551 739 1585 ἕκατι
763 1555 886 1595 καταβ.
901 1551 990 1597 χώρ.
1006 1552 1056 1592 Β.,
1074 1562 1109 1595 χ.
1134 1551 1382 1598 ἕκ.κατ.νι]15.
1481 1563 1530 1587 11.
1555 1553 1629 1587 τῶν

305 1597 441 1636 ,Λαζῶν
465 1600 504 1633 R.
572 1597 636 1631 Pro
669 1598 710 1631 ἐν
731 1600 779 1641 τῷ
798 1597 879 1630 τότε
898 1598 934 1630 R.
961 1599 997 1634 ἐς
1022 1597 1088 1630 τόν
1111 1607 1159 1630 τε.
1234 1610 1282 1632 12.
1302 1599 1384 1630 Post
1404 1596 1627 1642 οἳιιογνιόμο-

307 1655 375 1679 νας
405 1644 530 1676 lacuna
554 1644 669 1677 fuerat
691 1643 729 1676 in
754 1645 791 1677 R.
819 1654 930 1689 usque
953 1643 998 1676 ad
1017 1642 1116 1683 οὐδὲ,
1140 1644 1179 1676 in
1203 1653 1271 1687 qua
1297 1644 1472 1676 recentior
1500 1653 1624 1676 manus

305 1689 469 1732 scripsit:
492 1688 625 1730 ἐδόκει,
647 1694 683 1722 ct
705 1690 742 1721 iu
767 1699 873 1733 marg.
898 1687 1003 1721 εἶναι.
1069 1689 1118 1721 16.
1135 1688 1237 1733 ἀμφὶ
1265 1682 1337 1721 otu&
1363 1699 1393 1720 τ.
1417 1690 1459 1721 Ε.
1483 1689 1521 1722 R.
1573 1691 1628 1725 18.

308 1734 432 1779 στράτ.
457 1743 496 1767 τε
516 1736 599 1780 μέγ.
628 1745 660 1767 κ.
688 1733 766 1766 «ekae.
790 1735 850 1774 R.,
876 1733 1001 1778 στράτ.
1019 1733 1102 1779 μέγ.
1127 1743 1165 1766 τε
1189 1744 1218 1766 κ.
1245 1732 1322 1766 dhe.
1341 1733 1431 1779 vulg.

217 1796 324 1828 etiam
357 1794 428 1827 loci
451 1795 611 1834 venisse,
647 1799 684 1827 et
707 1795 861 1839 aliquam
891 1794 1064 1827 exercitus
1092 1794 1146 1826 sui
1180 1799 1317 1838 partem
1341 1794 1394 1827 ibi
1417 1795 1627 1839 reliquisse,

219 1846 327 1885 atque
353 1840 437 1873 inde
475 1840 685 1872 Colchorum
711 1845 851 1884 gentem
877 1839 1074 1872 deductam.
1112 1839 1218 1883 Quod
1242 1841 1357 1883 ipsum
1381 1845 1417 1872 et
1448 1840 1626 1874 Diodorus

216 1886 356 1919 Siculus
380 1891 417 1918 et
440 1885 502 1919 alii
530 1885 724 1929 complures
748 1891 906 1918 veterum
930 1884 1178 1917 historicorum
1201 1890 1386 1918 testantur.
1422 1885 1468 1917 Hi
1492 1887 1625 1930 itaque,

215 1932 290 1964 sive
317 1932 417 1969 Lazi,
443 1932 515 1964 sive
543 1930 682 1970 Colchi,
721 1932 794 1964 sive
820 1930 984 1974 Aegyptii
1013 1931 1156 1964 sedibus
1182 1931 1254 1962 suis
1279 1932 1488 1974 migrantes,
1517 1932 1625 1964 variis

215 1981 335 2009 nostra
367 1981 481 2009 aetate
513 1975 618 2009 bellis
652 1976 797 2009 fuerunt
836 1976 1010 2015 lacessiti,
1044 1976 1226 2020 multaque
1257 1977 1395 2020 proelia
1426 1975 1471 2007 ob
1498 1975 1625 2008 horum

161 2056 165 2058 ,
215 2023 394 2065 regionem
431 2026 514 2054 sunt
550 2022 740 2054 commissa.
801 2021 971 2054 chosroes
1007 2022 1102 2054 enim
1137 2022 1314 2054 Persarum
1349 2032 1410 2054 rex
1444 2031 1522 2053 cum
1553 2022 1626 2055 iam

214 2068 326 2099 multa
358 2067 533 2111 valdeque
557 2072 756 2110 opportuna
779 2066 877 2099 illius
904 2066 1055 2110 reglonis
1079 2067 1156 2100 loca
1179 2067 1367 2100 invasisset
1387 2071 1493 2110 atque
1517 2078 1623 2100 occu-

214 2117 351 2156 passet,
388 2123 610 2156 nequaquam
640 2113 710 2145 sibi
744 2111 1065 2156 conquiescendum
1103 2112 1223 2152 duxit,
1255 2113 1317 2145 sed
1353 2118 1388 2144 et
1422 2112 1560 2157 reliqua
1584 2111 1623 2144 iu

215 2169 312 2189 suam
335 2163 545 2201 potestatem
570 2157 770 2201 redigenda.
818 2156 1036 2190 lastinianus
1062 2169 1144 2191 vero
1171 2159 1403 2190 Romanorum
1431 2159 1624 2201 imperator

215 2202 394 2235 Gubazem
418 2203 587 2235 Lazorum
610 2206 684 2235 tum
708 2203 875 2246 temporis
899 2213 1015 2246 regem
1039 2208 1075 2235 et
1097 2205 1295 2236 universam
1320 2208 1473 2247 gentem,
1493 2201 1624 2234 subdi-

215 2252 288 2279 tam
313 2249 383 2281 sibi
411 2254 447 2280 et
470 2248 680 2280 benevolam
706 2253 742 2281 et
762 2249 954 2281 communis
979 2249 1159 2292 religionis
1185 2249 1371 2292 cultusque
1397 2249 1510 2280 divini
1528 2259 1622 2280 nexu

214 2295 449 2333 coniunctam,
479 2292 640 2327 deserere
663 2305 728 2326 nec
751 2304 903 2339 aequum
926 2303 992 2324 nec
1017 2292 1149 2326 iustum
1176 2294 1358 2334 censebat;
1393 2295 1480 2338 quin
1502 2293 1620 2336 potius

216 2339 378 2371 omnibus
402 2338 537 2371 viribus
571 2337 691 2372 hostes
717 2350 821 2384 quam
845 2339 1012 2370 citissime
1035 2339 1222 2383 profligare
1246 2339 1416 2371 tentabat.
1464 2339 1620 2381 Reputa-

214 2383 279 2416 bat
305 2385 398 2416 enim
423 2395 500 2416 cum
525 2384 642 2417 animo
668 2396 731 2417 suo
757 2389 793 2416 et
815 2383 1015 2423 verebatur,
1040 2395 1085 2416 ne
1112 2385 1142 2416 si
1163 2386 1285 2417 Persae
1309 2384 1405 2416 bello
1424 2383 1618 2423 vincerent,

213 2429 309 2462 nihil
332 2431 382 2462 eis
407 2429 660 2473 impedimento
686 2431 842 2462 futurum
867 2433 971 2467 esset,
998 2440 1067 2473 quo
1093 2430 1208 2462 minus
1231 2441 1294 2473 per
1323 2430 1499 2462 Euxinum
1523 2439 1616 2471 pon-

215 2479 291 2506 tum
318 2475 405 2507 eitra
439 2475 552 2507 ullum
580 2480 712 2507 metum
743 2477 948 2518 navigantes
979 2474 1147 2506 interiora
1182 2475 1328 2508 Romani
1360 2473 1502 2518 Imperii
1537 2473 1616 2505 loca

212 2520 454 2564 pervaderent.
503 2519 680 2563 Quocirca
704 2521 894 2552 maximum
918 2518 1240 2565 validissimumque
1268 2521 1460 2553 exercitum
1484 2517 1536 2549 ibi
1558 2518 1614 2550 lo-

214 2566 323 2605 cavit,
347 2567 734 2611 praestantissimosque
755 2565 860 2598 duces
885 2564 918 2597 ei
941 2565 1120 2607 pracfecit.
1167 2567 1287 2598 Bcssas
1313 2566 1406 2598 enim
1431 2568 1466 2596 ct
1486 2562 1612 2594 Marti-

213 2621 279 2644 nus
304 2616 340 2643 ct
363 2612 469 2644 Buses
495 2612 527 2644 ei
551 2616 755 2654 praeerant,
786 2611 853 2643 viri
878 2609 1123 2654 spectatissimi
1159 2616 1195 2643 et
1228 2608 1471 2656 frequentibus
1507 2618 1613 2654 proe-

213 2657 271 2690 liis
293 2657 586 2694 exercitatissimi.
609 2657 736 2692 Missus
755 2667 834 2695 vero
850 2660 902 2690 cst
925 2655 1032 2688 etiam
1058 2655 1211 2691 Iustinus
1228 2655 1394 2690 Germani
1419 2653 1524 2694 filius,
1545 2652 1611 2687 ad·-
