1832 3152
667 119 722 159 m
760 115 1062 161 AGATHIAM.
1107 125 1111 128 >
1209 127 1211 129 ·
1310 122 1312 124 ·
1469 96 1578 171 34'7

149 228 318 287 peratus
345 220 440 263 fuit.
469 219 578 258 ἕωλα
602 217 718 258 enim
743 213 796 256 τὰ
821 215 996 270 ἀρχαῖα.
1053 215 1178 256 Unde
1205 221 1247 255 et
1269 211 1587 269 ἓωλόνεκρος,ο

97 303 100 308 -
148 274 228 331 πρὸ
249 273 400 315 πολλοῦ
423 270 641 326 τεθιηκώς.
701 274 890 313 Vocatur
917 278 960 312 et
978 267 1160 336 λατάγη,
1189 267 1236 309 τὸ
1259 273 1383 321 λεῖμα
1408 275 1519 319 (non
1540 276 1588 310 ut

148 332 193 373 in
217 330 344 370 Suida
365 328 519 382 legitur
541 328 674 379 λῆμα)
694 326 907 379 ποτηρίου.
932 326 1014 365 hoc
1035 332 1099 366 est
1111 322 1157 365 τὸ
1173 322 1381 375 λἐιψανον.
1434 327 1508 366 ἰίη.
1521 339 1586 366 20.

148 387 199 435 [l.
215 386 271 433 5]
297 379 927 448 vigetum-³103.Vertiadductus,
957 395 1003 420 εῚ
1028 382 1192 420 ratione
1220 395 1304 434 qua
1327 376 1510 434 ἀφῖγμαι
1529 380 1588 420 si-

125 439 322 502 ,gnificat
346 436 530 503 παραγέγ
533 451 620 476 οια.
703 437 775 476 lin.
800 437 864 476 33.
885 437 928 484 [I
947 441 1023 483 12.]
1045 434 1190 475 αὐτοῦ.
1214 436 1335 486 verti,
1365 437 1438 476 ibi.
1457 441 1526 475 aut
1549 435 1585 475 si

146 509 300 545 mavis,
330 493 424 546 lege
449 489 575 539 αὐτός
597 506 690 532 που.

255 560 363 620 Pag.
376 525 457 620 ιἺ69.
497 558 569 596 lin.
602 558 666 597 13.
700 558 822 608 [131,
854 555 912 619 63]
952 552 1182 605 Ευλάιιιος.
1234 554 1335 594 alias
1373 550 1588 603 Εὖλάλιος,

142 614 270 663 forte,
301 608 522 663 Εὖλοὶβιος.
546 612 620 651 [ιη.
644 612 702 651 16.
721 613 763 659 [l.
785 617 839 665 9]
868 605 995 664 ἄκρον
1021 623 1168 649 αωτον.
1209 611 1270 649 Ita
1301 615 1454 648 vocant
1470 608 1587 661 quod

144 669 189 708 in
211 682 381 722 quaque
403 682 448 706 re
469 673 532 706 est
554 681 764 706 summum
783 665 1251 720 etpraestantissimum.
1282 663 1589 704 Callimachus:

306 733 412 786 Δοιῇ
443 731 479 771 δ”
496 727 571 771 οὔκ
598 730 680 772 ἀπὸ
711 727 864 778 παντὸς
892 726 1007 784 ν’ὑωρ
1036 731 1244 794 φορέουσι
1269 730 1490 782 μέλισσαι,

303 787 420 828 Ἀλλ’
447 782 536 839 η’τις
564 785 729 850 καθαρή
757 801 802 825 τε
831 786 901 825 καί
929 784 1164 850 αχράαντος
1193 781 1361 849 α’νέρπει

308 841 499 889 Πίὸακος
526 842 570 890 ἐξ
599 840 710 895 ἱερῆς
732 839 855 919 ,ὀλίγη
885 839 1028 893 λιβὰς,
1068 835 1194 895 ἄκρον
1222 834 1369 880 ἄωτον.

145 907 268 950 Pind.
295 905 464 947 θάλλων
493 907 696 960 μουσικῆς
722 907 766 946 ἐν
789 901 922 946 duit-m.

243 971 788 1040 Pag.72.l1n.14.[138,
822 973 881 1020 8.]
915 969 1163 1023 σεμνότατον
1192 966 1313 1025 ἔργον
1350 971 1424 1011 και
1453 968 1592 1038 πάσης

145 1025 347 1091 ἄσχολάις
368 1027 608 1093 ὑπέρτερον.
633 1028 728 1066 vide
744 1041 835 1080 pag.
855 1028 941 1068 125.
964 1033 1093 1077 [aqi-J
1161 1029 1234 1066 li.n
1254 1029 1310 1067 15.
1322 1028 1467 1094 [139,1
1477 1025 1592 1076 ]και“

144 1079 191 1122 τὸ
215 1064 461 1137 λεγόμενον,
484 1081 528 1120 ὲν
550 1097 607 1137 τῳ
628 1082 738 1120 πίθῃ)
767 1082 1030 1134 φιλεργοῦντι
1052 1079 1127 1133 την
1154 1079 1388 1134 κεραιιείαν.
1417 1084 1481 1122 De
1506 1082 1588 1123 hoc

139 1137 371 1192 proverbio
400 1138 458 1175 ita
483 1122 722 1176 Tarrhaeus
752 1143 794 1175 et
824 1136 1029 1190 Didymus
1059 1137 1376 1199 proverbiorum
1401 1139 1588 1177 Graeco-

139 1206 238 1232 rum
259 1192 510 1232 collectores
545 1191 868 1231 accuratissimi:
898 1190 1102 1244 παοοιιιία
1129 1190 1198 1230 ἐπι
1220 1192 1303 1230 τῶν
1325 1187 1400 1238 τὰς
1422 1188 1589 1254 πρώτας

140 1245 233 1310 μὲν.
240 1242 450 1299 μαθήσεις
474 1242 838 1299 ὑπερβαινόντων,
866 1244 1111 1295 ἁπτοιιένων
1141 1245 1185 1285 δὲ
1213 1240 1370 1292 εὐθέως
1391 1245 1474 1285 τῶν
1494 1260 1588 1297 μει-

143 1298 297 1351 ζόνων,
338 1300 529 1340 τουτέστι
553 1301 638 1340 τῶν
669 1300 903 1366 παριέντων
939 1298 1015 1347 τὰς
1047 1299 1214 1354 πρώτας
1240 1297 1471 1354 μαθίσεις,
1517 1299 1590 1340 καί

141 1353 372 1422 ἐφιεμένων
403 1356 486 1395 τῶν
517 1337 775 1395 τελευταίων.
821 1353 876 1402 ὦς
907 1352 950 1394 εὶ
973 1369 1036 1401 τις
1063 1339 1294 1406 μανθάνων
1328 1330 1585 1409 κεραμεύειν,

141 1424 241 1463 πριν
261 1411 440 1461 μαθεῖν,
475 1408 650 1456 πίνακας
677 1405 703 1463 ἢ
729 1404 831 1449 ἄλλο
858 1425 898 1449 τι
927 1423 1011 1449 των
1034 1410 1196 1474 μικρῶν
1219 1409 1436 1474 πλάττειν,
1471 1409 1581 1466 πίθῳ

144 1463 364 1528 ἐγχειροίη.
412 1462 678 1531 Δικαίαρχος
689 1435 752 1503 l156
776 1479 927 1529 φησιν
934 1463 1074 1533 ἐτερόν
1100 1479 1139 1504 τι
1162 1464 1312 1516 δηλοῦν
1333 1479 1406 1531 την
1435 1479 1582 1518 παροι-

127 1519 270 1585 μίαν,
295 1516 421 1559 οἱονει
437 1534 510 1573 την
534 1519 706 1583 μελέτην
732 1534 776 1559 εν
799 1523 882 1566 τοῖς
909 1515 1068 1569 ὁμοίοις
1090 1520 1326 1572 ποιεῖσθαι,
1353 1518 1410 1567 ὥς
1433 1521 1582 1582 κυβερ-

143 1571 268 1628 νήτης
295 1589 362 1614 επι
394 1589 466 1628 της
494 1571 585 1627 νηὸς
615 1589 683 1613 και
712 1572 880 1627 ῆιίοχος
907 1574 978 1614 ἐπι
996 1573 1077 1614 τῶν
1106 1574 1257 1613 ἵππων.
1329 1576 1468 1628 Atque
1495 1575 1580 1614 uti-

142 1643 243 1669 nam
277 1643 476 1682 magnum
518 1630 628 1669 illud
666 1629 921 1669 Hollandiae
965 1630 1080 1670 sidus
1114 1629 1342 1679 Tarrhaei,
1380 1629 1580 1685 Didymi,

141 1661 370 1734 Zenobii:³
378 1685 608 1737 Apostolii,
638 1699 685 1724 ac
708 1685 933 1747 praecipue
964 1684 1221 1747 Diogeniani
1245 1685 1405 1738 Adagia
1433 1699 1582 1738 graece

139 1741 317 1781 seorsim
350 1738 573 1790 edidisset,
618 1755 797 1793 suasque
824 1741 875 1779 ad
904 1739 979 1779 illa
1011 1739 1307 1780 annotationes
1337 1740 1582 1788 adiecisset;

136 1808 282 1847 neque
309 1795 365 1833 ita
400 1809 550 1848 graeca
583 1795 726 1834 Ιιῐὶιιίε
754 1794 1004 1835 miscuisset.
1054 1795 1232 1843 melius,
1273 1810 1368 1835 meo
1409 1791 1583 1849 quidem

137 1849 324 1898 iudicio,
356 1849 408 1888 de
437 1855 616 1902 utraque
646 1850 793 1903 lingua
816 1850 988 1890 meritus
1010 1849 1169 1889 fuisset.
1201 1851 1298 1900 Qu'o
1324 1865 1427 1890 vero
1455 1865 1583 1891 sensu

139 1880 338 1957 Agatbias
373 1902 455 1944 hoc
484 1905 755 1968 proverbium
775 1910 981 1974 usurpet,
1010 1907 1188 1972 ipsemet
1208 1905 1418 1968 declarat,
1458 1920 1508 1946 ex
1531 1905 1583 1945 iis
1633 1926 1636 1931 ·

143 1973 252 2022 quae
284 1959 562 2023 praecedunt.
582 1956 721 2024 πλην
760 1957 852 1999 αλλ
886 1958 978 1999 ουδ’
1011 1957 1067 2006 ὡς
1094 1955 1233 2027 οἷνησω
1264 1954 1436 2010 τούμὸν,
1484 1957 1583 2000 οὐδὲ

142 2009 357 2064 παύσομαι
384 2010 469 2053 ἔστ’
498 2007 549 2053 ἂν
577 2009 597 2053 ὃ
625 2011 729 2068 ε’ρως
749 2028 803 2064 με
827 2007 928 2070 α’γη,
969 2013 1006 2053 εἰ
1027 2011 1104 2054 καί
1122 2011 1203 2063 μοί
1228 2029 1289 2061 τις
1311 2028 1581 2079 νεμεσησειεν,

143 2065 202 2114 ὥς
224 2065 463 2129 ὖπερτέρων
487 2067 702 2124 ἑφιεμένω.
759 2069 864 2108 Nam
889 2076 930 2109 et
953 2077 1074 2110 antea
1100 2069 1207 2108 dixit
1237 2084 1278 2108 se
1306 2069 1582 2134 scriptionem

135 2121 374 2172 historiae,
411 2125 525 2176 quod
553 2125 828 2177 praecipuum
860 2121 980 2177 ἔργον
1011 2139 1098 2164 esse
1131 2124 1332 2173 debebat,
1373 2122 1581 2179 πάρεργον

142 2176 296 2228 facere,
325 2176 453 2230 idque
478 2185 646 2232 praeter
660 2194 773 2222 suam
790 2181 1064 2229 voluntatem,
1095 2180 1212 2232 quod
1237 2179 1437 2220 nimirum
1461 2181 1583 2235 praxi

141 2231 304 2271 forensi
326 2233 482 2294 ‘volens
517 2234 670 2274 nolens
696 2249 773 2288 per
804 2241 942 2274 totum
977 2236 1088 2274 diem
1118 2242 1309 2286 vacaret,
1350 2242 1397 2274 ut
1427 2250 1583 2276 consu-

142 2285 252 2326 leret
274 2285 336 2326 rei
368 2287 576 2327 familiari.
626 2290 818 2329 meminit
850 2289 976 2330 etiam
1007 2289 1133 2328 huius
1163 2290 1376 2343 proverbii
1399 2292 1581 2346 Aposto-

142 2340 253 2392 lius,
292 2343 333 2379 in
364 2342 534 2395 adagio,
573 2338 676 2396 ὗπὲρ
701 2339 750 2383 τά
774 2344 1015 2422 ἐσκαμμένα
1045 2344 1193 2400 πηδᾷν.

253 2406 352 2458 Pag.
367 2407 430 2460 73.
443 2408 515 2447 lm.
538 2409 602 2451 35.
619 2410 729 2462 [139,
751 2425 810 2464 ¹7-
813 2405 888 2458 ]τὸ
903 2410 1045 2464 μέρος.
1069 2385 1196 2451 Forte
1215 2407 1260 2450 τὸ
1280 2426 1421 2450 αυτων
1441 2411 1582 2465 μέρος.

145 2519 170 2536 '¹
250 2472 802 2537 Pag.76.l1'n.r9.[144,
837 2490 883 2515 21
893 2482 919 2524 .]
971 2473 1173 2528 ἐτύγχανε
1203 2473 1281 2530 γὰρ
1322 2473 1579 2529 ἕναλλάγδην

141 2539 252 2577 εχων
271 2541 328 2565 τω
353 2522 495 2565 πόδε(
471 2527 574 2582 νπὲρ
597 2524 667 2568 τὸν
692 2528 851 2582 αυχένα
872 2545 942 2570 του
966 2530 1106 2571 ἵππου.
1135 2533 1315 2572 secutus
1335 2546 1427 2571 sum
1453 2533 1580 2573 verba

142 2579 344 2622 authoris.
401 2582 607 2632 Quisnam
635 2598 734 2624 vero
759 2585 816 2625 sit
843 2585 916 2626 hic
950 2585 1111 2640 positus
1138 2587 1295 2640 pedum
1338 2587 1382 2625 in
1413 2586 1578 2628 cervice

141 2636 268 2688 equi,
295 2643 366 2677 aut
385 2651 594 2691 quaenam
615 2638 722 2679 haec
744 2640 944 2680 sessionis
960 2641 1080 2692 ratio,
1104 2642 1231 2696 plane
1253 2656 1339 2681 non
1359 2642 1577 2697 intelligo:

144 2689 334 2743 suspicor
359 2691 500 2743 locum
525 2707 612 2734 non
635 2708 784 2735 vacare
808 2695 979 2736 mendo.
