1832 3152
518 143 894 186 HISTORIARUM
937 144 1009 185 lv.
1046 149 1113 192 17.
1455 127 1564 194 243

123 250 239 294 σθαι.
283 239 405 294 οὗτος
437 242 489 299 δή
516 239 593 287 οὖν
624 244 648 287 ὅ
694 244 887 302 Ἰωάννης
927 247 971 295 ἐς
1011 245 1304 300 ,Μισιμιανοὺς
1338 247 1606 304 ἄφιγμένοςΑ.
1626 258 1663 292 C.
1684 258 1756 295 556

123 314 198 355 καί
223 309 396 359 ἐπιστὰς
421 311 480 367 τῷ
504 312 589 353 τῶν
621 310 849 364 ιΡωμαίων
871 309 1175 367 στρατεύματι,
1209 311 1342 362 εὖθύς
1369 312 1486 368 ἀμφὶ
1514 310 1562 355 τὸ
1588 305 1709 341 1·1·3⁰

128 377 332 438 φρούριον
367 374 560 427 ἅπαντας
597 379 745 433 ἵδρυσε
785 377 858 420 καί
894 382 1129 438 πολιορκεῖν
1149 379 1365 434 ἐπειρᾶτο,
1405 377 1493 432 ἅμα
1525 381 1571 423 δὲ

122 444 196 488 καί
212 450 298 494 τοῖς
315 441 510 486 ἔκτοσθεν
537 444 828 497 διαιτωμένοις
849 445 1076 486 ἐπιθέσθαι
1090 475 1102 497 ,
1130 442 1203 485 καί
1220 441 1264 485 τὸ
1282 443 1452 497 σύμπαν
1469 447 1598 491 δια-Β

98 509 314 567 5ταροίξαι.
364 511 449 552 τῶν
479 507 557 566 γὰρ
593 508 792 570 οἰκήσεων
817 509 863 551 αἱ
891 514 1084 552 πλεῖσται
1111 509 1187 551 οὔκ
1215 510 1261 551 ἐν
1292 510 1406 567 αὐτῷ
1433 510 1566 566 δήπου

123 576 182 634 τῷ
208 572 415 633 περιβόλῳ
445 574 673 630 ἐτύγχανον
709 571 860 629 οὖσαι,
898 575 988 618 ἀλλ’
1013 576 1085 616 ἐπὶ
1114 575 1296 632 σκοπέλῳ
1325 573 1408 617 τινὶ
1434 572 1569 630 ἆγχοῦ

123 643 460 699 παρατεταμένῳ,
490 641 702 698 φάραγγες
726 643 771 684 δὲ
791 644 836 685 ἐν
865 642 978 700 αὐτῷ
1006 642 1077 683 καί
1095 642 1246 697 πέτραι
1265 638 1568 697 ἇπεᾷῥωγυῖαι,

124 709 385 751 ἐπιπλεῖστον
427 705 672 763 διήκουσαι,
714 707 978 763 δυσπρόσοδα
1019 706 1115 749 λίαν
1151 708 1225 749 καί
1255 701 1393 763 ἄπορα
1414 713 1502 758 τοῖς
1525 703 1569 747 ὅ-

123 771 279 822 θνείοις
303 774 376 815 καί
400 769 476 815 οὔκ
506 774 760 827 εἰθισμένοις
786 771 840 816 τὰ
864 775 964 830 τῇδε
988 770 1149 815 ἅπαντα
1174 774 1423 815 ἐκτελοῦσιν.
1451 770 1499 813 τό
1522 787 1570 826 γε

77 837 211 894 ιομὴν
247 837 475 895 ἐπιχώριον
504 839 696 897 ἐμπειρίᾳ
720 841 806 882 ταῖν
822 838 957 882 τόπων
976 837 1021 881 ἔκ
1048 854 1160 888 τινος
1187 838 1448 893 στενωτάτης
1468 836 1571 880 ὁδοῦ

125 905 198 947 καί
219 903 616 960 ὗπολανθανούσης,
658 904 780 958 μόλις
806 907 886 959 μὲν
920 904 994 947 καί
1020 901 1144 947 αὖτοί
1178 905 1251 946 καί
1278 905 1571 960 πεπονημένως

124 972 434 1026 καταφέρονται
472 971 518 1013 δὲ
544 967 667 1023 ὅμως,
699 969 816 1012 εἵπου
851 970 1016 1026 δεήσοι,
1044 970 1118 1013 καί
1144 965 1272 1020 αὖθις
1307 967 1570 1026 ἆνὲρπουσιν.

123 1035 208 1078 ὑπὸ
238 1037 286 1078 δὲ
316 1033 390 1079 τὸν
416 1034 609 1093 πρόποδα
638 1038 683 1078 ἐν
726 1032 841 1092 αὐτῷ
868 1035 917 1090 δή
945 1038 1002 1092 τῷ
1021 1037 1233 1093 χθαμαλῷ
1250 1035 1322 1077 καὶ
1342 1035 1572 1093 ἦπλωμένῳ
1588 1045 1630 1079 V.
1647 1048 1693 1090 89

124 1103 298 1151 πίδακες
328 1103 507 1156 ποτίμου
547 1098 703 1150 ὕδατος
732 1101 1065 1154 ἅναβλύζουσιν,
1112 1097 1216 1142 ὅθεν
1253 1098 1504 1156 ὑδρεύονται
1530 1099 1570 1142 οἱ

78 1169 182 1226 15τῷ
207 1170 373 1228 κολωνῷ
403 1168 664 1216 ἐνοικοῦντες.
692 1165 784 1209 τότε
809 1165 860 1222 δή
893 1162 982 1220 οὖν,
1013 1165 1260 1224 (ἐπετήρουν
1287 1164 1367 1222 γιὶρ
1394 1163 1433 1207 οἱ
1455 1165 1610 1209 ςΡω-(Σ

126 1239 249 1288 μαῖοι
275 1237 349 1276 καί
379 1234 577 1290 ἀπεῖργον
609 1231 657 1275 τὸ
681 1234 841 1290 μέρος,)
871 1232 1032 1289 νύκτωρ
1065 1231 1105 1273 οῖ
1131 1231 1342 1288 βάρβαροι
1363 1229 1575 1280 κατιόντες

128 1298 322 1356 ἦρῦοντο.
375 1294 572 1356 ’Ίσαυρος
601 1299 648 1341 δέ
673 1315 738 1347 τις
765 1297 893 1354 ἀνὴρ,
917 1298 1075 1347 Ἰλλοῦς
1100 1291 1231 1351 ὄνομα
1246 1331 1259 1350 ,
1303 1296 1375 1339 ἐπὶ
1397 1298 1496 1353 τῇδε
1523 1298 1576 1354 τῇ

131 1367 302 1421 φρουρᾷ
325 1366 596 1420 τεταγμένος,
639 1363 782 1419 ἐπειδὴ
808 1365 970 1405 κατεῖδε
1003 1362 1221 1412 πλείστους
1247 1365 1331 1405 τῶν
1359 1365 1577 1415 Μισιμια-

130 1431 215 1472 νῶν
241 1428 390 1484 miggine
426 1445 508 1472 που
538 1431 620 1472 τῶν
651 1431 812 1472 νυκτῶν
841 1431 885 1478 ἐς
915 1431 1042 1471 τοῦτο
1072 1425 1426 1484 καταβεβηκότας,
1470 1425 1493 1469 o‘
1529 1428 1577 1469 δὲ

80 1491 502 1551 ἐοὕποκρυπτόμενος
542 1494 684 1550 ἡσυχῇ
712 1494 830 1547 ἐζιιενε
867 1493 939 1536 καὶ
966 1494 1206 1550 ξυνεχώρει·
1256 1494 1313 1543 ὥς
1347 1494 1393 1535 δὲ
1429 1496 1578 1536 ἐκεῖνοι

135 1560 213 1612 τὰς
239 1559 408 1610 κάλπεις
429 1558 714 1615 ἐμπλήσαντες
735 1556 1054 1616 ἇπεπορεύοντο,
1075 1563 1212 1607 εἵπετο
1234 1559 1374 1616 λάθρα
1393 1559 1415 1602 ὅ
1433 1554 1579 1604 Ἰσαυ-

135 1642 208 1684 ρος
233 1624 308 1668 καὶ
329 1624 544 1682 συνανῄει,
572 1626 651 1674 ἕως
684 1626 748 1666 ἐπ’
774 1620 906 1682 ἄκρου
934 1623 1150 1680 γενόμενος
1177 1625 1253 1681 τήν
1297 1641 1342 1668 τε
1379 1627 1455 1667 τοῦ
1489 1643 1579 1679 χω*

233 1711 262 1734 ι.
282 1697 318 1732 δ’
333 1693 403 1732 οὖν
422 1699 460 1731 R.
554 1698 587 1742 4.
607 1698 764 1732 ἔκτοθεν
779 1699 817 1731 R.
917 1710 968 1733 ιο.
995 1697 1223 1739 στενωπίτης
1249 1698 1301 1732 Cl.
1316 1722 1326 1738 ,
1360 1697 1580 1740 στενοτάτης

229 1747 270 1780 Β.
291 1750 329 1779 et
348 1746 445 1791 vulg.
589 1756 639 1790 ¹7·
665 1744 829 1792 ἅρύοντο
854 1746 894 1780 R.
967 1745 1060 1779 Ilius
1090 1746 1204 1792 Intpr.
1269 1755 1326 1782 21.
1353 1744 1575 1792 ἐτορεύορτο

227 1793 266 1826 R.
292 1791 566 1839 (ἐπορεύοντο).

135 1883 204 1918 bus
233 1882 339 1916 donis
372 1886 662 1928 prosequeretur.
713 1880 783 1914 Hic
820 1881 944 1928 itaque
978 1882 1130 1914 Ioannes
1165 1893 1246 1915 cum
1279 1880 1325 1914 ad
1349 1881 1575 1916 Misimianos

135 1931 378 1976 pervenisset,
403 1935 451 1962 -et
473 1930 545 1962 iam
569 1929 808 1962 Romanorum
841 1928 1017 1961 exercitui
1050 1933 1233 1972 praeesset
1255 1953 1264 1968 ‚
1309 1930 1499 1962 confestim
1533 1941 1576 1962 o—

137 1975 281 2010 mnibus
306 1975 422 2021 copiis
444 1975 712 2020 propugnaculo
736 1974 903 2015 admotis,
930 1974 1123 2008 obsidione
1146 1974 1240 2008 illud
1264 1976 1405 2020 cingere
1432 1975 1580 2008 nitebar·

137 2028 217 2064 tur,
247 2023 424 2068 simulque
449 2033 534 2063 eos,
569 2022 633 2068 qui
661 2026 762 2054 extra
794 2021 994 2066 degebant,
1024 2021 1195 2055 invadere
1221 2023 1417 2067 omniaque
1450 2022 1578 2055 obtur-

137 2069 235 2103 bare.
284 2070 418 2103 Domus
444 2069 541 2102 enim
565 2069 744 2113 plurimae
770 2071 864 2101 muri
887 2068 1027 2101 ambitu
1053 2080 1127 2101 non
1153 2068 1487 2108 concludebantur,
1515 2068 1578 2101 sed

142 2117 182 2149 in
205 2116 392 2160 scopuloso
425 2115 581 2162 quodam
607 2116 686 2148 loco
710 2125 824 2159 prope
851 2121 1061 2160 exporrecto
1079 2139 1088 2154 ‚
1124 2115 1163 2147 in
1197 2125 1269 2159 quo
1294 2115 1508 2159 praecipitia
1541 2121 1579 2148 et

140 2163 314 2207 abruptae
338 2168 476 2208 petrae,
501 2163 539 2195 in
566 2163 715 2207 longum
738 2161 952 2201 tendentes,
985 2161 1152 2194 difficilia
1177 2171 1319 2193 accessu
1353 2162 1577 2207 transituque

142 2209 275 2243 exteris
309 2214 347 2242 et
375 2208 530 2243 insuetis
573 2209 694 2242 omnia
734 2208 956 2241 efficiebant.
1006 2208 1150 2240 Incolae
1186 2218 1271 2240 vero
1306 2209 1440 2251 peritia
1478 2209 1578 2241 loco-

140 2266 220 2289 rum
265 2266 311 2288 ex
357 2256 606 2300 angustissima
640 2254 797 2301 quadam
828 2261 866 2288 et
906 2259 1002 2287 tecta
1037 2254 1095 2286 via
1129 2264 1234 2299 aegre
1275 2254 1423 2300 quidem
1463 2256 1574 2288 etiam

143 2303 214 2347 ipsi
239 2307 276 2335 et
299 2301 501 2344 laboriose,
524 2301 747 2336 descendunt
771 2307 906 2343 tamen,
931 2301 964 2334 si
988 2300 1136 2346 quando
1162 2312 1251 2345 opus
1275 2301 1399 2343 fuerit,
1433 2313 1574 2335 rursus-

143 2360 216 2395 que
240 2359 379 2382 sursum
403 2355 547 2394 repunt.
593 2347 650 2382 Ad
681 2348 836 2382 radicem
867 2359 952 2382 vero
982 2348 1114 2381 montis
1161 2348 1200 2380 in
1229 2347 1362 2381 humili
1397 2355 1434 2382 et
1465 2349 1573 2392 plano

145 2395 222 2428 solo
247 2395 366 2428 sontes
390 2396 562 2440 potabilis
585 2406 702 2440 aquae
734 2396 955 2435 scaturiunt,
980 2394 1078 2428 unde
1103 2394 1244 2428 incolae
1278 2406 1410 2440 aquam
1433 2400 1572 2440 petunt.

144 2441 239 2474 Tum
264 2443 386 2486 itaque
411 2443 581 2486 temporis
605 2441 868 2487 (observabant
912 2442 1011 2474 enim
1037 2453 1098 2474 eos
1131 2441 1304 2482 Romani,
1329 2446 1367 2474 et
1400 2452 1444 2474 ex
1474 2446 1574 2485 parte

142 2487 417 2533 prohibebant)
451 2488 593 2522 barbari
619 2494 728 2522 noctu
763 2488 1022 2522 descendentes
1047 2499 1177 2534 aquam
1200 2487 1448 2520 hauriebant.>
1474 2489 1575 2519 Isau·

141 2546 203 2568 rus
227 2539 347 2567 autem
372 2535 541 2580 quidam,
563 2535 650 2568 Illus
675 2536 846 2575 nomine,
869 2535 933 2580 qui
961 2546 1003 2568 ea
1026 2535 1066 2568 in
1103 2540 1202 2579 parte
1237 2535 1431 2567 stationem
1460 2533 1576 2566 habe-

141 2580 231 2622 bat,
257 2581 484 2625 conspicatus
510 2581 642 2614 multos
666 2582 904 2623 Misimianos‚
929 2582 992 2627 qui
1015 2582 1130 2614 multa
1153 2586 1259 2614 nocte
1283 2590 1366 2613 eum
1389 2581 1430 2613 in
1455 2580 1574 2612 locum

142 2626 423 2667 descenderant,
458 2629 536 2673 ipse
560 2632 676 2660 tectus
707 2629 913 2673 tacitusque
942 2639 1006 2661 suo
1038 2629 1118 2660 loco
1144 2627 1277 2660 mansit
1315 2631 1352 2659 et
1384 2626 1572 2669 permisit:

143 2673 364 2719 simulatque
388 2685 472 2708 vero
497 2674 554 2706 illi
588 2673 726 2716 hydriis
757 2675 904 2719 repletis
933 2679 1159 2708 recesserunt
1179 2699 1189 2713 ,
1220 2674 1363 2705 lsaurus
1397 2673 1486 2704 clam
1513 2683 1574 2704 eos

109 2748 117 2755 .
143 2718 396 2766 subsequitur,
420 2720 600 2765 simulque
625 2719 798 2762 ascendit,
822 2719 940 2755 donec
963 2722 1002 2754 in
1026 2730 1201 2754 summum
1226 2720 1403 2760 venisset,
1437 2724 1474 2752 et
1503 2719 1574 2752 loci
1598 2706 1609 2721 ⁴
