<?xml version="1.0" encoding="UTF-8"?>
<!DOCTYPE html PUBLIC "-//W3C//DTD XHTML 1.0 Transitional//EN"
    "http://www.w3.org/TR/xhtml1/DTD/xhtml1-transitional.dtd">
<html xmlns="http://www.w3.org/1999/xhtml" xml:lang="en" lang="en">
 <head>
  <title>
</title>
<meta http-equiv="Content-Type" content="text/html;charset=utf-8" />
  <meta name='ocr-system' content='tesseract 3.04.00' />
  <meta name='ocr-capabilities' content='ocr_page ocr_carea ocr_par ocr_line ocrx_word'/>
</head>
<body>
  <div class='ocr_page' id='page_1' title='image "./corpusscriptorum01niebuoft_0207.png"; bbox 0 0 1794 3112; ppageno 0'>
   <div class='ocr_carea' id='block_1_1' title="bbox 570 104 1602 177">
    <p class='ocr_par' dir='ltr' id='par_1_1' title="bbox 570 104 1602 177">
     <span class='ocr_line' id='line_1_1' title="bbox 570 104 1602 177; baseline -0.002 -11"><span class='ocrx_word' id='word_1_1' title='bbox 570 124 943 168; x_wconf 75' lang='lat' dir='ltr'>111STOR1ARUM</span> <span class='ocrx_word' id='word_1_2' title='bbox 971 127 1042 166; x_wconf 78' lang='lat'>111.</span> <span class='ocrx_word' id='word_1_3' title='bbox 1072 131 1138 171; x_wconf 83' lang='lat'><strong>11.</strong></span> <span class='ocrx_word' id='word_1_4' title='bbox 1332 164 1334 166; x_wconf 73' lang='grc'><em>,</em></span> <span class='ocrx_word' id='word_1_5' title='bbox 1499 104 1602 177; x_wconf 78' lang='lat'><strong>163</strong></span> 
     </span>
    </p>
   </div>
   <div class='ocr_carea' id='block_1_2' title="bbox 109 221 1794 1656">
    <p class='ocr_par' dir='ltr' id='par_1_2' title="bbox 109 221 1794 1656">
     <span class='ocr_line' id='line_1_2' title="bbox 171 221 1794 283; baseline -0.004 -13"><span class='ocrx_word' id='word_1_6' title='bbox 171 227 271 270; x_wconf 64' lang='grc' dir='ltr'><em>οὐδὲ</em></span> <span class='ocrx_word' id='word_1_7' title='bbox 289 228 408 270; x_wconf 81' lang='grc' dir='ltr'><em>τοῦτο</em></span> <span class='ocrx_word' id='word_1_8' title='bbox 432 227 550 280; x_wconf 81' lang='grc' dir='ltr'><em>λάβοι</em></span> <span class='ocrx_word' id='word_1_9' title='bbox 571 242 634 275; x_wconf 91' lang='grc' dir='ltr'><strong>τις</strong></span> <span class='ocrx_word' id='word_1_10' title='bbox 664 221 716 268; x_wconf 72' lang='grc' dir='ltr'><strong>ἂν</strong></span> <span class='ocrx_word' id='word_1_11' title='bbox 737 223 876 283; x_wconf 68' lang='grc' dir='ltr'><em>ὥσπερ</em></span> <span class='ocrx_word' id='word_1_12' title='bbox 904 223 1100 280; x_wconf 74' lang='grc' dir='ltr'><em>ἑπόμενον</em></span> <span class='ocrx_word' id='word_1_13' title='bbox 1124 227 1180 283; x_wconf 75' lang='grc' dir='ltr'><strong>τῷ</strong></span> <span class='ocrx_word' id='word_1_14' title='bbox 1205 226 1309 282; x_wconf 77' lang='grc' dir='ltr'><em>λόγῳ</em></span> <span class='ocrx_word' id='word_1_15' title='bbox 1340 223 1412 266; x_wconf 78' lang='grc' dir='ltr'><em>καὶ</em></span> <span class='ocrx_word' id='word_1_16' title='bbox 1446 239 1604 279; x_wconf 79' lang='grc' dir='ltr'><em>συνημ-</em></span> <span class='ocrx_word' id='word_1_17' title='bbox 1619 236 1656 270; x_wconf 77' lang='grc' dir='ltr'><strong>Α,</strong></span> <span class='ocrx_word' id='word_1_18' title='bbox 1672 236 1709 269; x_wconf 81' lang='lat' dir='ltr'><strong>c,</strong></span> <span class='ocrx_word' id='word_1_19' title='bbox 1734 237 1794 280; x_wconf 70' lang='lat'><strong>554</strong></span> 
     </span>
     <span class='ocr_line' id='line_1_3' title="bbox 167 285 1773 348; baseline -0.003 -14"><span class='ocrx_word' id='word_1_20' title='bbox 167 294 304 346; x_wconf 84' lang='grc' dir='ltr'><em>μένον,</em></span> <span class='ocrx_word' id='word_1_21' title='bbox 343 291 412 344; x_wconf 73' lang='grc' dir='ltr'><strong>ὥς,</strong></span> <span class='ocrx_word' id='word_1_22' title='bbox 439 291 607 334; x_wconf 75' lang='grc' dir='ltr'><strong><em>ἐκείνων</em></strong></span> <span class='ocrx_word' id='word_1_23' title='bbox 634 292 1036 348; x_wconf 87' lang='grc' dir='ltr'><em>παρανομησάντων,</em></span> <span class='ocrx_word' id='word_1_24' title='bbox 1069 292 1209 346; x_wconf 82' lang='grc' dir='ltr'><em>δεήσει</em></span> <span class='ocrx_word' id='word_1_25' title='bbox 1237 291 1310 333; x_wconf 82' lang='grc' dir='ltr'>καί</span> <span class='ocrx_word' id='word_1_26' title='bbox 1322 288 1436 346; x_wconf 77' lang='grc' dir='ltr'><em>ἡμᾶς</em></span> <span class='ocrx_word' id='word_1_27' title='bbox 1455 287 1507 332; x_wconf 79' lang='grc' dir='ltr'><strong>τά</strong></span> <span class='ocrx_word' id='word_1_28' title='bbox 1540 290 1601 330; x_wconf 86' lang='grc' dir='ltr'><em>οἰ-</em></span> <span class='ocrx_word' id='word_1_29' title='bbox 1624 286 1652 320; x_wconf 81' lang='lat'><strong>1·</strong></span> <span class='ocrx_word' id='word_1_30' title='bbox 1675 285 1773 323; x_wconf 48' lang='lat'><strong>1⁴3</strong></span> 
     </span>
     <span class='ocr_line' id='line_1_4' title="bbox 169 350 1608 414; baseline -0.003 -15"><span class='ocrx_word' id='word_1_31' title='bbox 169 360 259 403; x_wconf 79' lang='grc' dir='ltr'><em>κεῖα</em></span> <span class='ocrx_word' id='word_1_32' title='bbox 274 354 428 410; x_wconf 84' lang='grc' dir='ltr'><em>νόμιμα</em></span> <span class='ocrx_word' id='word_1_33' title='bbox 452 360 782 414; x_wconf 82' lang='grc' dir='ltr'><em>καταπροέσθαι·</em></span> <span class='ocrx_word' id='word_1_34' title='bbox 808 359 907 401; x_wconf 74' lang='grc' dir='ltr'><em>οὐδὲ</em></span> <span class='ocrx_word' id='word_1_35' title='bbox 931 359 987 408; x_wconf 74' lang='grc' dir='ltr'><em>ὥς</em></span> <span class='ocrx_word' id='word_1_36' title='bbox 1004 359 1194 408; x_wconf 77' lang='grc' dir='ltr'><em>ἀπίστοις</em></span> <span class='ocrx_word' id='word_1_37' title='bbox 1208 360 1286 411; x_wconf 86' lang='grc' dir='ltr'><strong>μὲν</strong></span> <span class='ocrx_word' id='word_1_38' title='bbox 1311 357 1455 404; x_wconf 74' lang='grc' dir='ltr'><em>αὖτοῖς</em></span> <span class='ocrx_word' id='word_1_39' title='bbox 1476 350 1608 408; x_wconf 59' lang='lat'><strong>57:3⁸-</strong></span> 
     </span>
     <span class='ocr_line' id='line_1_5' title="bbox 169 418 1607 480; baseline -0.002 -16"><span class='ocrx_word' id='word_1_40' title='bbox 169 425 307 476; x_wconf 77' lang='grc' dir='ltr'><em>σθαι,.</em></span> <span class='ocrx_word' id='word_1_41' title='bbox 323 425 618 479; x_wconf 71' lang='grc' dir='ltr'><em>παραπλησίαν</em></span> <span class='ocrx_word' id='word_1_42' title='bbox 643 425 689 466; x_wconf 84' lang='grc' dir='ltr'><strong>δὲ</strong></span> <span class='ocrx_word' id='word_1_43' title='bbox 713 423 951 480; x_wconf 80' lang='grc' dir='ltr'><em>κτήσασθαι</em></span> <span class='ocrx_word' id='word_1_44' title='bbox 979 423 1115 476; x_wconf 77' lang='grc' dir='ltr'><em>δόξαν.</em></span> <span class='ocrx_word' id='word_1_45' title='bbox 1151 427 1225 467; x_wconf 77' lang='grc' dir='ltr'><strong>νῦν</strong></span> <span class='ocrx_word' id='word_1_46' title='bbox 1247 420 1325 477; x_wconf 76' lang='grc' dir='ltr'><em>γάρ</em></span> <span class='ocrx_word' id='word_1_47' title='bbox 1353 422 1404 462; x_wconf 75' lang='lat'><strong>025</strong></span> <span class='ocrx_word' id='word_1_48' title='bbox 1425 418 1471 462; x_wconf 87' lang='grc' dir='ltr'><strong>τὸ</strong></span> <span class='ocrx_word' id='word_1_49' title='bbox 1494 418 1607 475; x_wconf 80' lang='grc' dir='ltr'><em>φθά-</em></span> 
     </span>
     <span class='ocr_line' id='line_1_6' title="bbox 140 483 1607 546; baseline -0.005 -13"><span class='ocrx_word' id='word_1_50' title='bbox 140 492 245 533; x_wconf 85' lang='grc' dir='ltr'><em>5σαν</em></span> <span class='ocrx_word' id='word_1_51' title='bbox 272 486 346 529; x_wconf 79' lang='grc' dir='ltr'><em>καί</em></span> <span class='ocrx_word' id='word_1_52' title='bbox 367 489 661 544; x_wconf 81' lang='grc' dir='ltr'><em>διηνυσμένον,</em></span> <span class='ocrx_word' id='word_1_53' title='bbox 702 492 776 532; x_wconf 83' lang='grc' dir='ltr'><em>καί</em></span> <span class='ocrx_word' id='word_1_54' title='bbox 798 491 938 532; x_wconf 71' lang='grc' dir='ltr'><em>οὐκέτι</em></span> <span class='ocrx_word' id='word_1_55' title='bbox 966 489 1042 546; x_wconf 81' lang='grc' dir='ltr'><strong>τὴν</strong></span> <span class='ocrx_word' id='word_1_56' title='bbox 1062 492 1136 532; x_wconf 80' lang='grc' dir='ltr'><strong>τοῦ</strong></span> <span class='ocrx_word' id='word_1_57' title='bbox 1151 487 1210 544; x_wconf 76' lang='grc' dir='ltr'><em>μὴ</em></span> <span class='ocrx_word' id='word_1_58' title='bbox 1242 487 1449 543; x_wconf 84' lang='grc' dir='ltr'><em>γεγονέναι</em></span> <span class='ocrx_word' id='word_1_59' title='bbox 1478 483 1607 541; x_wconf 82' lang='grc' dir='ltr'><em>φύσιν</em></span> 
     </span>
     <span class='ocr_line' id='line_1_7' title="bbox 164 552 1607 613; baseline -0.003 -16"><span class='ocrx_word' id='word_1_60' title='bbox 164 552 478 608; x_wconf 75' lang='grc' dir='ltr'><em>ἐπιδεχόμενον,</em></span> <span class='ocrx_word' id='word_1_61' title='bbox 517 556 836 610; x_wconf 69' lang='grc' dir='ltr'><em>ἀναλογίζεσθαι</em></span> <span class='ocrx_word' id='word_1_62' title='bbox 859 555 956 613; x_wconf 79' lang='grc' dir='ltr'><em>χρὴ,</em></span> <span class='ocrx_word' id='word_1_63' title='bbox 997 556 1054 605; x_wconf 74' lang='grc' dir='ltr'><em>ὥς</em></span> <span class='ocrx_word' id='word_1_64' title='bbox 1084 552 1136 598; x_wconf 73' lang='grc' dir='ltr'><strong>ἂν</strong></span> <span class='ocrx_word' id='word_1_65' title='bbox 1166 553 1240 610; x_wconf 69' lang='grc' dir='ltr'><strong>μή,</strong></span> <span class='ocrx_word' id='word_1_66' title='bbox 1265 554 1414 610; x_wconf 72' lang='grc' dir='ltr'><em>σύντῷ</em></span> <span class='ocrx_word' id='word_1_67' title='bbox 1439 555 1607 604; x_wconf 87' lang='grc' dir='ltr'><em>θυμου-</em></span> 
     </span>
     <span class='ocr_line' id='line_1_8' title="bbox 163 617 1606 676; baseline -0.002 -15"><span class='ocrx_word' id='word_1_68' title='bbox 163 621 276 676; x_wconf 75' lang='grc' dir='ltr'><em>μένῳ</em></span> <span class='ocrx_word' id='word_1_69' title='bbox 311 622 385 675; x_wconf 80' lang='grc' dir='ltr'><strong>τῆς</strong></span> <span class='ocrx_word' id='word_1_70' title='bbox 420 623 564 676; x_wconf 82' lang='grc' dir='ltr'><em>ψυχῆς</em></span> <span class='ocrx_word' id='word_1_71' title='bbox 591 624 664 664; x_wconf 82' lang='grc' dir='ltr'><em>καί</em></span> <span class='ocrx_word' id='word_1_72' title='bbox 690 622 987 676; x_wconf 72' lang='grc' dir='ltr'><em>χαλεπαίνοντι</em></span> <span class='ocrx_word' id='word_1_73' title='bbox 1027 620 1350 676; x_wconf 81' lang='grc' dir='ltr'><em>βουλευόμενοι,</em></span> <span class='ocrx_word' id='word_1_74' title='bbox 1401 617 1606 669; x_wconf 79' lang='grc' dir='ltr'><em>λάθοιμεν</em></span> 
     </span>
     <span class='ocr_line' id='line_1_9' title="bbox 164 679 1605 742; baseline -0.003 -16"><span class='ocrx_word' id='word_1_75' title='bbox 164 680 343 734; x_wconf 68' lang='grc' dir='ltr'><em>ἑαυτούς</em></span> <span class='ocrx_word' id='word_1_76' title='bbox 366 683 414 726; x_wconf 88' lang='grc' dir='ltr'>τὸ</span> <span class='ocrx_word' id='word_1_77' title='bbox 439 691 580 741; x_wconf 87' lang='grc' dir='ltr'><em>κρῖνον</em></span> <span class='ocrx_word' id='word_1_78' title='bbox 600 689 890 736; x_wconf 79' lang='grc' dir='ltr'><em>ἐπιθολοῦντες</em></span> <span class='ocrx_word' id='word_1_79' title='bbox 904 721 918 740; x_wconf 95' lang='grc'><em>,</em></span> <span class='ocrx_word' id='word_1_80' title='bbox 955 689 1028 729; x_wconf 79' lang='grc' dir='ltr'><em>καί</em></span> <span class='ocrx_word' id='word_1_81' title='bbox 1045 685 1120 742; x_wconf 82' lang='grc' dir='ltr'><strong>τὴν</strong></span> <span class='ocrx_word' id='word_1_82' title='bbox 1147 686 1226 728; x_wconf 82' lang='grc' dir='ltr'><strong>τοῦ</strong></span> <span class='ocrx_word' id='word_1_83' title='bbox 1247 683 1459 737; x_wconf 76' lang='grc' dir='ltr'><em>ἀμείνονος</em></span> <span class='ocrx_word' id='word_1_84' title='bbox 1486 679 1605 737; x_wconf 77' lang='grc' dir='ltr'><em>εὕρε-</em></span> 
     </span>
     <span class='ocr_line' id='line_1_10' title="bbox 165 745 1606 808; baseline -0.001 -18"><span class='ocrx_word' id='word_1_85' title='bbox 165 764 233 792; x_wconf 86' lang='grc' dir='ltr'><em>σιν</em></span> <span class='ocrx_word' id='word_1_86' title='bbox 263 752 620 808; x_wconf 80' lang='grc' dir='ltr'><em>προαφῃρημένοι·</em></span> <span class='ocrx_word' id='word_1_87' title='bbox 662 751 766 794; x_wconf 79' lang='grc' dir='ltr'><em>ἀλλά</em></span> <span class='ocrx_word' id='word_1_88' title='bbox 799 754 876 794; x_wconf 80' lang='grc' dir='ltr'><strong>τοῦ</strong></span> <span class='ocrx_word' id='word_1_89' title='bbox 899 753 978 805; x_wconf 79' lang='grc' dir='ltr'><strong>μὲν</strong></span> <span class='ocrx_word' id='word_1_90' title='bbox 1009 751 1175 800; x_wconf 86' lang='grc' dir='ltr'><em>πάθους</em></span> <span class='ocrx_word' id='word_1_91' title='bbox 1206 747 1402 806; x_wconf 12' lang='grc' dir='ltr'><em>εὗφελεῖν,</em></span> <span class='ocrx_word' id='word_1_92' title='bbox 1440 745 1606 789; x_wconf 84' lang='grc' dir='ltr'><em>εἰσόσον</em></span> 
     </span>
     <span class='ocr_line' id='line_1_11' title="bbox 116 813 1605 873; baseline -0.002 -18"><span class='ocrx_word' id='word_1_93' title='bbox 116 813 222 871; x_wconf 64' lang='lat' dir='ltr'><strong>tom)</strong></span> <span class='ocrx_word' id='word_1_94' title='bbox 258 817 394 858; x_wconf 83' lang='grc' dir='ltr'><em>δοκεῖν</em></span> <span class='ocrx_word' id='word_1_95' title='bbox 417 817 690 872; x_wconf 70' lang='grc' dir='ltr'><em>ἠμεληκέναι,</em></span> <span class='ocrx_word' id='word_1_96' title='bbox 726 816 926 873; x_wconf 86' lang='grc' dir='ltr'><em>πρόνοιαν</em></span> <span class='ocrx_word' id='word_1_97' title='bbox 961 818 1007 859; x_wconf 81' lang='grc' dir='ltr'><strong>δὲ</strong></span> <span class='ocrx_word' id='word_1_98' title='bbox 1030 819 1110 859; x_wconf 77' lang='grc' dir='ltr'><strong>τῶν</strong></span> <span class='ocrx_word' id='word_1_99' title='bbox 1141 818 1242 870; x_wconf 79' lang='grc' dir='ltr'><em>γοῦν</em></span> <span class='ocrx_word' id='word_1_100' title='bbox 1270 815 1424 857; x_wconf 77' lang='grc' dir='ltr'><em>λοιπῶν</em></span> <span class='ocrx_word' id='word_1_101' title='bbox 1449 814 1605 854; x_wconf 81' lang='grc' dir='ltr'><em>θέσθαι</em></span> 
     </span>
     <span class='ocr_line' id='line_1_12' title="bbox 163 877 1724 940; baseline -0.003 -18"><span class='ocrx_word' id='word_1_102' title='bbox 163 880 432 936; x_wconf 73' lang='grc' dir='ltr'><em>πραγμάτων,</em></span> <span class='ocrx_word' id='word_1_103' title='bbox 460 878 571 931; x_wconf 79' lang='grc' dir='ltr'><em>ὅπως</em></span> <span class='ocrx_word' id='word_1_104' title='bbox 586 877 734 938; x_wconf 70' lang='grc' dir='ltr'><em>ἄριστα</em></span> <span class='ocrx_word' id='word_1_105' title='bbox 755 883 997 940; x_wconf 71' lang='grc' dir='ltr'><em>καθεστήξῃ.</em></span> <span class='ocrx_word' id='word_1_106' title='bbox 1026 880 1210 937; x_wconf 77' lang='grc' dir='ltr'><em>ἀνοήτων</em></span> <span class='ocrx_word' id='word_1_107' title='bbox 1228 883 1308 934; x_wconf 86' lang='grc' dir='ltr'><strong>μὲν</strong></span> <span class='ocrx_word' id='word_1_108' title='bbox 1332 878 1412 935; x_wconf 76' lang='grc' dir='ltr'><em>γάρ</em></span> <span class='ocrx_word' id='word_1_109' title='bbox 1438 878 1603 933; x_wconf 73' lang='grc' dir='ltr'><em>ἀνδρῶν</em></span> <span class='ocrx_word' id='word_1_110' title='bbox 1616 880 1652 915; x_wconf 87' lang='grc' dir='ltr'><strong>Ρ.</strong></span> <span class='ocrx_word' id='word_1_111' title='bbox 1677 877 1724 916; x_wconf 75' lang='grc'><strong>86</strong></span> 
     </span>
     <span class='ocr_line' id='line_1_13' title="bbox 163 941 1606 1004; baseline -0.004 -15"><span class='ocrx_word' id='word_1_112' title='bbox 163 945 235 989; x_wconf 74' lang='grc' dir='ltr'><em>ἐπὶ</em></span> <span class='ocrx_word' id='word_1_113' title='bbox 262 951 348 995; x_wconf 85' lang='grc' dir='ltr'><em>τοῖς</em></span> <span class='ocrx_word' id='word_1_114' title='bbox 380 950 699 1004; x_wconf 76' lang='grc' dir='ltr'><em>παρῳχημένοις</em></span> <span class='ocrx_word' id='word_1_115' title='bbox 723 954 863 997; x_wconf 77' lang='grc' dir='ltr'><em>κακοῖς</em></span> <span class='ocrx_word' id='word_1_116' title='bbox 899 949 1143 1002; x_wconf 75' lang='grc' dir='ltr'><em>ἀγανακτεῖν</em></span> <span class='ocrx_word' id='word_1_117' title='bbox 1182 949 1313 1002; x_wconf 83' lang='grc' dir='ltr'><em>μέχρι</em></span> <span class='ocrx_word' id='word_1_118' title='bbox 1346 941 1505 991; x_wconf 86' lang='grc' dir='ltr'><em>παντὸς</em></span> <span class='ocrx_word' id='word_1_119' title='bbox 1532 941 1606 984; x_wconf 80' lang='grc' dir='ltr'><em>καὶ</em></span> 
     </span>
     <span class='ocr_line' id='line_1_14' title="bbox 163 1009 1612 1072; baseline -0.003 -18"><span class='ocrx_word' id='word_1_120' title='bbox 163 1011 390 1072; x_wconf 75' lang='grc' dir='ltr'><em>οἷνιᾷσθαι,</em></span> <span class='ocrx_word' id='word_1_121' title='bbox 429 1012 662 1069; x_wconf 87' lang='grc' dir='ltr'><em>σωφρόνων</em></span> <span class='ocrx_word' id='word_1_122' title='bbox 695 1014 741 1055; x_wconf 80' lang='grc' dir='ltr'><strong>δὲ</strong></span> <span class='ocrx_word' id='word_1_123' title='bbox 769 1011 847 1062; x_wconf 81' lang='grc' dir='ltr'><strong>τὰς</strong></span> <span class='ocrx_word' id='word_1_124' title='bbox 879 1013 1081 1062; x_wconf 73' lang='grc' dir='ltr'><em>ἀτάκτους</em></span> <span class='ocrx_word' id='word_1_125' title='bbox 1109 1010 1242 1069; x_wconf 79' lang='grc' dir='ltr'><em>ῥοπάς</em></span> <span class='ocrx_word' id='word_1_126' title='bbox 1267 1009 1506 1065; x_wconf 79' lang='grc' dir='ltr'><em>γιγνώσκειν</em></span> <span class='ocrx_word' id='word_1_127' title='bbox 1530 1009 1612 1062; x_wconf 25' lang='grc' dir='ltr'><em>τῆς,</em></span> 
     </span>
     <span class='ocr_line' id='line_1_15' title="bbox 161 1076 1603 1134; baseline -0.003 -16"><span class='ocrx_word' id='word_1_128' title='bbox 161 1077 314 1132; x_wconf 74' lang='grc' dir='ltr'><em>τύχης,</em></span> <span class='ocrx_word' id='word_1_129' title='bbox 353 1078 426 1119; x_wconf 81' lang='grc' dir='ltr'>καί</span> <span class='ocrx_word' id='word_1_130' title='bbox 443 1083 535 1127; x_wconf 88' lang='grc' dir='ltr'><em>ταῖς</em></span> <span class='ocrx_word' id='word_1_131' title='bbox 554 1082 807 1133; x_wconf 81' lang='grc' dir='ltr'><em>μεταβολαῖς</em></span> <span class='ocrx_word' id='word_1_132' title='bbox 824 1076 883 1133; x_wconf 78' lang='grc' dir='ltr'><em>μή</em></span> <span class='ocrx_word' id='word_1_133' title='bbox 906 1077 1207 1134; x_wconf 76' lang='grc' dir='ltr'><em>ταράττεσθαι,</em></span> <span class='ocrx_word' id='word_1_134' title='bbox 1243 1077 1364 1131; x_wconf 81' lang='grc' dir='ltr'><em>μηδὲ,</em></span> <span class='ocrx_word' id='word_1_135' title='bbox 1392 1077 1476 1116; x_wconf 80' lang='grc' dir='ltr'><strong>τῶν</strong></span> <span class='ocrx_word' id='word_1_136' title='bbox 1500 1088 1603 1128; x_wconf 57' lang='grc' dir='ltr'><em>προψ</em></span> 
     </span>
     <span class='ocr_line' id='line_1_16' title="bbox 113 1136 1607 1201; baseline -0.005 -16"><span class='ocrx_word' id='word_1_137' title='bbox 113 1141 293 1198; x_wconf 75' lang='grc' dir='ltr'><em>ιὸτέρων</em></span> <span class='ocrx_word' id='word_1_138' title='bbox 322 1143 644 1199; x_wconf 76' lang='grc' dir='ltr'><em>ἐστερημένους,</em></span> <span class='ocrx_word' id='word_1_139' title='bbox 683 1145 1010 1201; x_wconf 74' lang='grc' dir='ltr'><em>συνδιαφθεῖραι</em></span> <span class='ocrx_word' id='word_1_140' title='bbox 1033 1142 1106 1184; x_wconf 84' lang='grc' dir='ltr'><em>καί</em></span> <span class='ocrx_word' id='word_1_141' title='bbox 1138 1140 1215 1191; x_wconf 79' lang='grc' dir='ltr'><strong>τάς</strong></span> <span class='ocrx_word' id='word_1_142' title='bbox 1246 1143 1330 1183; x_wconf 79' lang='grc' dir='ltr'><strong>τῶν</strong></span> <span class='ocrx_word' id='word_1_143' title='bbox 1365 1136 1607 1193; x_wconf 85' lang='grc' dir='ltr'><em>μελλόντων.</em></span> 
     </span>
     <span class='ocr_line' id='line_1_17' title="bbox 165 1206 350 1257; baseline 0 -8"><span class='ocrx_word' id='word_1_144' title='bbox 165 1206 350 1257; x_wconf 78' lang='grc' dir='ltr'><em>ἐλπίδας.</em></span> 
     </span>
     <span class='ocr_line' id='line_1_18' title="bbox 271 1270 1604 1329; baseline -0.002 -15"><span class='ocrx_word' id='word_1_145' title='bbox 271 1273 336 1326; x_wconf 79' lang='grc' dir='ltr'><em>ιβ’.</em></span> <span class='ocrx_word' id='word_1_146' title='bbox 399 1272 549 1326; x_wconf 61' lang='grc' dir='ltr'><em>»Ἀλλ’</em></span> <span class='ocrx_word' id='word_1_147' title='bbox 575 1273 601 1316; x_wconf 78' lang='grc' dir='ltr'><em>ὅ</em></span> <span class='ocrx_word' id='word_1_148' title='bbox 635 1277 715 1328; x_wconf 83' lang='grc' dir='ltr'><strong>μὲν</strong></span> <span class='ocrx_word' id='word_1_149' title='bbox 747 1274 987 1329; x_wconf 81' lang='grc' dir='ltr'><em>σύμβουλος</em></span> <span class='ocrx_word' id='word_1_150' title='bbox 1018 1273 1147 1315; x_wconf 87' lang='grc' dir='ltr'><em>πάλαι</em></span> <span class='ocrx_word' id='word_1_151' title='bbox 1166 1271 1217 1315; x_wconf 85' lang='grc' dir='ltr'><strong>τὰ</strong></span> <span class='ocrx_word' id='word_1_152' title='bbox 1243 1270 1412 1327; x_wconf 75' lang='grc' dir='ltr'><em>Μήδων</em></span> <span class='ocrx_word' id='word_1_153' title='bbox 1436 1271 1604 1327; x_wconf 75' lang='grc' dir='ltr'><em>φρονῶν</em></span> 
     </span>
     <span class='ocr_line' id='line_1_19' title="bbox 163 1334 1602 1394; baseline -0.003 -12"><span class='ocrx_word' id='word_1_154' title='bbox 163 1336 235 1382; x_wconf 69' lang='grc' dir='ltr'><strong>καὶ</strong></span> <span class='ocrx_word' id='word_1_155' title='bbox 251 1334 452 1394; x_wconf 79' lang='grc' dir='ltr'><em>μεθιστᾷν</em></span> <span class='ocrx_word' id='word_1_156' title='bbox 473 1338 586 1394; x_wconf 77' lang='grc' dir='ltr'><em>ἡμᾶς</em></span> <span class='ocrx_word' id='word_1_157' title='bbox 612 1340 678 1381; x_wconf 76' lang='grc' dir='ltr'><strong>ἐπ’</strong></span> <span class='ocrx_word' id='word_1_158' title='bbox 700 1341 883 1390; x_wconf 80' lang='grc' dir='ltr'><em>ἐκείνους</em></span> <span class='ocrx_word' id='word_1_159' title='bbox 903 1336 1169 1394; x_wconf 85' lang='grc' dir='ltr'><em>γλιχόμενος,</em></span> <span class='ocrx_word' id='word_1_160' title='bbox 1198 1335 1502 1393; x_wconf 75' lang='grc' dir='ltr'><em>μορμολύττειν</em></span> <span class='ocrx_word' id='word_1_161' title='bbox 1523 1353 1602 1377; x_wconf 78' lang='grc' dir='ltr'><em>κοι-</em></span> 
     </span>
     <span class='ocr_line' id='line_1_20' title="bbox 161 1398 1601 1461; baseline -0.001 -17"><span class='ocrx_word' id='word_1_162' title='bbox 161 1403 300 1459; x_wconf 75' lang='grc' dir='ltr'><em>θάπερ</em></span> <span class='ocrx_word' id='word_1_163' title='bbox 333 1402 435 1452; x_wconf 75' lang='grc' dir='ltr'><em>τούς</em></span> <span class='ocrx_word' id='word_1_164' title='bbox 462 1406 617 1453; x_wconf 88' lang='grc' dir='ltr'><em>παῖδας</em></span> <span class='ocrx_word' id='word_1_165' title='bbox 643 1407 862 1461; x_wconf 79' lang='grc' dir='ltr'><em>πειρᾶται,</em></span> <span class='ocrx_word' id='word_1_166' title='bbox 903 1403 960 1453; x_wconf 76' lang='grc' dir='ltr'><em>ὥς</em></span> <span class='ocrx_word' id='word_1_167' title='bbox 998 1404 1046 1460; x_wconf 69' lang='grc' dir='ltr'><strong>δν)</strong></span> <span class='ocrx_word' id='word_1_168' title='bbox 1071 1411 1159 1454; x_wconf 88' lang='grc' dir='ltr'><em>τοῖς</em></span> <span class='ocrx_word' id='word_1_169' title='bbox 1190 1404 1413 1456; x_wconf 87' lang='grc' dir='ltr'><em>Ῥωμαίοις</em></span> <span class='ocrx_word' id='word_1_170' title='bbox 1444 1398 1494 1442; x_wconf 76' lang='grc' dir='ltr'><em>οὗ</em></span> <span class='ocrx_word' id='word_1_171' title='bbox 1518 1403 1601 1443; x_wconf 75' lang='grc' dir='ltr'><strong>τῶν</strong></span> 
     </span>
     <span class='ocr_line' id='line_1_21' title="bbox 109 1465 1602 1525; baseline -0.001 -16"><span class='ocrx_word' id='word_1_172' title='bbox 109 1469 475 1523; x_wconf 53' lang='grc' dir='ltr'><em>ποτετολμημένων</em></span> <span class='ocrx_word' id='word_1_173' title='bbox 507 1465 855 1525; x_wconf 84' lang='grc' dir='ltr'><em>άποχρησόντων,</em></span> <span class='ocrx_word' id='word_1_174' title='bbox 899 1468 1005 1512; x_wconf 73' lang='grc' dir='ltr'><em>ἀλλὰ</em></span> <span class='ocrx_word' id='word_1_175' title='bbox 1031 1468 1237 1522; x_wconf 83' lang='grc' dir='ltr'><em>μειζόνων</em></span> <span class='ocrx_word' id='word_1_176' title='bbox 1269 1467 1602 1523; x_wconf 83' lang='grc' dir='ltr'><em>προσεσομένων·</em></span> 
     </span>
     <span class='ocr_line' id='line_1_22' title="bbox 161 1531 1602 1591; baseline 0.001 -18"><span class='ocrx_word' id='word_1_177' title='bbox 161 1534 235 1574; x_wconf 75' lang='grc' dir='ltr'><em>καί</em></span> <span class='ocrx_word' id='word_1_178' title='bbox 261 1532 318 1582; x_wconf 76' lang='grc' dir='ltr'><em>ὦς</em></span> <span class='ocrx_word' id='word_1_179' title='bbox 349 1531 373 1574; x_wconf 79' lang='grc' dir='ltr'><em>ὅ</em></span> <span class='ocrx_word' id='word_1_180' title='bbox 391 1533 587 1587; x_wconf 73' lang='grc' dir='ltr'><em>βασιλεὺς</em></span> <span class='ocrx_word' id='word_1_181' title='bbox 615 1535 762 1584; x_wconf 67' lang='grc' dir='ltr'><em>αὐτοῖς</em></span> <span class='ocrx_word' id='word_1_182' title='bbox 794 1533 1165 1591; x_wconf 85' lang='grc' dir='ltr'><em>καινουργότατος,</em></span> <span class='ocrx_word' id='word_1_183' title='bbox 1206 1533 1279 1575; x_wconf 83' lang='grc' dir='ltr'>καί</span> <span class='ocrx_word' id='word_1_184' title='bbox 1310 1531 1363 1575; x_wconf 78' lang='grc' dir='ltr'><strong>τὰ</strong></span> <span class='ocrx_word' id='word_1_185' title='bbox 1387 1534 1461 1587; x_wconf 76' lang='grc' dir='ltr'><strong>τῆς</strong></span> <span class='ocrx_word' id='word_1_186' title='bbox 1482 1547 1602 1584; x_wconf 80' lang='grc' dir='ltr'><em>μιαι-</em></span> 
     </span>
     <span class='ocr_line' id='line_1_23' title="bbox 161 1595 1639 1656; baseline -0.001 -18"><span class='ocrx_word' id='word_1_187' title='bbox 161 1599 311 1653; x_wconf 80' lang='grc' dir='ltr'><em>φονίας</em></span> <span class='ocrx_word' id='word_1_188' title='bbox 329 1597 456 1647; x_wconf 79' lang='grc' dir='ltr'><em>αὗτός</em></span> <span class='ocrx_word' id='word_1_189' title='bbox 474 1599 817 1653; x_wconf 78' lang='grc' dir='ltr'><em>ἐγκελευσάμενος</em></span> <span class='ocrx_word' id='word_1_190' title='bbox 844 1599 908 1656; x_wconf 84' lang='grc' dir='ltr'><strong>εἴη</strong></span> <span class='ocrx_word' id='word_1_191' title='bbox 923 1635 936 1654; x_wconf 87' lang='grc'><em>,</em></span> <span class='ocrx_word' id='word_1_192' title='bbox 965 1602 1234 1642; x_wconf 84' lang='grc' dir='ltr'><em>σπουδασθὲν</em></span> <span class='ocrx_word' id='word_1_193' title='bbox 1253 1601 1299 1641; x_wconf 81' lang='grc' dir='ltr'><strong>ἐκ</strong></span> <span class='ocrx_word' id='word_1_194' title='bbox 1320 1597 1509 1639; x_wconf 82' lang='grc' dir='ltr'><em>πλείστου</em></span> <span class='ocrx_word' id='word_1_195' title='bbox 1531 1595 1639 1638; x_wconf 82' lang='grc' dir='ltr'><strong>καίΒ</strong></span> 
     </span>
    </p>
   </div>
   <div class='ocr_carea' id='block_1_3' title="bbox 249 1665 1600 1764">
    <p class='ocr_par' dir='ltr' id='par_1_3' title="bbox 249 1665 1600 1764">
     <span class='ocr_line' id='line_1_24' title="bbox 249 1665 1600 1719; baseline -0.001 -17"><span class='ocrx_word' id='word_1_196' title='bbox 249 1669 283 1707; x_wconf 87' lang='grc'><strong>6.</strong></span> <span class='ocrx_word' id='word_1_197' title='bbox 310 1667 383 1704; x_wconf 79' lang='grc' dir='ltr'><strong>σὺν</strong></span> <span class='ocrx_word' id='word_1_198' title='bbox 395 1682 463 1704; x_wconf 89' lang='lat' dir='ltr'><strong>om.</strong></span> <span class='ocrx_word' id='word_1_199' title='bbox 479 1672 516 1704; x_wconf 88' lang='lat' dir='ltr'><strong>R.</strong></span> <span class='ocrx_word' id='word_1_200' title='bbox 565 1683 615 1716; x_wconf 88' lang='lat'><strong>¹9·</strong></span> <span class='ocrx_word' id='word_1_201' title='bbox 642 1672 692 1708; x_wconf 79' lang='grc' dir='ltr'><em>ὥς</em></span> <span class='ocrx_word' id='word_1_202' title='bbox 706 1665 804 1714; x_wconf 67' lang='lat' dir='ltr'><strong>(51)ss.</strong></span> <span class='ocrx_word' id='word_1_203' title='bbox 828 1673 939 1717; x_wconf 84' lang='lat' dir='ltr'><strong>Lugd.</strong></span> <span class='ocrx_word' id='word_1_204' title='bbox 954 1672 1051 1719; x_wconf 73' lang='lat' dir='ltr'>(CL),</span> <span class='ocrx_word' id='word_1_205' title='bbox 1071 1671 1122 1709; x_wconf 71' lang='grc' dir='ltr'><em>αἷς</em></span> <span class='ocrx_word' id='word_1_206' title='bbox 1133 1671 1173 1706; x_wconf 79' lang='grc' dir='ltr'><strong>δὲ</strong></span> <span class='ocrx_word' id='word_1_207' title='bbox 1186 1671 1266 1706; x_wconf 87' lang='lat' dir='ltr'><strong>edd.</strong></span> <span class='ocrx_word' id='word_1_208' title='bbox 1309 1682 1363 1705; x_wconf 82' lang='lat'><strong>20.</strong></span> <span class='ocrx_word' id='word_1_209' title='bbox 1379 1670 1600 1715; x_wconf 80' lang='grc' dir='ltr'><em>παρεσομέ-</em></span> 
     </span>
     <span class='ocr_line' id='line_1_25' title="bbox 251 1716 1598 1764; baseline -0.002 -14"><span class='ocrx_word' id='word_1_210' title='bbox 251 1727 329 1751; x_wconf 85' lang='grc' dir='ltr'><strong>νων</strong></span> <span class='ocrx_word' id='word_1_211' title='bbox 351 1718 391 1750; x_wconf 83' lang='grc' dir='ltr'><strong>Β.</strong></span> <span class='ocrx_word' id='word_1_212' title='bbox 462 1729 516 1751; x_wconf 85' lang='lat'><strong>21.</strong></span> <span class='ocrx_word' id='word_1_213' title='bbox 542 1717 688 1751; x_wconf 86' lang='lat' dir='ltr'><strong>Mallem</strong></span> <span class='ocrx_word' id='word_1_214' title='bbox 711 1718 1043 1764; x_wconf 73' lang='grc' dir='ltr'><em>πανουργότατοςε</em></span> <span class='ocrx_word' id='word_1_215' title='bbox 1070 1719 1112 1752; x_wconf 89' lang='lat' dir='ltr'><strong>cf.</strong></span> <span class='ocrx_word' id='word_1_216' title='bbox 1138 1729 1172 1762; x_wconf 90' lang='lat' dir='ltr'><strong>p.</strong></span> <span class='ocrx_word' id='word_1_217' title='bbox 1202 1719 1276 1754; x_wconf 83' lang='lat'><strong>156.</strong></span> <span class='ocrx_word' id='word_1_218' title='bbox 1305 1717 1359 1750; x_wconf 90' lang='lat' dir='ltr'><strong>ed.</strong></span> <span class='ocrx_word' id='word_1_219' title='bbox 1382 1718 1493 1749; x_wconf 86' lang='lat' dir='ltr'><strong>Bonn.</strong></span> <span class='ocrx_word' id='word_1_220' title='bbox 1517 1726 1547 1747; x_wconf 88' lang='lat' dir='ltr'><strong>v.</strong></span> <span class='ocrx_word' id='word_1_221' title='bbox 1567 1716 1598 1750; x_wconf 88' lang='lat'><strong>5.</strong></span> 
     </span>
    </p>
   </div>
   <div class='ocr_carea' id='block_1_4' title="bbox 154 1773 1639 2745">
    <p class='ocr_par' dir='ltr' id='par_1_4' title="bbox 154 1773 1639 2463">
     <span class='ocr_line' id='line_1_26' title="bbox 159 1773 1597 1819; baseline 0.001 -14"><span class='ocrx_word' id='word_1_222' title='bbox 159 1777 303 1814; x_wconf 84' lang='lat' dir='ltr'><strong>tamen,</strong></span> <span class='ocrx_word' id='word_1_223' title='bbox 349 1785 566 1819; x_wconf 84' lang='lat' dir='ltr'><strong>quamquam</strong></span> <span class='ocrx_word' id='word_1_224' title='bbox 596 1775 648 1808; x_wconf 85' lang='lat' dir='ltr'><strong>ita</strong></span> <span class='ocrx_word' id='word_1_225' title='bbox 683 1786 761 1808; x_wconf 87' lang='lat' dir='ltr'><strong>sum</strong></span> <span class='ocrx_word' id='word_1_226' title='bbox 794 1778 966 1817; x_wconf 81' lang='lat' dir='ltr'><strong>affectus,</strong></span> <span class='ocrx_word' id='word_1_227' title='bbox 1013 1775 1060 1809; x_wconf 78' lang='lat' dir='ltr'><strong>ad</strong></span> <span class='ocrx_word' id='word_1_228' title='bbox 1094 1777 1213 1810; x_wconf 78' lang='lat' dir='ltr'><strong>Persas</strong></span> <span class='ocrx_word' id='word_1_229' title='bbox 1247 1775 1399 1808; x_wconf 81' lang='lat' dir='ltr'><strong>transire</strong></span> <span class='ocrx_word' id='word_1_230' title='bbox 1431 1773 1597 1818; x_wconf 74' lang='lat' dir='ltr'><strong>expedit;</strong></span> 
     </span>
     <span class='ocr_line' id='line_1_27' title="bbox 158 1820 1597 1867; baseline 0 -16"><span class='ocrx_word' id='word_1_231' title='bbox 158 1830 279 1866; x_wconf 86' lang='lat' dir='ltr'><strong>neque</strong></span> <span class='ocrx_word' id='word_1_232' title='bbox 315 1821 505 1866; x_wconf 88' lang='lat' dir='ltr'><strong>quisquam</strong></span> <span class='ocrx_word' id='word_1_233' title='bbox 542 1820 610 1854; x_wconf 87' lang='lat' dir='ltr'><strong>hoc</strong></span> <span class='ocrx_word' id='word_1_234' title='bbox 651 1822 703 1854; x_wconf 87' lang='lat' dir='ltr'><strong>ita</strong></span> <span class='ocrx_word' id='word_1_235' title='bbox 745 1823 899 1867; x_wconf 84' lang='lat' dir='ltr'><strong>accipiat</strong></span> <span class='ocrx_word' id='word_1_236' title='bbox 928 1828 1100 1867; x_wconf 84' lang='lat' dir='ltr'><strong>tanquam</strong></span> <span class='ocrx_word' id='word_1_237' title='bbox 1146 1827 1421 1855; x_wconf 75' lang='lat' dir='ltr'><strong>consectaneum</strong></span> <span class='ocrx_word' id='word_1_238' title='bbox 1463 1820 1597 1852; x_wconf 83' lang='lat' dir='ltr'><strong>rationi</strong></span> 
     </span>
     <span class='ocr_line' id='line_1_28' title="bbox 159 1866 1596 1914; baseline 0.003 -16"><span class='ocrx_word' id='word_1_239' title='bbox 159 1870 197 1898; x_wconf 84' lang='lat' dir='ltr'><strong>et</strong></span> <span class='ocrx_word' id='word_1_240' title='bbox 229 1877 428 1907; x_wconf 82' lang='lat' dir='ltr'><strong>annexum,</strong></span> <span class='ocrx_word' id='word_1_241' title='bbox 467 1866 586 1912; x_wconf 87' lang='lat' dir='ltr'><strong>quod,</strong></span> <span class='ocrx_word' id='word_1_242' title='bbox 623 1869 710 1911; x_wconf 78' lang='lat' dir='ltr'><strong>quia</strong></span> <span class='ocrx_word' id='word_1_243' title='bbox 747 1867 803 1900; x_wconf 89' lang='lat' dir='ltr'><strong>illi</strong></span> <span class='ocrx_word' id='word_1_244' title='bbox 837 1869 932 1914; x_wconf 83' lang='lat' dir='ltr'><strong>leges</strong></span> <span class='ocrx_word' id='word_1_245' title='bbox 966 1870 1240 1913; x_wconf 78' lang='lat' dir='ltr'><strong>proculcarunt,</strong></span> <span class='ocrx_word' id='word_1_246' title='bbox 1285 1871 1450 1911; x_wconf 74' lang='lat' dir='ltr'><strong>oporteat</strong></span> <span class='ocrx_word' id='word_1_247' title='bbox 1486 1867 1596 1899; x_wconf 77' lang='lat' dir='ltr'><strong>etiam</strong></span> 
     </span>
     <span class='ocr_line' id='line_1_29' title="bbox 154 1912 1596 1961; baseline 0 -17"><span class='ocrx_word' id='word_1_248' title='bbox 154 1922 223 1950; x_wconf 47' lang='lat' dir='ltr'><strong>,nos</strong></span> <span class='ocrx_word' id='word_1_249' title='bbox 249 1913 375 1956; x_wconf 86' lang='lat' dir='ltr'><strong>patriis</strong></span> <span class='ocrx_word' id='word_1_250' title='bbox 399 1913 577 1946; x_wconf 86' lang='lat' dir='ltr'><strong>institutis</strong></span> <span class='ocrx_word' id='word_1_251' title='bbox 599 1914 798 1947; x_wconf 79' lang='lat' dir='ltr'><strong>valedicere</strong></span> <span class='ocrx_word' id='word_1_252' title='bbox 813 1938 824 1956; x_wconf 84' lang='lat'>‚</span> <span class='ocrx_word' id='word_1_253' title='bbox 850 1926 969 1960; x_wconf 87' lang='lat' dir='ltr'><strong>neque</strong></span> <span class='ocrx_word' id='word_1_254' title='bbox 993 1917 1080 1960; x_wconf 85' lang='lat' dir='ltr'><strong>ipsis</strong></span> <span class='ocrx_word' id='word_1_255' title='bbox 1114 1915 1261 1961; x_wconf 88' lang='lat' dir='ltr'><strong>quidem</strong></span> <span class='ocrx_word' id='word_1_256' title='bbox 1296 1919 1338 1946; x_wconf 90' lang='lat' dir='ltr'><strong>ut</strong></span> <span class='ocrx_word' id='word_1_257' title='bbox 1361 1912 1508 1957; x_wconf 86' lang='lat' dir='ltr'><strong>perfidis</strong></span> <span class='ocrx_word' id='word_1_258' title='bbox 1536 1913 1596 1944; x_wconf 89' lang='lat' dir='ltr'><strong>in-</strong></span> 
     </span>
     <span class='ocr_line' id='line_1_30' title="bbox 158 1958 1639 2006; baseline -0.001 -15"><span class='ocrx_word' id='word_1_259' title='bbox 158 1958 278 1991; x_wconf 79' lang='lat' dir='ltr'><strong>fensos</strong></span> <span class='ocrx_word' id='word_1_260' title='bbox 302 1969 390 2000; x_wconf 86' lang='lat' dir='ltr'><strong>esse,</strong></span> <span class='ocrx_word' id='word_1_261' title='bbox 415 1959 567 1992; x_wconf 83' lang='lat' dir='ltr'><strong>eandem</strong></span> <span class='ocrx_word' id='word_1_262' title='bbox 590 1971 674 1993; x_wconf 85' lang='lat' dir='ltr'><strong>vero</strong></span> <span class='ocrx_word' id='word_1_263' title='bbox 701 1971 806 2006; x_wconf 83' lang='lat' dir='ltr'><strong>quam</strong></span> <span class='ocrx_word' id='word_1_264' title='bbox 833 1961 903 2006; x_wconf 86' lang='lat' dir='ltr'><strong>ipsi</strong></span> <span class='ocrx_word' id='word_1_265' title='bbox 928 1963 1138 2006; x_wconf 85' lang='lat' dir='ltr'><strong>opinionem</strong></span> <span class='ocrx_word' id='word_1_266' title='bbox 1159 1967 1295 1995; x_wconf 89' lang='lat' dir='ltr'><strong>tenere.</strong></span> <span class='ocrx_word' id='word_1_267' title='bbox 1346 1959 1472 2004; x_wconf 82' lang='lat' dir='ltr'><strong>Neque</strong></span> <span class='ocrx_word' id='word_1_268' title='bbox 1497 1959 1595 1991; x_wconf 91' lang='lat' dir='ltr'><strong>enim</strong></span> <span class='ocrx_word' id='word_1_269' title='bbox 1636 1973 1639 1977; x_wconf 95' lang='lat'>·</span> 
     </span>
     <span class='ocr_line' id='line_1_31' title="bbox 158 2003 1594 2053; baseline 0 -17"><span class='ocrx_word' id='word_1_270' title='bbox 158 2015 254 2037; x_wconf 86' lang='lat' dir='ltr'><strong>nunc</strong></span> <span class='ocrx_word' id='word_1_271' title='bbox 278 2003 341 2045; x_wconf 81' lang='lat' dir='ltr'><strong>id,</strong></span> <span class='ocrx_word' id='word_1_272' title='bbox 366 2004 464 2051; x_wconf 81' lang='lat' dir='ltr'><strong>quod</strong></span> <span class='ocrx_word' id='word_1_273' title='bbox 480 2007 716 2050; x_wconf 79' lang='lat' dir='ltr'><strong>praeteritum</strong></span> <span class='ocrx_word' id='word_1_274' title='bbox 749 2012 1004 2053; x_wconf 77' lang='lat' dir='ltr'><strong>peractumque</strong></span> <span class='ocrx_word' id='word_1_275' title='bbox 1040 2014 1095 2042; x_wconf 83' lang='lat' dir='ltr'><strong>est</strong></span> <span class='ocrx_word' id='word_1_276' title='bbox 1118 2009 1366 2051; x_wconf 86' lang='lat' dir='ltr'><strong>infectumque</strong></span> <span class='ocrx_word' id='word_1_277' title='bbox 1390 2005 1493 2038; x_wconf 83' lang='lat' dir='ltr'><strong>reddi</strong></span> <span class='ocrx_word' id='word_1_278' title='bbox 1519 2016 1594 2037; x_wconf 85' lang='lat' dir='ltr'><strong>non</strong></span> 
     </span>
     <span class='ocr_line' id='line_1_32' title="bbox 157 2053 1592 2097; baseline 0.001 -15"><span class='ocrx_word' id='word_1_279' title='bbox 157 2054 290 2093; x_wconf 87' lang='lat' dir='ltr'><strong>potest,</strong></span> <span class='ocrx_word' id='word_1_280' title='bbox 324 2057 491 2096; x_wconf 82' lang='lat' dir='ltr'><strong>reputare</strong></span> <span class='ocrx_word' id='word_1_281' title='bbox 523 2058 691 2096; x_wconf 85' lang='lat' dir='ltr'><strong>oportet,</strong></span> <span class='ocrx_word' id='word_1_282' title='bbox 738 2064 785 2086; x_wconf 87' lang='lat' dir='ltr'><strong>ne</strong></span> <span class='ocrx_word' id='word_1_283' title='bbox 817 2054 991 2088; x_wconf 85' lang='lat' dir='ltr'><strong>videlicet</strong></span> <span class='ocrx_word' id='word_1_284' title='bbox 1017 2056 1136 2088; x_wconf 84' lang='lat' dir='ltr'><strong>animo</strong></span> <span class='ocrx_word' id='word_1_285' title='bbox 1178 2054 1231 2086; x_wconf 80' lang='lat' dir='ltr'><strong>ira</strong></span> <span class='ocrx_word' id='word_1_286' title='bbox 1269 2053 1592 2097; x_wconf 83' lang='lat' dir='ltr'><strong>indignationeque</strong></span> 
     </span>
     <span class='ocr_line' id='line_1_33' title="bbox 159 2097 1590 2142; baseline 0.001 -14"><span class='ocrx_word' id='word_1_287' title='bbox 159 2106 326 2130; x_wconf 86' lang='lat' dir='ltr'><strong>succenso</strong></span> <span class='ocrx_word' id='word_1_288' title='bbox 357 2097 625 2139; x_wconf 75' lang='lat' dir='ltr'><strong>deliberantes,</strong></span> <span class='ocrx_word' id='word_1_289' title='bbox 658 2099 904 2142; x_wconf 79' lang='lat' dir='ltr'><strong>imprudentes</strong></span> <span class='ocrx_word' id='word_1_290' title='bbox 946 2099 1123 2134; x_wconf 85' lang='lat' dir='ltr'><strong>iudicium</strong></span> <span class='ocrx_word' id='word_1_291' title='bbox 1148 2104 1310 2133; x_wconf 88' lang='lat' dir='ltr'><strong>nostrum</strong></span> <span class='ocrx_word' id='word_1_292' title='bbox 1342 2099 1590 2137; x_wconf 83' lang='lat' dir='ltr'><strong>obfuscemus,</strong></span> 
     </span>
     <span class='ocr_line' id='line_1_34' title="bbox 159 2142 1591 2191; baseline 0.001 -17"><span class='ocrx_word' id='word_1_293' title='bbox 159 2142 310 2176; x_wconf 77' lang='lat' dir='ltr'><strong>sanioris</strong></span> <span class='ocrx_word' id='word_1_294' title='bbox 337 2145 560 2191; x_wconf 85' lang='lat' dir='ltr'><strong>potiorisque</strong></span> <span class='ocrx_word' id='word_1_295' title='bbox 581 2146 724 2178; x_wconf 89' lang='lat' dir='ltr'><strong>consilii</strong></span> <span class='ocrx_word' id='word_1_296' title='bbox 748 2146 995 2180; x_wconf 81' lang='lat' dir='ltr'><strong>inventionem</strong></span> <span class='ocrx_word' id='word_1_297' title='bbox 1017 2147 1124 2180; x_wconf 87' lang='lat' dir='ltr'><strong>nobis</strong></span> <span class='ocrx_word' id='word_1_298' title='bbox 1148 2146 1428 2191; x_wconf 74' lang='lat' dir='ltr'><strong>praeripientes3</strong></span> <span class='ocrx_word' id='word_1_299' title='bbox 1451 2142 1514 2176; x_wconf 86' lang='lat' dir='ltr'><strong>sed</strong></span> <span class='ocrx_word' id='word_1_300' title='bbox 1539 2145 1591 2176; x_wconf 86' lang='lat' dir='ltr'><strong>ita</strong></span> 
     </span>
     <span class='ocr_line' id='line_1_35' title="bbox 159 2187 1591 2237; baseline 0.002 -17"><span class='ocrx_word' id='word_1_301' title='bbox 159 2187 230 2220; x_wconf 86' lang='lat' dir='ltr'><strong>hoc</strong></span> <span class='ocrx_word' id='word_1_302' title='bbox 251 2189 343 2223; x_wconf 82' lang='lat' dir='ltr'><strong>malo</strong></span> <span class='ocrx_word' id='word_1_303' title='bbox 372 2190 488 2232; x_wconf 83' lang='lat' dir='ltr'><strong>affici,</strong></span> <span class='ocrx_word' id='word_1_304' title='bbox 513 2196 554 2224; x_wconf 92' lang='lat' dir='ltr'><strong>ut</strong></span> <span class='ocrx_word' id='word_1_305' title='bbox 580 2203 653 2224; x_wconf 91' lang='lat' dir='ltr'><strong>non</strong></span> <span class='ocrx_word' id='word_1_306' title='bbox 677 2192 876 2237; x_wconf 81' lang='lat' dir='ltr'><strong>neglexisse</strong></span> <span class='ocrx_word' id='word_1_307' title='bbox 900 2193 939 2227; x_wconf 80' lang='lat' dir='ltr'><strong>id</strong></span> <span class='ocrx_word' id='word_1_308' title='bbox 962 2193 1159 2233; x_wconf 78' lang='lat' dir='ltr'><strong>videamur,</strong></span> <span class='ocrx_word' id='word_1_309' title='bbox 1183 2193 1389 2236; x_wconf 86' lang='lat' dir='ltr'><strong>prospicere</strong></span> <span class='ocrx_word' id='word_1_310' title='bbox 1415 2201 1498 2223; x_wconf 83' lang='lat' dir='ltr'><strong>vero</strong></span> <span class='ocrx_word' id='word_1_311' title='bbox 1513 2214 1522 2230; x_wconf 89' lang='lat'><strong>,</strong></span> <span class='ocrx_word' id='word_1_312' title='bbox 1549 2195 1591 2223; x_wconf 85' lang='lat' dir='ltr'><strong>ut</strong></span> 
     </span>
     <span class='ocr_line' id='line_1_36' title="bbox 158 2234 1588 2282; baseline 0.001 -16"><span class='ocrx_word' id='word_1_313' title='bbox 158 2234 319 2279; x_wconf 83' lang='lat' dir='ltr'><strong>reliquae</strong></span> <span class='ocrx_word' id='word_1_314' title='bbox 353 2247 407 2270; x_wconf 88' lang='lat' dir='ltr'><strong>res</strong></span> <span class='ocrx_word' id='word_1_315' title='bbox 442 2248 547 2282; x_wconf 85' lang='lat' dir='ltr'><strong>quam</strong></span> <span class='ocrx_word' id='word_1_316' title='bbox 569 2238 706 2282; x_wconf 88' lang='lat' dir='ltr'><strong>optime</strong></span> <span class='ocrx_word' id='word_1_317' title='bbox 739 2241 1011 2273; x_wconf 82' lang='lat' dir='ltr'><strong>constituantur.</strong></span> <span class='ocrx_word' id='word_1_318' title='bbox 1063 2239 1296 2274; x_wconf 80' lang='lat' dir='ltr'><strong>Dementium</strong></span> <span class='ocrx_word' id='word_1_319' title='bbox 1321 2238 1416 2270; x_wconf 87' lang='lat' dir='ltr'><strong>enim</strong></span> <span class='ocrx_word' id='word_1_320' title='bbox 1439 2241 1516 2277; x_wconf 84' lang='lat' dir='ltr'><strong>est,</strong></span> <span class='ocrx_word' id='word_1_321' title='bbox 1540 2236 1588 2268; x_wconf 85' lang='lat' dir='ltr'><strong>ob</strong></span> 
     </span>
     <span class='ocr_line' id='line_1_37' title="bbox 157 2281 1588 2331; baseline 0.002 -19"><span class='ocrx_word' id='word_1_322' title='bbox 157 2281 350 2323; x_wconf 80' lang='lat' dir='ltr'><strong>praeterita</strong></span> <span class='ocrx_word' id='word_1_323' title='bbox 372 2283 465 2316; x_wconf 82' lang='lat' dir='ltr'><strong>mala</strong></span> <span class='ocrx_word' id='word_1_324' title='bbox 489 2290 664 2328; x_wconf 87' lang='lat' dir='ltr'><strong>perpetuo</strong></span> <span class='ocrx_word' id='word_1_325' title='bbox 692 2286 774 2330; x_wconf 86' lang='lat' dir='ltr'><strong>angi</strong></span> <span class='ocrx_word' id='word_1_326' title='bbox 797 2290 904 2331; x_wconf 85' lang='lat' dir='ltr'><strong>atque</strong></span> <span class='ocrx_word' id='word_1_327' title='bbox 929 2285 1146 2327; x_wconf 81' lang='lat' dir='ltr'><strong>discruciari3</strong></span> <span class='ocrx_word' id='word_1_328' title='bbox 1170 2285 1387 2329; x_wconf 80' lang='lat' dir='ltr'><strong>sapientium</strong></span> <span class='ocrx_word' id='word_1_329' title='bbox 1411 2294 1508 2323; x_wconf 82' lang='lat' dir='ltr'><strong>vero,</strong></span> <span class='ocrx_word' id='word_1_330' title='bbox 1528 2283 1588 2315; x_wconf 92' lang='lat' dir='ltr'><strong>in-</strong></span> 
     </span>
     <span class='ocr_line' id='line_1_38' title="bbox 157 2326 1588 2376; baseline 0.003 -18"><span class='ocrx_word' id='word_1_331' title='bbox 157 2326 322 2360; x_wconf 79' lang='lat' dir='ltr'><strong>ordinata</strong></span> <span class='ocrx_word' id='word_1_332' title='bbox 346 2328 510 2362; x_wconf 82' lang='lat' dir='ltr'><strong>fortunae</strong></span> <span class='ocrx_word' id='word_1_333' title='bbox 533 2335 714 2363; x_wconf 84' lang='lat' dir='ltr'><strong>momenta</strong></span> <span class='ocrx_word' id='word_1_334' title='bbox 739 2341 963 2376; x_wconf 84' lang='lat' dir='ltr'><strong>cognoscere,</strong></span> <span class='ocrx_word' id='word_1_335' title='bbox 989 2338 1026 2366; x_wconf 87' lang='lat' dir='ltr'><strong>et</strong></span> <span class='ocrx_word' id='word_1_336' title='bbox 1045 2332 1243 2366; x_wconf 75' lang='lat' dir='ltr'><strong>mutatione</strong></span> <span class='ocrx_word' id='word_1_337' title='bbox 1265 2330 1588 2372; x_wconf 74' lang='lat' dir='ltr'><strong>vicissitudineque</strong></span> 
     </span>
     <span class='ocr_line' id='line_1_39' title="bbox 157 2376 1587 2424; baseline 0.002 -20"><span class='ocrx_word' id='word_1_338' title='bbox 157 2383 276 2405; x_wconf 86' lang='lat' dir='ltr'><strong>rerum</strong></span> <span class='ocrx_word' id='word_1_339' title='bbox 304 2385 378 2407; x_wconf 89' lang='lat' dir='ltr'><strong>non</strong></span> <span class='ocrx_word' id='word_1_340' title='bbox 401 2377 631 2417; x_wconf 86' lang='lat' dir='ltr'><strong>commoveri,</strong></span> <span class='ocrx_word' id='word_1_341' title='bbox 655 2388 796 2422; x_wconf 82' lang='lat' dir='ltr'><strong>neque,</strong></span> <span class='ocrx_word' id='word_1_342' title='bbox 829 2379 1012 2424; x_wconf 75' lang='lat' dir='ltr'><strong>prioribus</strong></span> <span class='ocrx_word' id='word_1_343' title='bbox 1035 2380 1218 2424; x_wconf 75' lang='lat' dir='ltr'><strong>privatos,</strong></span> <span class='ocrx_word' id='word_1_344' title='bbox 1249 2377 1453 2410; x_wconf 82' lang='lat' dir='ltr'><strong>futurorum</strong></span> <span class='ocrx_word' id='word_1_345' title='bbox 1478 2376 1587 2408; x_wconf 83' lang='lat' dir='ltr'><strong>etiam</strong></span> 
     </span>
     <span class='ocr_line' id='line_1_40' title="bbox 156 2421 614 2463; baseline 0.011 -12"><span class='ocrx_word' id='word_1_346' title='bbox 156 2429 256 2463; x_wconf 85' lang='lat' dir='ltr'><strong>spem</strong></span> <span class='ocrx_word' id='word_1_347' title='bbox 280 2431 420 2453; x_wconf 85' lang='lat' dir='ltr'><strong>omnem</strong></span> <span class='ocrx_word' id='word_1_348' title='bbox 448 2421 614 2456; x_wconf 84' lang='lat' dir='ltr'><strong>abiicere.</strong></span> 
     </span>
    </p>

    <p class='ocr_par' dir='ltr' id='par_1_5' title="bbox 154 2465 1588 2745">
     <span class='ocr_line' id='line_1_41' title="bbox 253 2465 1584 2512; baseline 0 -14"><span class='ocrx_word' id='word_1_349' title='bbox 253 2477 303 2499; x_wconf 76' lang='lat'><strong>12.</strong></span> <span class='ocrx_word' id='word_1_350' title='bbox 353 2466 421 2499; x_wconf 81' lang='lat' dir='ltr'><strong>Sed</strong></span> <span class='ocrx_word' id='word_1_351' title='bbox 455 2465 693 2512; x_wconf 73' lang='lat' dir='ltr'><strong>hicquidem</strong></span> <span class='ocrx_word' id='word_1_352' title='bbox 731 2470 916 2503; x_wconf 88' lang='lat' dir='ltr'><strong>consultor</strong></span> <span class='ocrx_word' id='word_1_353' title='bbox 951 2481 1030 2502; x_wconf 90' lang='lat' dir='ltr'><strong>cum</strong></span> <span class='ocrx_word' id='word_1_354' title='bbox 1062 2467 1272 2503; x_wconf 87' lang='lat' dir='ltr'><strong>iamdudum</strong></span> <span class='ocrx_word' id='word_1_355' title='bbox 1305 2469 1490 2502; x_wconf 85' lang='lat' dir='ltr'><strong>Persarum</strong></span> <span class='ocrx_word' id='word_1_356' title='bbox 1535 2467 1584 2498; x_wconf 87' lang='lat' dir='ltr'><strong>sit</strong></span> 
     </span>
     <span class='ocr_line' id='line_1_42' title="bbox 155 2511 1588 2561; baseline 0 -18"><span class='ocrx_word' id='word_1_357' title='bbox 155 2511 354 2552; x_wconf 86' lang='lat' dir='ltr'><strong>studiosus,</strong></span> <span class='ocrx_word' id='word_1_358' title='bbox 386 2523 524 2559; x_wconf 89' lang='lat' dir='ltr'><strong>nosque</strong></span> <span class='ocrx_word' id='word_1_359' title='bbox 558 2513 604 2546; x_wconf 83' lang='lat' dir='ltr'><strong>ad</strong></span> <span class='ocrx_word' id='word_1_360' title='bbox 633 2515 715 2548; x_wconf 88' lang='lat' dir='ltr'><strong>illos</strong></span> <span class='ocrx_word' id='word_1_361' title='bbox 748 2517 899 2549; x_wconf 86' lang='lat' dir='ltr'><strong>transire</strong></span> <span class='ocrx_word' id='word_1_362' title='bbox 930 2521 1116 2561; x_wconf 84' lang='lat' dir='ltr'><strong>peroptet,</strong></span> <span class='ocrx_word' id='word_1_363' title='bbox 1151 2515 1429 2560; x_wconf 86' lang='lat' dir='ltr'><strong>perterrefacere</strong></span> <span class='ocrx_word' id='word_1_364' title='bbox 1454 2524 1518 2546; x_wconf 87' lang='lat' dir='ltr'><strong>nos</strong></span> <span class='ocrx_word' id='word_1_365' title='bbox 1545 2517 1588 2544; x_wconf 86' lang='lat' dir='ltr'><strong>ut</strong></span> 
     </span>
     <span class='ocr_line' id='line_1_43' title="bbox 154 2559 1586 2608; baseline 0.001 -19"><span class='ocrx_word' id='word_1_366' title='bbox 154 2567 284 2601; x_wconf 87' lang='lat' dir='ltr'><strong>pueros</strong></span> <span class='ocrx_word' id='word_1_367' title='bbox 303 2565 469 2599; x_wconf 81' lang='lat' dir='ltr'><strong>conatur3</strong></span> <span class='ocrx_word' id='word_1_368' title='bbox 495 2560 593 2605; x_wconf 84' lang='lat' dir='ltr'><strong>quod</strong></span> <span class='ocrx_word' id='word_1_369' title='bbox 609 2561 758 2594; x_wconf 85' lang='lat' dir='ltr'><strong>Romani</strong></span> <span class='ocrx_word' id='word_1_370' title='bbox 785 2562 841 2602; x_wconf 84' lang='lat' dir='ltr'><strong>iis,</strong></span> <span class='ocrx_word' id='word_1_371' title='bbox 869 2574 959 2608; x_wconf 85' lang='lat' dir='ltr'><strong>quae</strong></span> <span class='ocrx_word' id='word_1_372' title='bbox 975 2563 1046 2595; x_wconf 89' lang='lat' dir='ltr'><strong>iam</strong></span> <span class='ocrx_word' id='word_1_373' title='bbox 1066 2564 1105 2595; x_wconf 89' lang='lat' dir='ltr'><strong>in</strong></span> <span class='ocrx_word' id='word_1_374' title='bbox 1123 2573 1188 2595; x_wconf 80' lang='lat' dir='ltr'><strong>nos</strong></span> <span class='ocrx_word' id='word_1_375' title='bbox 1212 2563 1289 2594; x_wconf 89' lang='lat' dir='ltr'><strong>ausi</strong></span> <span class='ocrx_word' id='word_1_376' title='bbox 1303 2567 1398 2599; x_wconf 84' lang='lat' dir='ltr'><strong>sunt,</strong></span> <span class='ocrx_word' id='word_1_377' title='bbox 1423 2559 1586 2591; x_wconf 84' lang='lat' dir='ltr'><strong>contenti</strong></span> 
     </span>
     <span class='ocr_line' id='line_1_44' title="bbox 154 2604 1584 2652; baseline 0.003 -17"><span class='ocrx_word' id='word_1_378' title='bbox 154 2612 228 2636; x_wconf 86' lang='lat' dir='ltr'><strong>non</strong></span> <span class='ocrx_word' id='word_1_379' title='bbox 251 2604 326 2637; x_wconf 90' lang='lat' dir='ltr'><strong>sint</strong></span> <span class='ocrx_word' id='word_1_380' title='bbox 357 2605 492 2645; x_wconf 83' lang='lat' dir='ltr'><strong>futuri,</strong></span> <span class='ocrx_word' id='word_1_381' title='bbox 526 2606 589 2639; x_wconf 87' lang='lat' dir='ltr'><strong>sed</strong></span> <span class='ocrx_word' id='word_1_382' title='bbox 620 2608 854 2641; x_wconf 80' lang='lat' dir='ltr'><strong>atrocioribus</strong></span> <span class='ocrx_word' id='word_1_383' title='bbox 879 2609 984 2641; x_wconf 87' lang='lat' dir='ltr'><strong>malis</strong></span> <span class='ocrx_word' id='word_1_384' title='bbox 1009 2610 1192 2650; x_wconf 83' lang='lat' dir='ltr'><strong>affecturi;</strong></span> <span class='ocrx_word' id='word_1_385' title='bbox 1218 2607 1387 2652; x_wconf 88' lang='lat' dir='ltr'><strong>quodque</strong></span> <span class='ocrx_word' id='word_1_386' title='bbox 1411 2616 1473 2638; x_wconf 76' lang='lat' dir='ltr'><strong>rex</strong></span> <span class='ocrx_word' id='word_1_387' title='bbox 1497 2605 1584 2648; x_wconf 80' lang='lat' dir='ltr'><strong>ipsis</strong></span> 
     </span>
     <span class='ocr_line' id='line_1_45' title="bbox 155 2648 1583 2700; baseline 0.002 -19"><span class='ocrx_word' id='word_1_388' title='bbox 155 2648 204 2681; x_wconf 68' lang='lat' dir='ltr'><strong>sit</strong></span> <span class='ocrx_word' id='word_1_389' title='bbox 227 2654 416 2683; x_wconf 68' lang='lat' dir='ltr'><strong>‘novarum</strong></span> <span class='ocrx_word' id='word_1_390' title='bbox 463 2663 580 2684; x_wconf 85' lang='lat' dir='ltr'><strong>rerum</strong></span> <span class='ocrx_word' id='word_1_391' title='bbox 624 2654 922 2694; x_wconf 81' lang='lat' dir='ltr'><strong>studiosissimus,</strong></span> <span class='ocrx_word' id='word_1_392' title='bbox 976 2655 1125 2700; x_wconf 87' lang='lat' dir='ltr'><strong>ipseque</strong></span> <span class='ocrx_word' id='word_1_393' title='bbox 1166 2659 1290 2686; x_wconf 82' lang='lat' dir='ltr'><strong>auctor</strong></span> <span class='ocrx_word' id='word_1_394' title='bbox 1334 2652 1583 2697; x_wconf 85' lang='lat' dir='ltr'><strong>impulsorque</strong></span> 
     </span>
     <span class='ocr_line' id='line_1_46' title="bbox 155 2693 1580 2745; baseline 0 -14"><span class='ocrx_word' id='word_1_395' title='bbox 155 2693 266 2742; x_wconf 45' lang='lat' dir='ltr'><strong>fucrit</strong></span> <span class='ocrx_word' id='word_1_396' title='bbox 289 2696 410 2734; x_wconf 80' lang='lat' dir='ltr'><strong>caedis</strong></span> <span class='ocrx_word' id='word_1_397' title='bbox 436 2698 550 2731; x_wconf 87' lang='lat' dir='ltr'><strong>multo</strong></span> <span class='ocrx_word' id='word_1_398' title='bbox 575 2704 681 2731; x_wconf 81' lang='lat' dir='ltr'><strong>antea</strong></span> <span class='ocrx_word' id='word_1_399' title='bbox 704 2705 864 2745; x_wconf 83' lang='lat' dir='ltr'><strong>tempore</strong></span> <span class='ocrx_word' id='word_1_400' title='bbox 887 2700 1108 2741; x_wconf 65' lang='lat' dir='ltr'><strong>deliberatae</strong></span> <span class='ocrx_word' id='word_1_401' title='bbox 1145 2705 1180 2732; x_wconf 84' lang='lat' dir='ltr'><strong>et</strong></span> <span class='ocrx_word' id='word_1_402' title='bbox 1204 2703 1437 2743; x_wconf 80' lang='lat' dir='ltr'><strong>procuratae;</strong></span> <span class='ocrx_word' id='word_1_403' title='bbox 1470 2703 1580 2744; x_wconf 72' lang='lat' dir='ltr'><strong>atque</strong></span> 
     </span>
    </p>
   </div>
  </div>
 </body>
</html>
