1794 3112
251 127 287 181 6
811 140 1083 189 AGATmAE

251 244 339 285 πῶν
357 256 401 285 τε
422 244 493 285 καί
523 243 868 296 διαλογιζόμενος,
895 243 1183 299 ὖπεράγασθαι
1199 246 1276 296 μὲν
1301 245 1453 299 χρῆναι
1467 243 1650 299 ἡγούμην

235 307 322 349 καὶ
351 306 506 355 κοινοὺς
532 305 723 358 ἄνυμνεῖν
747 307 957 362 εὐεργέτας
985 306 1081 356 τούς
1115 306 1280 356 ὁπόσοις
1306 303 1386 361 ἤδη
1418 306 1463 348 αἱ
1495 306 1648 349 votat&

210 381 238 415 C
254 375 528 425 πραγματεῖαι
555 369 877 425 διαπεπόνηνται.
908 368 956 412 οὖ
988 369 1070 424 μὴν
1085 372 1319 426 ἐγχειρητέα
1346 370 1442 423 ἐμοὶ
1465 373 1568 428 τῷδε
1591 372 1648 427 τῷ

245 433 354 490 πόνῳ
382 432 536 486 ἐδόκει,
575 433 671 475 οὐδὲ
701 432 777 488 τὴν
814 432 947 489 ἀρχὴν
984 435 1270 489 ἆποπειρατέα.
1309 432 1528 487 ἐτύγχανον
1568 433 1646 488 γὰρ

232 498 401 549 μᾶλλον
431 496 482 551 δή
513 513 554 538 τι
585 498 631 538 ἐκ
662 497 820 538 παίδων
847 500 904 553 τῷ
930 495 1050 553 ἧραὶῳ
1076 497 1222 553 ῥυθμῷ
1249 498 1476 551 ἀνειμένος,
1504 497 1579 539 καί
1593 501 1671 550 μεό

246 556 414 614 ἤρεσκεν
450 558 501 601 τὰ
532 558 748 614 ἡδύσματα
784 562 867 601 τῶν
892 563 963 615 τῆς
996 563 1203 615 ποιητικῆς
1232 560 1549 614 κομψευμοίτων.
1576 562 1649 602 καὶ

245 626 384 665 τοίνυν
409 625 630 677 πεποίηταί
648 638 721 675 μοι
753 626 796 665 ἐν
829 622 1062 679 ἑξαμέτροις
1095 627 1257 679 βραχέα
1285 620 1389 666 ἅττα
1417 624 1646 679 ποιήματα,

244 685 274 727 ἃ
299 686 348 741 δὴ
371 685 590 742 Δαφνιακά
615 685 925 740 ἐπωνόμασται,
952 688 1106 740 μύθοις
1123 688 1208 729 τισὶ
1235 690 1524 740 πεποικιλμένα
1544 690 1647 742 ἐρω-

206 756 393 802 Βτικοῖς,
422 751 492 792 καί
513 752 594 792 τῶν
617 750 806 793 τοιούτων
831 752 1014 793 ἀνάπλεα
1038 750 1331 806 γοητευμάτων.
1359 750 1472 802 ἔδοξε
1500 751 1546 791 δέ
1575 765 1649 802 μοι

242 812 436 870 πρότερον
456 816 613 857 κοῖκεῖνο
640 813 872 866 ἆξιέπαινόν
897 832 938 857 τι
959 812 1066 858 εἶναι
1088 817 1160 857 καί
1188 813 1261 856 οὔκ
1289 811 1432 870 ἄχαρι,
1459 813 1540 868 εἴγε
1564 815 1700 857 rofino

235 879 559 933 ἐπιγραμμάτων
598 879 651 921 τὰ
691 877 878 934 ἀρτιγενῆ
906 879 978 922 καὶ
1001 880 1202 936 νεώτερα,
1231 881 1552 922 διαλανθάνοντα
1579 877 1643 920 ἔτι

241 943 313 982 καῖ
328 941 460 996 χύδην
483 940 636 984 οὖτωσί
660 947 756 998 παρ’
783 945 906 991 ἐνίοις
924 943 1336 998 ὖποψιθυριζόμενα,
1365 941 1581 998 ἆγείραιμί
1599 957 1644 984 τε

241 1004 298 1052 ὥς
323 1002 408 1047 οἶόν
428 1021 472 1046 τε
493 1008 551 1054 εἷς
573 1005 725 1048 ταύτὸν
743 1007 814 1049 καί
834 1006 1123 1062 οἳναγροὲψαιμι
1143 1009 1291 1049 ἕκαστα
1314 1010 1358 1050 ἐν
1380 1007 1517 1063 κόσμῳ
1545 1006 1647 1048 dno-

241 1071 468 1124 κεκριμένα.
496 1069 568 1110 καί
587 1066 660 1112 οὖν
683 1069 731 1124 δὴ
751 1072 820 1112 καί
839 1069 929 1112 τόδε
951 1086 1023 1123 μοι
1044 1073 1318 1113 ἐκτετέλεσται
1343 1070 1463 1126 ἕτερά
1483 1086 1528 1111 τε
1549 1074 1649 1111 πολ-

241 1130 292 1172 λοὶ
334 1133 618 1186 ἀγωνίσματα,
655 1136 727 1175 τοῦ
757 1135 834 1186 μὲν
866 1134 1088 1187 ἀναγκαίου
1113 1134 1238 1190 χάριν
1262 1131 1310 1175 οὔ
1339 1133 1452 1187 μάλα
1478 1137 1700 1187 πεποιη-ιό

171 1196 373 1248 Raptam,
402 1191 533 1245 ἄλλως
556 1198 601 1238 δὲ
619 1196 718 1246 ἴσως
736 1196 979 1253 προσαγωγὰ
1001 1199 1074 1239 καί
1092 1198 1322 1252 θελκτήρια.
1350 1201 1423 1239 καί
1439 1196 1518 1252 γὰρ
1544 1199 1649 1251 δῆτα

241 1260 270 1316 ἤ
293 1262 452 1314 ποίησις
476 1258 586 1316 ἱερόν
606 1277 648 1302 τι
670 1264 812 1316 χρῆμα
841 1263 913 1302 καί
935 1265 1166 1303 θεσπέσιον.
1203 1263 1447 1304 ἐνθουσιῶσι
1470 1262 1570 1314 γοῦν
1605 1261 1650 1301 ἐν

241 1324 347 1379 αὐτῇ
370 1323 414 1365 αἱ
438 1325 600 1378 ψυχαὶ,
629 1323 736 1366 εἴποι
765 1319 818 1367 ἂν
857 1322 878 1366 ὅ
913 1323 1040 1380 σοφὸς
1077 1325 1100 1365 ὅ
1131 1323 1402 1380 Ἀρίστωνος,
1445 1323 1518 1366 καί
1557 1322 1650 1364 λίαν

240 1387 456 1430 ὤδίνουσιν
475 1387 753 1443 ἐπαφρόδιτα,
781 1385 873 1431 ὅσαι
897 1387 947 1443 δὴ
968 1388 1023 1437 ὥς
1045 1385 1208 1442 ἀληθῶς
1223 1386 1500 1442 μουσόληπτοι
1518 1388 1651 1438 γίνον-

239 1469 329 1504 ται,
356 1450 427 1492 καὶ
457 1454 553 1507 τῇδε
586 1451 749 1506 κάτοχοι
777 1454 828 1508 τῇ
861 1451 1049 1508 βακχείᾳ.
1074 1452 1171 1504 ἐμοὶ
1198 1453 1276 1505 μὲν
1302 1448 1377 1493 οὖν
1405 1453 1541 1492 τοῖσδε
1562 1454 1701 1495 θυι-αα

329 1540 362 1562 2·-
388 1526 549 1565 ὁπόσους
569 1531 641 1563 Par.
715 1529 755 1562 at
779 1529 858 1563 add.
873 1523 923 1569 R„
949 1541 1015 1562 om.
1033 1530 1125 1574 vulg.
1199 1531 1229 1564 3.
1253 1528 1388 1573 ἔγχειρ.
1411 1525 1485 1573 γὰρ
1509 1528 1595 1573 ἐμοὶ
1607 1529 1650 1566 R.

329 1573 361 1615 4.
389 1572 476 1607 οὐδὲ
501 1569 568 1615 τὴν
590 1576 647 1616 R.,
674 1574 763 1609 οὐδὲ
788 1573 879 1608 κατὰ
903 1567 972 1616 τὴν
1001 1575 1096 1619 vulg.
1201 1576 1232 1610 5.
1255 1584 1304 1619 με
1329 1573 1482 1619 ἤρεσκεν
1502 1575 1553 1613 R.²
1579 1584 1650 1619 μοι

331 1618 461 1662 ἤρεσκε
483 1621 572 1664 vulg.
640 1620 672 1652 6.
696 1619 996 1666 κομψευσμοίτων
1021 1621 1060 1652 Β.
1153 1622 1183 1654 8.
1216 1612 1390 1664 Δαφνικᾶ
1421 1621 1482 1659 R„
1517 1619 1647 1662 Intpr.;

327 1665 431 1701 male.
524 1677 574 1700 ια.
608 1664 738 1698 οὐτοσὶ
774 1666 852 1698 edd.
959 1666 1007 1698 13.
1033 1661 1169 1698 ταύτὸν
1196 1665 1245 1704 R.²
1276 1661 1383 1701 ταύτὰ
1409 1665 1499 1709 vulg.
1597 1663 1647 1708 ¹4·

327 1708 405 1741 τίδε
431 1710 467 1741 R.
559 1721 612 1743 20.
636 1711 810 1756 θαμίζειν
833 1712 891 1751 Β.,
917 1708 1125 1755 θαυμάζειν
1148 1709 1238 1754 vulg.

239 1795 318 1818 meo
342 1789 508 1829 reputans
524 1809 534 1825 ,
565 1784 799 1819 admiratione
822 1786 946 1830 dignos
970 1785 1176 1826 censebam,
1199 1789 1236 1818 et
1266 1785 1303 1818 in
1326 1784 1509 1829 publicum
1531 1784 1645 1818 bene-

240 1830 323 1863 ficos
353 1830 601 1870 celebrandos,
626 1837 803 1876 quotquot
825 1833 863 1864 in
889 1830 957 1863 hoc
970 1831 1139 1863 historiae
1163 1829 1368 1863 scribendae
1392 1831 1554 1863 instituto
1588 1831 1648 1862 la·-

237 1874 416 1908 borarunt.
463 1875 555 1908 Mihi
590 1881 707 1908 autem
743 1887 970 1921 nequaquam
1005 1876 1249 1919 suscipiendus
1283 1874 1343 1907 hic
1373 1875 1493 1915 labor,
1517 1875 1581 1908 sed
1601 1885 1648 1906 ne

237 1920 429 1953 tenteudus
463 1920 607 1964 quidem
641 1921 745 1954 initio
782 1926 835 1954 est
863 1922 969 1955 visus.
1026 1922 1127 1954 Eram
1159 1922 1254 1954 enim
1285 1923 1393 1965 magis
1420 1921 1491 1952 iam
1514 1919 1598 1953 inde
1628 1930 1650 1951 a

239 1976 350 2009 puero
374 1965 526 1998 heroicis
554 1966 708 1999 modulis
733 1966 913 2006 addictus,
949 1971 985 1999 et
1008 1967 1224 2010 poeticarum
1247 1965 1496 2009 elegantiarum
1524 1965 1648 1998 dulce-

240 2010 326 2043 dine
361 2021 574 2055 magnopere
605 2011 827 2054 delectabar;
857 2016 964 2056 atque
995 2011 1084 2044 adeo
1118 2011 1239 2044 brevia
1274 2011 1447 2054 quaedam
1481 2013 1650 2054 poemata

239 2055 454 2089 hexametris
477 2056 635 2089 versibus
663 2057 879 2100 conscripsi,
903 2067 991 2100 quae
1015 2056 1222 2100 Daphniaca
1246 2056 1386 2095 vocavi,
1411 2055 1541 2088 sabulis
1564 2054 1648 2099 qui-

237 2100 387 2133 busdam
409 2102 586 2135 amatoriis
610 2103 785 2145 variegata
810 2106 846 2134 et
866 2101 1038 2134 eiusmodi
1053 2101 1230 2134 illecebris
1246 2102 1386 2134 referta.
1417 2100 1542 2133 Visum
1561 2109 1646 2132 vero

238 2145 328 2178 mihi
362 2146 432 2178 fuit
452 2147 559 2180 etiam
582 2145 650 2179 hoc
675 2147 781 2180 initio
805 2146 984 2180 laudabile
1011 2152 1047 2179 et
1070 2158 1141 2180 non
1167 2147 1346 2190 inelegans
1373 2146 1586 2185 institutum,
1616 2143 1648 2177 ui

239 2191 331 2224 nova
355 2191 528 2234 quaedam
552 2192 781 2237 recentiaque
805 2193 1069 2236 epigrammata,
1095 2192 1275 2224 latitantia
1294 2190 1409 2223 adhuc
1429 2191 1648 2234 sparsimque

238 2247 259 2268 a
293 2237 476 2268 nonnullis
510 2237 603 2276 lusa,
639 2237 678 2269 in
702 2247 833 2276 unum,
866 2237 982 2281 quoad
1006 2238 1080 2269 eius
1106 2238 1183 2270 fieri
1210 2241 1350 2280 posset,
1382 2235 1648 2278 recolligerem,

239 2281 450 2326 singulaque
475 2282 514 2314 in
540 2281 702 2314 ordinem
739 2281 873 2325 digesta
905 2281 1169 2315 conscriberem.
1228 2281 1334 2324 Quod
1366 2280 1511 2325 quidem
1541 2281 1649 2313 etiam

239 2326 400 2370 perfeci,
431 2331 473 2359 ut
496 2331 532 2358 et
555 2327 627 2359 alia
645 2327 756 2360 multa
777 2327 1066 2367 exercitamenta,
1088 2339 1159 2360 non
1176 2326 1341 2359 utilitatis
1366 2336 1464 2370 ergo,
1489 2324 1552 2357 sed
1579 2323 1647 2358 ob-

240 2372 398 2405 lectandi
433 2371 702 2415 deliniendique
735 2372 845 2404 animi
882 2383 983 2405 causa
1017 2383 1036 2404 a
1068 2383 1123 2405 me
1149 2372 1255 2406 facta.
1301 2372 1362 2404 Est
1384 2371 1477 2403 enim
1501 2369 1646 2403 omnino

240 2427 336 2450 sacra
361 2417 534 2462 quaedam
554 2422 591 2450 et
608 2416 728 2450 divina
748 2427 802 2449 res
823 2418 952 2460 poesis.
998 2417 1171 2450 Asflantur
1189 2417 1282 2449 enim
1301 2419 1338 2448 in
1356 2427 1396 2448 ea
1417 2415 1536 2448 divino
1555 2425 1647 2458 quo-

240 2462 322 2494 dam
346 2462 463 2496 furore
482 2463 612 2502 animi,
639 2467 680 2494 ut
701 2463 841 2506 sapiens
868 2463 929 2494 ille
943 2462 1041 2495 Plato
1061 2462 1171 2502 dixit,
1196 2461 1367 2505 valdeque
1387 2465 1532 2493 venuste
1562 2469 1647 2502 par-

240 2509 392 2547 turiunt,
417 2513 592 2552 quotquot
607 2508 783 2540 Musarum
801 2507 899 2551 pleni
918 2513 1025 2551 atque
1042 2506 1110 2540 hoc
1125 2508 1241 2539 furore
1264 2507 1416 2550 correpti
1433 2509 1522 2538 sunt.
1552 2501 1647 2536 Mihi

242 2552 388 2596 quidem
408 2554 514 2596 igitur
541 2557 710 2586 statutum
735 2557 810 2584 erat
831 2553 870 2585 in
889 2551 945 2585 his
965 2554 1108 2592 versari,
1129 2563 1247 2597 neque
1265 2561 1420 2596 unquam
1432 2549 1470 2583 in
1489 2550 1646 2582 animum

240 2597 431 2637 inducere,
457 2602 497 2630 ut
526 2598 696 2631 iuvenilia
723 2596 810 2630 haee
836 2597 1058 2642 iucundaque
1088 2597 1207 2630 studia
1225 2597 1442 2635 desererem,
1467 2593 1530 2627 sed
1556 2593 1644 2626 Del-

240 2641 386 2688 phicum
404 2644 524 2688 potius
542 2643 797 2689 praescriptum
815 2643 916 2688 sequi
942 2652 1044 2677 nosen
1070 2654 1111 2676 τι
1146 2653 1262 2681 ipsun.
1301 2642 1389 2675 Cum
1422 2650 1506 2675 -vero
1530 2642 1644 2672 aetate
