1794 3112
524 129 902 174 HISTORIARUM
944 130 996 169 11.
1027 132 1097 172 21.
1478 121 1495 156 1
1518 121 1533 155 1
1557 121 1573 154 1

131 255 236 290 τως.
271 235 312 281 οἳ
347 235 428 291 γάρ
458 237 560 291 παρ’
598 232 746 281 αὐτοῖς
780 228 1050 287 ἆχθοφόροι,
1098 229 1274 269 ἕκαστον
1310 221 1769 281 παρασάγγηνΑ.(1.55.ῑ

131 304 462 362 περαιωθέντες,
489 298 541 342 τά
565 315 611 342 τε
634 298 789 355 φορτία
814 298 1028 349 τιθενται,
1054 296 1127 335 καί
1150 294 1266 349 σφᾶς
1288 289 1446 340 αὖτούς
1478 290 1577 333 ἐλά-
1592 277 1658 314 1⁰1·
1672 280 1717 312 ²3

130 384 275 426 χιστον
296 363 610 417 ἇναπαύουσιν,
641 362 796 419 ἑτέρων
841 361 975 416 δήπου
999 356 1237 413 ἀμοιβαδὸν
1265 358 1589 411 διαδεχομένων,

133 435 206 477 καί
227 431 412 476 καθόσον
436 433 558 473 τοῦτο
581 431 751 486 δρῶσιν,
777 429 821 477 ἐς
843 428 1039 469 τοσοῦτον
1065 423 1140 473 τὰς
1158 421 1286 472 ὁδους
1317 423 1592 478 διαμετροῦν-

107 504 206 547 fison
244 500 318 541 καί
355 497 716 550 κατατέμνουσιν.
743 492 824 536 εἴτε
854 491 901 548 δὴ
940 487 1016 534 οὖν
1042 487 1199 542 οὕτως,
1228 487 1309 530 εἴτε
1333 489 1499 536 ἐκείνως
1529 482 1597 528 τὸν

134 563 407 622 παρασάγγην
432 564 623 618 κλητέον,
653 558 905 615 πεντήκοντά
939 572 985 613 γε
1030 558 1105 598 καί
1137 552 1286 597 ἑκατὸν
1320 554 1506 602 σταδίοις
1545 554 1628 598 §uc

135 634 212 675 τοῦ
248 629 456 688 φρουρίου
491 629 517 684 ἦ
543 630 688 683 Νῆσος
727 628 974 681 διείργεται.
1003 621 1092 665 ἔστι
1122 623 1171 662 δὲ
1213 617 1262 662 τὸ
1287 619 1448 675 χωρίον
1471 620 1602 660 ἐπιει-

136 699 222 746 κῶς
249 693 426 752 ἐχυρὸν,
457 693 530 736 καί
560 695 637 736 οὐκ
663 689 896 749 εὖέφοδον,
934 695 1027 739 ταῖς
1066 689 1148 730 τῶν
1179 688 1378 740 ποταμῶν
1400 687 1603 740 περιβαλ-

141 763 318 817 λόμενον
340 762 488 811 δίναις.
517 757 542 801 δ
562 776 608 802 τε
631 757 711 814 γάρ
750 757 888 806 Φάσις
910 758 986 798 καί
1006 755 1031 796 o‘
1054 751 1277 807 Δοκωνὸς,
1306 754 1354 793 ἐκ
1377 753 1454 793 τοῦ
1478 752 1603 791 Καυ-

92 827 275 872 ιοκάσου
310 825 528 882 διακριδὸν
564 824 842 880 καταςῖῥέοντε
896 820 970 863 καί
991 822 1130 877 πολλῷ
1162 816 1213 861 τα
1255 820 1400 874 πρῶτα
1439 817 1603 870 διεστη-

145 894 253 948 κότε,
296 894 482 935 ἐνταῦθα
520 893 596 946 τῆς
627 892 711 931 τῶν
753 887 891 930 τόπων
923 887 1083 936 θέσεως
1117 882 1431 939 ἀναγκαζούσης
1463 882 1603 938 ἤρε’μα

144 957 420 1015 πλησιάζετον
461 956 662 1011 ἀλλήλοιν
703 953 779 996 καί
820 950 958 995 οὐκέτι
999 947 1159 994 ἄποθεν
1205 952 1437 1007 φέρεσθον,
1489 944 1594 989 ὥστε
1606 956 1647 991 V.
1671 956 1714 1000 43

145 1027 294 1080 ἀμέλει
322 1026 408 1066 τῶν
435 1020 660 1075 Ῥωμαίων
686 1017 880 1075 διώρυχα
911 1035 1006 1061 τινα
1042 1018 1422 1072 μηχανησαμένων,
1456 1012 1528 1055 καί
1560 1014 1606 1054 ἐκ

146 1092 225 1133 τοῦ
252 1088 441 1137 Φάσιδος
471 1085 622 1144 ἐκροήν
640 1080 703 1135 εἰς
731 1083 806 1127 τὸν
839 1083 1038 1127 Δοκωνὸν
1067 1080 1480 1136 μετοχετευσάντων,
1509 1075 1608 1119 τού-

99 1160 202 1215 ι5τῳ
226 1154 278 1212 δὴ
300 1157 358 1213 τῷ
378 1152 516 1212 τρόπῳ
566 1154 610 1202 ἐς
639 1150 689 1195 τὰ
721 1149 826 1207 πρὸς
858 1152 936 1205 τῆς
969 1153 1026 1190 ἓω
1054 1149 1323 1204 τετραμμένα
1354 1149 1430 1202 τῆς
1457 1142 1605 1200 Νήσου

148 1220 342 1278 ἡνῶσθαι
365 1216 496 1276 ἄμφω
521 1219 580 1261 τώ
606 1215 782 1271 ποταμώ
791 1251 804 1270 ‚
838 1215 912 1258 καί
938 1216 1221 1271 ξυνειλῆφθαι
1255 1210 1329 1255 τὸν
1349 1214 1506 1267 χῶρον.
1538 1211 1608 1252 ἒν·-

147 1290 300 1331 τεῦθεν
320 1282 516 1342 ‹lami-QG
542 1282 711 1338 καμπάς
736 1299 779 1325 τε
799 1283 872 1324 καῖ
896 1279 1187 1337 περιελιγμούς
1220 1278 1480 1332 ηοιουμένω,
1525 1275 1643 1316 οὕκΒ

151 1351 374 1407 ἐλάχιστόν
397 1369 440 1393 τι
456 1352 604 1406 χρῆμα
628 1351 704 1392 τοῦ
727 1350 874 1390 πεδίου
899 1347 998 1389 εἴσω
1021 1343 1382 1399 α’πολαμβάνετον.
1411 1340 1609 1399 προϊόντε

155 1421 202 1461 δὲ
232 1414 324 1468 ἄνα,
342 1415 395 1459 τὰ
417 1414 578 1473 πρόσω,
608 1416 651 1464 ἐς
678 1413 882 1466 δυόμενον
905 1411 1023 1467 ἥλιον
1050 1409 1335 1464 ξυμβάλλει-ον
1358 1408 1611 1461 αὐτομάτως

105 1482 234 1531 sonat*
270 1481 589 1536 ἆναμίγνυσθον
616 1478 867 1532 τελεώτατα,
907 1478 965 1527 ὥς
1004 1475 1135 1534 ταύτῃ
1167 1492 1212 1531 ys
1248 1472 1360 1517 ἅπαν
1379 1473 1426 1516 τὸ
1449 1470 1607 1527 μεταξὺ

157 1551 284 1606 νῆσον
303 1550 348 1597 ἐς
361 1545 406 1589 τὸ
432 1547 600 1602 ἀκριβὲς
619 1547 892 1587 ἐκτελεῖσθαι.
921 1545 1105 1586 ἐιταῦθα
1126 1543 1205 1597 μὲν
1229 1537 1306 1584 οὖν
1326 1539 1364 1583 οἱ
1399 1540 1611 1592 ἷΡωμαΐοι

159 1613 389 1669 ἐτύγχανον
423 1613 740 1666 ξυνειλεγμένοι.

209 1695 237 1718 1.
263 1677 465 1726 παράιῗτῷ
475 1679 514 1711 R.
593 1679 624 1712 5.
645 1676 763 1715 οὕτως
774 1689 843 1711 om.
856 1678 895 1710 R.
964 1688 994 1722 7.
1005 1677 1088 1711 Post
1106 1676 1186 1711 ἔστι
1204 1675 1244 1710 δὲ
1255 1675 1459 1710 3(1(1.τοῦτο
1472 1675 1512 1709 R.
1579 1673 1613 1709 8.

203 1727 274 1763 οὐκ
292 1739 359 1761 om.
372 1727 408 1759 R.
469 1725 802 1771 περιβαλλόμενον,
820 1722 935 1770 (quod
950 1726 1042 1757 coni.
1056 1723 1290 1769 Bon‚Vulc.‚)
1310 1725 1348 1756 R.
1372 1728 1409 1756 et
1432 1723 1544 1766 Inlpr.
1569 1733 1614 1754 α-

205 1775 292 1823 quis
308 1793 356 1799 ——
372 1776 627 1812 circumactus,
650 1770 986 1817 παραβαλλόμενον
996 1771 1092 1816 vulg,
1159 1783 1192 1815 9.
1214 1771 1384 1805 Deconus
1398 1771 1511 1813 Intpr.
1563 1779 1614 1802 ιο.

207 1819 482 1865 καταῤῥέοντες
509 1825 546 1852 et
566 1817 801 1860 διεστηκότες
826 1819 864 1851 R.
896 1831 922 1851 ι.
946 1829 995 1854 m.
1058 1817 1109 1861 ¹4·
1131 1816 1271 1863 ἰκροήν
1291 1818 1342 1857 R„
1364 1815 1502 1861 ἐκρόον
1522 1815 1615 1858 vulg.

213 1869 266 1903 15.
291 1868 416 1910 tris-R„
432 1867 474 1912 τῇ
486 1866 580 1911 vulg.
635 1877 686 1911 ¹7·
705 1860 933 1911 περιελιγμιὲ
964 1865 1002 1897 Β.
1059 1867 1109 1898 18.
1132 1865 1334 1910 προϊόντες
1358 1865 1396 1896 R.
1452 1874 1501 1907 ¹9·
1528 1860 1618 1894 δυό-

207 1924 327 1962 μενον
337 1911 578 1958 ἥλ.Β.,δυόμ.
602 1905 672 1947 τὸν
697 1911 752 1955 ἥλ.
779 1912 873 1957 vulg.
968 1913 1074 1957 συμβ.
1090 1912 1127 1944 R.
1176 1923 1230 1946 ao.
1249 1910 1529 1956 α’ναμίψυσθαι.
1545 1910 1583 1941 Β.

167 1973 348 2006 sententia
373 1976 480 2004 recte.
529 1969 622 2003 Nam
659 1974 696 2004 et
725 1969 842 2002 baiuli
879 1979 1004 2002 eorum
1035 1968 1188 2013 singulis
1225 1968 1428 2013 parasangis
1465 1965 1619 2000 emensis
1649 1965 1652 1970 '

167 2025 206 2053 et
239 2029 348 2052 onera
381 2017 570 2062 deponunt
604 2022 641 2049 et
671 2017 861 2061 paululum
895 2015 1179 2062 conquiescunt,
1217 2016 1299 2047 aliis
1335 2014 1381 2047 ad
1405 2012 1621 2058 excipienda

167 2065 325 2098 vicissim
350 2075 460 2098 onera
485 2062 781 2105 succedentibus3
823 2063 934 2108 idque
969 2062 1112 2108 quoties
1142 2061 1311 2095 factitant
1328 2086 1338 2101 ‚
1375 2071 1440 2105 per
1466 2058 1621 2093 totidem

170 2111 287 2157 spatia
313 2112 447 2145 itinera
467 2111 668 2144 metiuntur
685 2115 722 2143 et
747 2109 926 2143 dividunt.
976 2109 1059 2142 Sive
1084 2109 1194 2153 igitur
1220 2107 1302 2149 hoc,
1322 2108 1396 2140 sive
1423 2108 1487 2140 illo
1512 2106 1619 2139 modo

169 2169 366 2204 parasanga
391 2163 446 2192 est
470 2157 698 2202 appellanda,
724 2156 792 2190 CL.
819 2156 943 2189 stadiis
965 2166 984 2187 a
1009 2155 1278 2200 propugnaculo
1304 2155 1424 2187 Insula
1451 2153 1540 2187 haec
1563 2153 1622 2186 di—

170 2210 254 2239 stat.
287 2205 351 2238 Est
373 2209 492 2238 autem
518 2205 617 2237 locus
642 2203 703 2236 hic
725 2203 958 2236 vehementer
985 2202 1159 2242 munitus,
1187 2212 1307 2248 neque
1333 2201 1440 2234 facile
1465 2201 1622 2244 pervius,

171 2251 362 2285 fluviorum
384 2250 583 2284 vorticibus
609 2250 892 2283 circumcinctus.
919 2248 1039 2282 Phasis
1060 2249 1159 2281 enim
1187 2254 1223 2281 et
1248 2249 1416 2281 Doconus
1441 2247 1622 2281 distinctis

172 2298 285 2332 alveis
316 2308 336 2331 e
354 2297 520 2332 'Caucaso
546 2297 765 2337 defluentes,
804 2302 913 2342 atque
948 2296 1056 2328 initio
1084 2305 1191 2340 quam
1215 2295 1421 2339 longissime
1455 2296 1551 2327 inter
1586 2304 1622 2325 sc

175 2344 373 2385 distantes,
403 2344 492 2385 inic,
517 2348 666 2389 cogente
689 2344 752 2380 ‚ita
775 2344 935 2376 locorum
961 2343 1055 2382 situ,
1088 2343 1220 2375 sensim
1245 2342 1315 2374 sibi
1341 2347 1466 2374 mutuo
1490 2352 1623 2385 appro—

175 2393 384 2436 pinquant,
414 2402 488 2423 non
511 2401 638 2435 magno
665 2390 820 2434 amplius
852 2389 1044 2422 intervallo
1084 2389 1261 2422 seiuncti:
1295 2389 1386 2422 adeo
1413 2394 1455 2421 ut
1475 2386 1622 2420 Romani

175 2438 278 2483 alveo
305 2436 462 2482 quodam
486 2435 606 2477 (lucto,
636 2435 870 2482 Phasidisque
898 2436 1014 2468 amnis
1042 2446 1165 2480 aggere
1189 2435 1372 2479 perfosso,
1402 2436 1478 2468 eius
1506 2434 1623 2466 fluen-

177 2489 215 2517 ta
246 2484 285 2516 in
315 2483 503 2515 Doconum
538 2483 760 2523 derivarint,
798 2493 912 2528 eaque
948 2483 1088 2515 ratione
1124 2482 1195 2515 ‹luo
1227 2481 1267 2515 hi
1298 2482 1411 2522 fluvii,
1438 2492 1507 2526 qua
1525 2485 1625 2525 parte

179 2530 303 2563 Insula
329 2529 368 2562 in
393 2529 570 2562 orientem
593 2530 719 2574 vergit,
749 2530 789 2569 in
813 2540 925 2562 unum
957 2534 1086 2562 coeant
1116 2529 1308 2574 locumque
1333 2530 1488 2573 cingant.
1537 2526 1625 2559 Inde

182 2587 268 2611 vero
305 2587 425 2609 rursus
459 2586 539 2608 cum
567 2574 680 2608 flexus
713 2575 888 2620 quosdam
912 2576 1164 2622 anfractusque
1191 2576 1338 2615 faciant,
1359 2587 1431 2607 non
1458 2574 1626 2619 exignum

181 2634 346 2668 campum
375 2622 469 2655 intra
501 2632 539 2654 se
574 2621 871 2666 complectuntur.
932 2623 1090 2656 Ulterius
1124 2633 1208 2655 vero
1235 2622 1414 2666 progressi
1449 2620 1495 2653 ad
1528 2621 1626 2654 occi·

182 2669 333 2703 dentem
367 2669 480 2701 solem
519 2673 647 2712 sponte
673 2679 736 2700 sua
766 2674 898 2703 coeunt
933 2670 1153 2715 penitusque
1177 2669 1468 2701 commiscentur:
1510 2668 1560 2700 ita
1584 2673 1626 2700 ut

183 2715 361 2762 quicquid
394 2715 439 2748 ab
472 2714 530 2748 his
564 2715 805 2759 intercipitur,
835 2716 996 2764 perfecte
1020 2716 1176 2750 insulam
1200 2715 1344 2749 efficiat.
1402 2715 1470 2748 Hic
1501 2714 1624 2760 itaque

185 2763 330 2797 collecti
344 2761 494 2798 Romani
523 2759 776 2796 subsistebant.
