1794 3112
228 142 299 196 36
790 155 1059 201 AGATmAE

35 266 72 298 A.
89 265 127 297 C.
150 265 214 297 552
226 260 407 314 ‹ppovpt'ty
430 251 551 306 αὖθις
576 259 860 312 προσέβαλλεν,
889 259 943 307 ὥς
972 262 1044 301 καί
1064 253 1253 312 αὗτοβοεί
1271 256 1378 303 ἅπαν
1401 260 1634 317 α’ναρπασό-

88 311 111 341 Ῑ·
129 311 153 342 I·
169 313 211 344 ²⁶
222 338 354 376 μενος
382 323 463 362 τῶν
485 323 531 363 δὲ
559 324 599 363 Γ
597 321 724 363 ότθων
747 324 928 364 ἐνταῦθα
948 324 1259 376 ξυνειλεγμένων
1289 327 1361 366 καί
1381 324 1509 366 παντί
1537 327 1635 366 σθέ..

223 401 284 427 νει
306 385 582 438 ἀμυνομένων,
610 385 852 440 ἀπεκρούετο
878 389 950 427 καί
970 384 1088 428 οὗδέν
1105 403 1144 428 τι
1160 389 1314 438 μᾶλλον
1334 385 1440 440 εἶχεν
1459 387 1635 430 ἀνύτειν.

333 447 389 490 ιά.
411 449 522 491 Ἐπεί
539 450 584 490 δὲ
605 451 764 506 πολέμῳ
790 465 834 491 τε
856 453 927 490 καί
949 452 1188 505 ἐπιδρομαῖς
1213 448 1316 492 ἑλεῖν
1336 452 1464 506 δήπου
1485 450 1531 493 τὸ
1547 468 1634 504 χω..

223 515 310 568 ριόν
332 511 512 554 ἀδύνατα
532 509 607 566 ἦν,
635 511 737 566 ἔγνω
758 513 815 567 μὴ
843 514 978 570 ἁπάσῃ
1002 515 1050 569 τῇ
1072 514 1239 570 στρατιᾷ
1264 517 1308 556 ἐν
1336 517 1469 556 τοῖσδε
1495 512 1659 555 διάγω-5

223 580 408 628 νεῖσθαι,
437 577 526 617 ἄλλ’
542 578 584 624 ἐς
607 579 889 632 Φλωρέντειαν
913 580 984 618 καί
1003 578 1306 627 Κεντουκέλλας
1321 582 1392 620 καί
1412 573 1517 619 ἄλλα
1535 575 1636 620 ἄττα

222 642 452 692 πολίσματα
471 643 541 694 τῆς
569 644 767 689 Τουσκίας
794 639 935 695 χώρας
961 638 1090 688 εὖθὺς
1123 637 1350 696 ἀφικέσθαι
1359 675 1372 694 ,
1410 639 1569 684 ἅπαντά
1594 658 1637 683 τε

223 704 275 746 τὰ
295 706 389 759 τῇδε
420 704 773 759 καταστησάμενος
806 705 1052 760 προτερῆσαι
1075 704 1148 759 τὴν
1180 707 1373 759 ἒπὴλυσιν
1403 708 1484 747 τῶν
1518 709 1637 746 πολε..

222 770 344 820 μίων.
380 763 459 823 ἤδη
491 767 569 823 γάρ
603 769 715 826 αὐτῷ
738 768 954 823 Λεύθαρις
974 772 1046 810 καί
1066 772 1307 817 Βουτιλῖνος
1334 769 1404 811 καί
1423 768 1472 810 τοὶ
1498 769 1639 824 Φράγ..

188 838 302 886 Βγων
331 834 376 873 δὲ
402 835 474 873 καί
502 833 757 884 ’.Αλαμανῶν
780 832 1063 888 στρατεύματα
1098 833 1192 875 εἴσω
1227 836 1299 874 τοῦ
1330 832 1479 875 Πάδου
1513 842 1691 874 ποτα-10

221 898 303 948 μοῢ
329 893 563 950 ἠγγέλλοντο
599 902 814 952 παρεῖναι,
859 892 916 938 ὧν
948 897 997 951 δὴ
1031 900 1145 939 ἕνεκα
1181 898 1346 951 κινήσας
1378 895 1433 946 ὥς
1463 896 1637 951 τάχιστα

221 958 265 1000 τὸ
288 964 469 1001 πλεῖστον
492 961 563 1001 τοῦ
583 962 755 1015 στρατοῦ
785 960 854 1002 ἐπὶ
879 962 1029 1015 ταύτην
1049 963 1209 1017 ἐχώρει.
1237 965 1327 1003 ἐπεί
1355 963 1399 1003 δὲ
1429 962 1641 1014 Φιλῖμουθ

224 1023 245 1065 ὃ
274 1026 354 1064 τῶν
386 1026 664 1077 ξυνεπομένων
691 1021 891 1080 Ἐρούλων
921 1024 1139 1081 στρατηγὸς
1170 1023 1216 1067 οὗ
1246 1030 1411 1075 πολλαῖς
1445 1024 1637 1080 πρότερον

220 1086 393 1143 ἦμέραις
423 1089 527 1145 νόσῳ
557 1087 680 1136 ἁλοὺς
703 1090 933 1144 ἐτεθνήκει,
974 1089 1057 1130 ἔδει
1087 1092 1132 1131 δὲ
1165 1085 1248 1145 ἄρα
1272 1090 1419 1138 αὐτούς
1448 1089 1517 1130 ὕπ’
1548 1089 1638 1144 ἰδίῳ

221 1155 304 1194 τινί
335 1151 554 1195 τάττεσθαι
584 1151 772 1208 ἧγεμόνι,
811 1153 959 1195 αὐτίκα
1001 1151 1022 1195 ὅ
1052 1170 1097 1208 γε
1129 1156 1360 1210 Φούλκαριν
1401 1154 1541 1201 αὖτοϊς
1571 1148 1691 1194 τὸν15

222 1215 428 1272 ὁμόφυλον
479 1218 715 1271 ἐπιστήσας,
763 1216 831 1258 τὸν
870 1219 1079 1260 Φανιθέου
1114 1219 1380 1274 ἀδελφιδοῦν,
1430 1219 1640 1259 ἐκέλευσεν

222 1278 310 1332 ἅμα
341 1277 506 1337 Ἰωάννῃ
546 1284 601 1338 τῷ
631 1283 904 1332 Βιταλιανοῧ,
956 1282 1028 1323 καί
1056 1282 1154 1338 πρός
1186 1297 1231 1335 γε
1282 1282 1523 1337 Βαλεριανῷ
1570 1282 1643 1321 καὶ

217 1343 448 1400 Ἀρταβάνῃ
462 1378 474 1396 ,
499 1346 570 1385 καί
592 1347 669 1397 μὲν
695 1344 745 1398 δὴ
775 1344 847 1386 καί
872 1341 1012 1394 ἄλλοις
1034 1351 1273 1405 στρατηγοῖς
1294 1344 1366 1385 καὶ
1385 1343 1638 1398 ταξιάρχοις,

223 1408 298 1456 ξῦν
321 1410 375 1465 τῷ
395 1409 550 1449 πλειόνι
572 1410 644 1449 καί
667 1409 936 1466 ἀλκιμωτάτῳ
965 1411 1124 1466 στρατῷ
1135 1442 1147 1461 ,
1168 1407 1242 1457 τάς
1275 1404 1444 1456 ’Ἀλπεις
1469 1405 1513 1450 τὸ
1545 1401 1641 1462 ὅρος

221 1471 522 1526 περιελθόντας,
547 1468 571 1512 ὃ
595 1469 644 1526 δὴ
661 1474 704 1513 ἐν
725 1474 837 1528 μέσῳ
865 1474 1065 1520 Τουσκίας
1083 1489 1125 1514 τε
1148 1475 1221 1527 τῆς
1239 1471 1395 1527 χώρας,
1426 1470 1498 1513 καί
1513 1472 1696 1523 Alpa-20

221 1536 333 1584 λείας
344 1535 504 1588 ἀνέχει,
530 1536 643 1590 α’μφί
661 1534 730 1577 τὸν
755 1537 903 1578 Πάδον
932 1534 1095 1578 ἱκέσθαι
1120 1535 1189 1578 τὸν
1212 1536 1418 1588 ποταμὸν,
1443 1536 1578 1576 αὐτοῦ
1597 1549 1643 1574 τε

316 1625 343 1646 1.
375 1610 683 1659 ἀναρπασόμενοι
712 1613 752 1649 R.
831 1609 863 1648 [ι.
892 1614 955 1645 καὶ
975 1624 1040 1645 om.
1065 1615 1102 1646 R.
1183 1613 1214 1647 5.
1241 1611 1405 1646 ἀδύνατα
1432 1609 1643 1650 Β,,οῗδύνα-

310 1660 476 1702 Tovvulg.
524 1660 554 1691 8.
580 1658 762 1699 ἑπήλυσιν
774 1659 810 1689 R.
826 1658 1218 1703 (Cl.)‚8nc‘]„vmu,vulg.
1265 1670 1297 1702 9.
1322 1656 1423 1700 αὐτῷ
1445 1658 1495 1696 R.‚
1521 1657 1641 1689 αὐτοῦ

311 1705 403 1747 vulg.
457 1715 506 1736 10.
532 1703 572 1737 δὲ
596 1703 674 1736 add.
700 1703 737 1735 R.
790 1703 839 1738 13·
858 1706 931 1736 τῶν
950 1704 1208 1747 ξυνεπομένων
1226 1704 1262 1735 R.
1285 1707 1321 1736 et
1339 1703 1449 1746 Intpr.
1471 1701 1567 1748 (CL),
1592 1703 1643 1745 τῷ

314 1750 549 1793 ξυνεπομὲνῳ
573 1749 663 1792 vulg.
765 1748 815 1790 14.
845 1747 941 1792 νόσῳ
975 1760 1042 1782 om.
1066 1749 1103 1780 R.
1244 1747 1308 1780 ὑπ’
1336 1747 1477 1787 addidi,
1526 1749 1637 1792 Intpr.

314 1795 554 1827 confirmante.
637 1793 689 1829 15.
714 1796 791 1826 τινὶ
817 1793 896 1826 add.
943 1795 980 1826 R.
1065 1805 1116 1837 17.
1157 1792 1206 1837 τῷ
1229 1794 1290 1833 Rs,
1318 1795 1385 1826 τοῦ
1414 1794 1506 1838 vulg.
1576 1795 1642 1827 Βι-

314 1840 491 1873 ταλιανοῦ
514 1845 550 1872 et
568 1838 776 1883 Βαλεριανῷ
798 1838 835 1871 R.
849 1863 859 1879 ,
894 1839 1094 1872 Βιταλινοῦ
1121 1844 1157 1872 et
1182 1839 1366 1884 Βαλερινςὸ
1389 1839 1480 1882 vulg.
1589 1850 1640 1882 ¹9·

314 1878 383 1923 ξὺν
407 1886 455 1928 τῷ
480 1886 538 1925 Β.,
563 1877 631 1922 ξὺν
654 1885 716 1916 καὶ
739 1885 787 1927 τῷ
810 1885 903 1928 vulg.
1006 1897 1060 1918 21.
1085 1882 1223 1928 οἷνέχει.
1249 1884 1307 1916 Sic
1329 1884 1420 1928 vulg.
1448 1889 1484 1916 ct
1509 1885 1641 1928 Intpr„

315 1929 436 1965 οἷνέλει
459 1931 497 1964 R.
523 1930 617 1963 etin
643 1940 709 1973 mg.
733 1927 931 1963 ἀνέλκεται.
1025 1930 1070 1962 ix.
1096 1940 1177 1962 ποτ.
1204 1931 1263 1970 R.‚
1288 1940 1354 1962 om.
1378 1929 1538 1962 articulo.

226 2008 396 2052 oppidum
411 2011 583 2053 impetum
606 2009 703 2047 facit,
724 2007 873 2052 perinde
899 2018 938 2040 ac
962 2008 1100 2041 iamiam
1125 2013 1238 2041 totum
1264 2007 1483 2052 direpturus3
1515 2005 1642 2040 Gothis

224 2065 306 2086 vero
335 2061 376 2087 ea
404 2066 447 2087 ex
471 2060 571 2099 parte
601 2055 817 2098 conglobatis
847 2054 1080 2099 omnibusque
1101 2054 1236 2086 viribus
1274 2065 1411 2086 murum
1435 2053 1641 2092 tuentibus,

226 2099 430 2143 repellitur,
459 2111 576 2145 neque
606 2101 794 2144 quicquam
813 2109 939 2142 operae
959 2100 1065 2144 pretii
1086 2100 1212 2132 effecit.

315 2148 374 2181 11.
400 2146 491 2178 Tum
502 2146 639 2185 Narses,
653 2156 731 2178 cum
739 2155 856 2190 neque
865 2141 961 2178 bello
973 2156 1088 2190 neque
1100 2146 1134 2177 vi
1145 2145 1218 2177 ulla
1230 2142 1398 2187 oppidum
1410 2143 1487 2186 capi
1511 2146 1641 2188 posset,

230 2192 353 2223 statuit
363 2203 435 2223 non
446 2191 649 2223 universum
659 2191 850 2222 exercitum
862 2191 899 2221 in
918 2191 1095 2223 laboriosa
1106 2189 1171 2223 hac
1184 2189 1370 2222 obsidione
1389 2188 1559 2227 detinere,
1580 2186 1643 2220 sed

231 2237 448 2269 Florentiam
471 2241 507 2269 ct
527 2236 783 2268 Centumcellas
808 2241 843 2267 et
865 2235 933 2268 alia
956 2235 1128 2281 quaedam
1150 2235 1299 2268 Tusciae
1319 2234 1450 2279 oppida
1471 2233 1590 2266 statim
1605 2242 1642 2265 se

230 2281 433 2320 transferre,
456 2281 632 2326 rebusque
650 2281 812 2313 omnibus
824 2280 876 2312 ibi
894 2281 1093 2314 constitutis
1106 2280 1260 2313 hostium
1272 2279 1460 2312 adventum
1480 2284 1643 2311 anteven-

231 2332 320 2362 tere.
349 2326 588 2359 Nuntiabatur
599 2326 907 2358 enimLeutharim
930 2332 966 2359 et
984 2326 1180 2358 Butilinum
1200 2331 1235 2358 et
1245 2327 1459 2358 Francorum
1470 2325 1640 2358 Aleman-

231 2383 429 2416 norumque
441 2372 560 2415 copias
573 2372 665 2403 intra
676 2371 807 2404 Padum
817 2372 964 2404 venisse:
977 2382 1046 2416 qua
1061 2371 1104 2403 de
1117 2383 1219 2404 causa
1232 2376 1364 2416 quanta
1383 2371 1501 2414 potuit
1511 2368 1640 2401 celeri—

232 2422 329 2457 tate,
356 2417 541 2449 maximam
565 2417 736 2449 exercitus
759 2421 894 2460 partem
919 2428 960 2449 eo
993 2415 1171 2450 ductabat.
1220 2417 1307 2449 Cum
1341 2426 1423 2448 vero
1448 2411 1640 2447 Philimuth

235 2463 459 2507 sequentium
487 2473 524 2495 se
551 2462 736 2494 Erulorum
773 2461 844 2494 dux
872 2462 992 2507 paucis
1022 2466 1103 2494 ante
1138 2461 1263 2494 diebus
1300 2460 1423 2494 morbo
1455 2463 1636 2502 correptus

236 2507 398 2548 obiisset,
431 2518 472 2540 ac
495 2517 637 2539 necesse
670 2512 781 2547 esset,
813 2512 854 2539 ut
887 2507 1030 2551 proprio
1064 2507 1168 2539 alicui
1195 2518 1278 2539 suae
1306 2517 1350 2539 ue
1373 2504 1527 2537 nationis
1558 2503 1642 2535 duci

239 2553 442 2594 subessent;
466 2563 545 2585 cum
563 2552 739 2584 Fulearim
764 2553 882 2585 statim
901 2553 986 2596 ipsis
1014 2552 1248 2585 contribulem
1265 2553 1290 2584 P
1317 2549 1451 2583 anithei
1474 2553 1641 2593 nepotem

264 2599 474 2638 raefecisset‚
498 2597 601 2630 iussit
617 2603 657 2630 ut
679 2609 750 2629 una
766 2609 842 2630 cum
860 2599 990 2631 Ioanne
1007 2597 1178 2631 Vitaliani
1200 2598 1293 2637 filio,
1320 2601 1356 2628 et
1372 2599 1553 2640 praeterea
1568 2592 1641 2626 va-

236 2609 373 2675 l'eriano
387 2648 422 2675 et
442 2642 629 2682 Artabane,
654 2642 803 2688 aliisque
818 2643 1003 2688 praefectis
1027 2648 1063 2675 et
1089 2643 1253 2682 ducibus,
1278 2651 1427 2687 cumque
1451 2639 1583 2672 maiore
1598 2640 1642 2670 ‘et

238 2688 455 2721 validissima
485 2689 657 2723 exercitus
684 2694 805 2733 parte,
845 2688 987 2734 Alpium
1011 2688 1115 2733 iugo,
1151 2687 1249 2733 quod
1281 2687 1372 2720 inter
1408 2686 1574 2722 Tusciam
1604 2688 1641 2718 et
