1722 3146
139 303 232 353 DE
274 303 431 354 vrrA
488 301 847 359 AGATHLOE,
906 301 1189 364 EIUSQUE
1243 302 1443 353 Llssms

557 406 1022 469 HISTORIARUM.

183 531 385 588 Agathias
410 536 529 571 natus
548 536 611 571 est
633 530 823 585 Myrinae
843 532 883 582 ¹)
912 530 954 569 in
971 530 1148 570 Aeolide
1167 531 1311 572 Asiae:
1332 533 1373 584 2)
1395 540 1511 587 patre

12 592 15 595 ⁵
74 599 347 650 Memnonio,
380 597 552 639 rhetore
586 597 652 647 3),
693 602 824 637 matre
856 596 1075 647 Periclea,
1115 602 1306 636 matrona
1340 588 1511 640 sanctis·

73 667 203 717 sima,
239 678 367 720 quam
396 662 576 704 triennis
609 662 746 703 amisit
767 663 824 714 ¹¹).
880 664 994 702 Haec
1023 676 1155 716 quum
1187 670 1351 702 mortua
1375 679 1423 703 ac
1445 679 1514 705 se·-

73 732 190 787 pulta
226 731 281 771 sit
314 729 710 782 Constantinopoli,
757 728 963 769 credibile
1005 733 1068 768 est
1100 733 1261 780 patrem
1297 742 1386 768 sese
1409 729 1513 769 illuc

72 797 118 837 in
145 797 294 837 urbem
320 795 479 850 regiam
505 794 760 845 contulisse,
793 794 846 834 ad
876 809 1001 848 quam
1037 794 1228 846 undique
1257 808 1309 833 ex
1336 794 1513 847 provin-

72 863 149 904 ciis
185 860 327 917 graeci
360 860 566 901 sermonis
603 859 878 900 confluebant
902 859 978 913 qui
1010 859 1228 899 doctrinae
1254 859 1514 913 ingenioque

72 928 350 975 confiderent.
403 927 592 966 Fratrem
612 924 761 964 habuit
782 926 921 965 virum
942 924 1210 976 honoratum,
1238 925 1357 965 cuius
1373 931 1513 964 tamen

57 986 228 1035 'nomen
253 992 492 1047 ignoramus
514 992 577 1042 ⁵):
616 1004 805 1031 sororem
827 990 1085 1044 Eugeniam‚
1118 990 1284 1030 doctam
1309 990 1512 1045 puellam,

71 1058 256 1108 discordi
279 1057 551 1098 matrimonio
582 1071 678 1096 cum
699 1056 922 1096 Theodoto
950 1057 1134 1110 quodam
1160 1056 1432 1096 coniunctam
1453 1054 1512 1106 ⁶).

70 1123 309 1180 Agathiam,
337 1123 571 1178 penultima
592 1123 753 1179 syllaba
772 1129 980 1176 correpta,
1011 1137 1088 1162 nos
1108 1136 1328 1169 vocamus;
1359 1122 1514 1162 Graeci

69 1191 186 1231 idem
215 1203 399 1241 nomen,
439 1203 518 1245 pro
551 1195 752 1230 accentus
781 1188 974 1239 ratione,
1010 1188 1232 1243 Agathiam
1262 1189 1510 1243 proferunt:

71 1257 201 1311 idque
231 1270 330 1296 eum
360 1255 521 1310 ipsum,
563 1261 812 1310 ceterosque
840 1254 956 1295 illius
982 1256 1072 1294 aevi
1096 1254 1305 1306 homines,
1339 1253 1509 1304 fecisse,

69 1323 129 1363 ita
154 1326 208 1360 'ut
236 1320 474 1376 penultima
509 1321 632 1374 longa
663 1327 910 1371 uterentur,
953 1334 1006 1360 ex
1035 1320 1165 1375 ipsius
1201 1320 1512 1375 epigrammatis

70 1392 244 1443 apparet
267 1388 319 1439 7).
373 1386 624 1440 Disciplinis
656 1386 920 1437 litterarum,
963 1400 1090 1440 quas,
1120 1386 1193 1440 qui
1222 1385 1389 1426 liberali
1419 1385 1515 1425 ani-

69 1466 140 1492 mo
161 1457 316 1503 essent,
347 1451 638 1506 percipiebant
671 1457 899 1505 antequam
923 1466 967 1492 se
992 1452 1045 1491 ad
1075 1453 1217 1505 legum
1231 1452 1514 1491 Romanarum

65 1517 254 1559 studium
277 1523 590 1568 converterent,
619 1516 906 1558 Alexandriae
923 1517 1105 1558 studuit:
1137 1517 1251 1557 uude
1270 1530 1381 1555 anno
1399 1516 1510 1567 554„

68 1581 293 1624 Iustiniani
321 1581 527 1636 vigesimo
554 1589 726 1634 octavo,
756 1589 853 1638 post
876 1582 1128 1624 horribilem
1157 1588 1294 1624 terrae
1323 1588 1509 1632 motum,

118 1684 328 1765 'ligii‘lffnm'
340 1682 450 1765 {³⁵3}
459 1682 1155 1764 ¹}i181'23212‘32‘135331'1{Zyssssiicuiilssfioe‘²‘
1173 1683 1510 1775 ijciiffiffi'siafissss

303 1755 313 1772 ‚
1070 1755 1078 1764 .

157 1783 304 1812 vocatur
323 1777 362 1810 in
411 1775 598 1822 uthologia
619 1777 788 1810 Palatina.
897 1778 935 1820 3)
959 1778 1118 1810 Prooem.
1142 1777 1166 1809 l.
1196 1788 1223 1810 c.
1252 1795 1291 1802 —
1320 1777 1509 1820 Epigram-

158 1835 217 1858 ma
247 1822 435 1857 Michaelii
469 1824 565 1857 inter
593 1825 809 1858 testimonia.
904 1823 942 1868 4)
965 1824 1085 1868 Epigr.
1113 1823 1166 1867 43.
1263 1823 1299 1869 5)
1327 1823 1370 1856 Εἰ
1400 1822 1508 1855 simul

160 1882 242 1904 cum
279 1875 380 1916 patre
412 1874 520 1916 atque
558 1869 711 1914 Agathia
749 1870 858 1903 fratre
887 1875 1040 1904 statuam
1074 1876 1275 1915 posuerunt
1303 1870 1507 1914 Myrinaei:

158 1918 280 1963 Epigr.
310 1915 507 1950 Michaelii.
601 1917 639 1962 6)
667 1917 783 1962 Epigr.
813 1919 868 1951 53.
896 1917 950 1960 54.
1047 1917 1083 1961 7)
1108 1918 1225 1962 Epigr.
1251 1918 1308 1952 36.

161 2007 188 2044 B
219 2007 227 2018 ι
251 1963 485 2009 Δαφνιακῶν
503 1962 641 2007 βίβλων
659 1961 850 2010 ’Λγαθίου
874 1961 1003 2000 {vratis-
1027 1965 1108 2009 εἰμι
1124 1983 1170 1989 --

217 2020 228 2042 ι
253 2022 279 2044 r.
329 2022 358 2044 2.

190 2019 214 2056 p
232 2022 367 2091 ΒἈλῖλοὶ
393 2055 516 2103 πατήρ
542 2065 592 2103 με
610 2055 749 2097 πόληος
765 2054 968 2096 ἐναλλάξας
989 2055 1182 2099 ’Λγαθίας
1203 2072 1238 2080 -σ

157 2102 265 2137 Haud
291 2104 396 2137 aliter
422 2105 461 2137 in
485 2104 590 2138 Latio
613 2103 827 2138 Prudentius
850 2102 1122 2150 Asclepiadem,
1155 2103 1325 2136 Sidonius
1350 2102 1506 2148 Euripi-

159 2148 251 2191 dem,
266 2151 464 2195 penultima
474 2150 649 2196 producta
660 2156 877 2196 posuerunt:
898 2149 969 2191 hic,
984 2162 1088 2184 carm.
1102 2150 1161 2183 IX.
1174 2151 1250 2184 231.
1278 2150 1506 2185 orchestram

160 2198 283 2243 quatit
303 2198 401 2231 alter·
421 2196 644 2243 Euripides,
688 2197 752 2230 ille
777 2197 972 2241 Peristeph.
1007 2198 1048 2231 X.
1083 2196 1139 2240 42.
1186 2195 1420 2242 Asclepiades
1449 2199 1507 2232 ire

160 2241 311 2277 mandat
335 2244 485 2278 milites:
508 2244 551 2276 ef.
572 2243 663 2278 ibid.
695 2245 766 2278 108.
789 2245 866 2288 39²-
885 2244 963 2287 548,
991 2245 1070 2288 687.
1089 2255 1167 2288 92¹·
1218 2244 1365 2277 Scilicet
1385 2244 1507 2277 cuncti

162 2289 231 2323 ista
255 2291 306 2323 ita
327 2290 582 2335 proferebant,
620 2296 658 2324 at
682 2291 936 2331 Antiochiam,
969 2289 1257 2330 Alexandriam,
1300 2291 1503 2329 Basiliam,

162 2336 286 2370 eadem
303 2337 442 2380 syllaba
468 2341 642 2382 correpta.
689 2337 807 2382 Atque
825 2338 864 2370 in
879 2338 1083 2371 universum
1099 2337 1295 2370 tenendum
1312 2343 1376 2377 est,
1402 2348 1504 2381 grae-

164 2393 204 2416 ca
227 2382 488 2427 pronuntiandi
512 2385 708 2424 rationem,
739 2395 847 2428 quam
868 2385 1038 2429 permulti
1066 2386 1161 2417 inter
1186 2389 1360 2418 nostrates
1382 2383 1503 2416 medio

159 2429 260 2475 quod
288 2435 414 2464 vocant
444 2441 530 2463 aevo
564 2430 688 2464 adulto
726 2435 839 2463 ortam
864 2441 940 2464 esse
970 2429 1217 2470 contendunt,
1254 2441 1346 2476 quae
1369 2434 1504 2469 tamen,

159 2480 203 2509 ut
222 2487 266 2508 ex
284 2475 526 2510 voluminibus
545 2476 740 2511 chartaceis
760 2482 797 2510 et
823 2477 1120 2523 inscriptionibus
1145 2476 1252 2521 pictis
1275 2481 1427 2517 constat,
1462 2476 1504 2508 in

160 2522 322 2567 Aegypto
345 2522 411 2555 sub
425 2523 635 2557 Caesaribus
653 2529 800 2568 recepta
819 2529 907 2564 erat,
932 2530 1101 2570 regnante
1116 2524 1315 2557 Iustiniano
1338 2533 1412 2555 non
1433 2521 1504 2555 ali-

157 2572 216 2603 ter
239 2579 348 2614 quam
376 2568 442 2602 sub
468 2570 686 2615 Palaeologis
717 2569 1034 2616 Constantinopoli
1069 2570 1280 2604 obtinuisse.
1330 2568 1406 2601 Hoc
1438 2568 1503 2614 qui

161 2613 386 2661 perspexerit
405 2614 510 2649 facile
539 2617 718 2661 intelliget
746 2616 930 2662 Agathiam
970 2622 1133 2651 nostrum
1164 2611 1364 2661 Χερωνεὺς
1387 2614 1502 2659 prima

163 2667 325 2706 correpta
338 2661 530 2706 protulisse
542 2687 552 2703 ‚
578 2663 909 2710 repudiandamque
932 2675 1008 2698 esse
1026 2664 1266 2697 coniecturam
1281 2671 1370 2706 quae
1389 2661 1497 2707 epigr.

162 2719 241 2747 ιοο.
264 2709 406 2751 στῆσαν
430 2710 632 2754 Χαιρωγεῦ
650 2720 714 2754 pro
737 2709 919 2753 στήσαντο
946 2711 1124 2757 Χερωνεῦ
1137 2709 1245 2744 scribi
1265 2708 1377 2743 iubet.
