1794 3112
593 115 968 162 mSTomARUM
1005 120 1058 161 11.
1084 123 1150 165 12.
1531 97 1607 171 89

169 217 474 277 νηταήῆγοῦντο
506 219 558 262 τά
597 216 718 263 ὅπλα.
773 217 795 261 ὅ
826 221 872 262 δὲ
897 218 1208 277 στρατηγὸςήτὰ
1233 217 1650 272 εἶκόταδιεγὴΨω-Α.
1671 225 1792 260 (3.5ὄὸ

171 302 286 339 σκεν,
313 285 372 334 ὥς
401 281 483 341 ἄρα
510 285 584 327 καί
604 283 733 336 αὖθις
760 283 930 340 πόλεμοι
948 284 1111 327 ἔσονται
1138 286 1392 341 Φραγγικοί,
1419 284 1492 324 καί
1515 282 1604 323 ἐδε-
1616 274 1640 306 Ῑ·
1656 273 1680 304 Ῑ·
1699 283 1742 317 27

171 349 272 403 δίεί,
308 349 367 404 μή
390 366 490 392 ποτε
523 351 561 393 οἱ
592 350 801 405 εΡωμαῖόι
831 353 874 400 ἐς
902 349 949 393 τὸ
977 349 1247 406 ἁβροδίαιτον
1285 348 1530 405 τραπέντες,
1556 344 1622 401 τὰ,

170 415 414 470 φρονήματα
445 418 733 473 διαφθαρεῖεν·
773 413 860 459 εἶτα
897 417 937 458 εἰ
964 415 1231 472 παρατάξεως
1253 416 1423 456 ἐπέλθοι
1450 410 1608 468 καιρὸς,
1637 415 1641 418 ⁴

142 477 212 520 5οἷ
235 480 295 532 δὲ,
315 475 420 537 ὄκνῳ
450 480 647 535 εἴκοντες,
677 479 1008 537 ἇπαγορεύσαιεν
1036 486 1121 529 τοῖς
1152 478 1370 528 κινδύνοις.
1407 477 1480 519 καί
1511 477 1613 526 ἴσως

163 540 218 587 ἂν
239 545 290 586 οὕ
310 547 445 604 πολλῷ
459 544 635 604 ὕστερον
650 550 723 589 καί
747 546 843 589 τόδε
865 549 1024 602 ξυνέβη,
1053 547 1093 587 εἰ
1112 544 1171 600 μὴ
1194 547 1350 587 θᾶττον
1372 546 1460 586 δεῖν
1483 540 1638 602 ᾠήθη-Β

165 612 518 664 ξυγκαλεσάμενος
551 610 605 653 τοὶ
636 613 959 669 στρατεύματα,
1008 610 1082 652 καί
1109 611 1354 666 παραίνεσιν
1384 606 1655 664 προσάγωνν.
1670 614 1714 648 35

162 674 339 731 ἀρίστην
368 678 412 726 ἒς
442 676 490 718 τὸ
522 677 695 735 σῶφρόν
726 694 781 719 τε
804 680 877 720 καί
900 674 1086 733 ἀνδρεῖον
1107 674 1186 724 τάς
1207 674 1376 730 γνώμας
1402 672 1610 728 μετάγειν,

162 741 235 781 καί
254 740 568 795 ὖποτὲμνεσθαι
589 742 637 784 τὸ
665 741 925 799 ὑπερβάλλον
955 743 1030 797 τῆς
1062 739 1363 796 μεγαλαυχίας.
1409 735 1519 780 οὕτω
1558 737 1608 793 δὴ

121 800 250 846 ιοοῦν
273 805 468 849 ἁπάντων
482 810 861 863 συνηθροισμένων,
878 805 1101 863 παρελθών
1114 808 1157 854 ἐς
1167 806 1294 859 μέσον
1315 803 1448 855 ἔλεξεν
1462 802 1613 845 τοιάδε.

281 871 355 923 ιβ’.
408 904 436 925 ,,
454 871 560 922 Τοὺς
587 874 667 925 μὲν
698 871 852 928 ἀθρόον
883 871 956 913 καί
986 872 1034 914 οὗ
1060 870 1191 913 πάλαι
1222 868 1391 924 συμβὰν
1415 865 1615 921 εὐτυχίας

171 933 282 985 τινὸς
324 934 631 991 μετασχόντας,
674 933 750 978 ofin
792 935 961 987 ἀπεικὸς
1003 933 1118 989 οἶμαι
1168 934 1275 992 πρὸς
1317 932 1615 990 ἀπειροκαλίαν

170 999 371 1052 ἐκκλῖναι,
400 1003 472 1042 καί
491 1003 550 1059 τῷ
570 998 770 1058 ἀσυνήθει
786 1003 1165 1057 καταπεπλῆχθαι,
1205 1001 1389 1054 μάλιστα
1413 998 1533 1054 ἡνίκα
1557 997 1617 1055 τῷ

171 1063 460 1124 ἀπροσδοκήτῳ
492 1065 566 1108 καί
589 1066 636 1108 τὸ
658 1069 758 1123 παρ’
784 1064 905 1117 ἀξίαν
938 1067 1084 1124 προσῇ.
1126 1066 1249 1120 ὑμεῖς
1270 1067 1341 1118 δὲ,
1379 1059 1414 1105 ὦ
1442 1059 1616 1120 ἄνδρες,

122 1130 296 1171 ιόποίαν
325 1126 377 1172 ἂν
410 1130 483 1172 καί
505 1132 787 1188 προβάλοισθε
809 1135 988 1188 σκῆψιν,
1030 1128 1083 1187 ἦν
1107 1147 1172 1182 τις
1195 1131 1309 1184 ὑμᾶς
1332 1132 1404 1185 τῆς
1435 1131 1618 1182 μεταβο-

167 1196 243 1249 λῆς
269 1196 437 1254 αἰτιῷτο
452 1214 466 1250 ,·
509 1197 684 1255 πότερον
711 1198 768 1248 ὥς
794 1200 869 1240 νῦν
897 1196 1126 1253 ἐγεύσασθε
1158 1196 1295 1252 νίκης,
1340 1192 1389 1236 οὗ
1413 1192 1615 1250 πρότερον

166 1258 383 1314 εἷωθότεςς
425 1259 514 1304 ἀλλ’
559 1262 680 1317 ὑμεῖς
707 1263 744 1306 οἱ
780 1262 969 1307 Τιάτιλοίν
1002 1279 1048 1306 τε
1074 1263 1147 1304 καί
1176 1265 1301 1304 Τεΐαν
1327 1259 1401 1302 καί
1425 1256 1536 1302 ἅπαν
1568 1255 1659 1300 τὸΟ

166 1327 208 1366 Γ
206 1325 376 1367 ουθϊκὸν
396 1325 516 1377 ἔθνος
543 1327 728 1372 ἐκποδών
759 1328 1037 1384 ποιησάμενοι·
1067 1325 1162 1370 ἀλλ’
1183 1327 1240 1376 ὡς
1261 1326 1449 1380 μείζονος
1470 1320 1499 1380 ἢ
1519 1327 1615 1366 καθ’

167 1389 278 1443 ’ὑμᾶς
298 1390 455 1442 αὐτοῦς
475 1396 678 1449 πειρᾶσθε
695 1396 770 1448 τῆς
791 1393 946 1449 τύχης,
974 1396 1046 1436 καί
1061 1399 1180 1435 ποῖον
1202 1390 1253 1434 ἂν
1275 1392 1453 1446 μέγεθος
1473 1387 1617 1432 εὐδαι-

115 1454 314 1508 ,ὸμονίας
348 1457 401 1511 τῇ
426 1459 511 1498 ταῖν
539 1456 766 1511 ζΡωμαίων
804 1457 902 1515 δόξῃ
940 1457 1280 1514 συμμετρηθείης
1319 1458 1510 1511 συγγενὲς
1534 1454 1615 1512 γὰρ

170 1520 272 1575 ἡμῖν
295 1522 369 1562 καὶ
383 1522 553 1578 πάτριον
581 1530 748 1579 κρατεῖν
778 1519 847 1565 cisa*
872 1526 956 1566 ταῖν
982 1523 1206 1577 πολεμίων.
1246 1521 1319 1564 καί
1342 1522 1480 1564 τοίνυν
1510 1538 1613 1578 κρα-

263 1610 291 1632 1.
315 1589 361 1631 τὰ
373 1598 501 1632 εἰκότα
513 1601 564 1641 R„
587 1603 663 1635 τῶν
670 1599 826 1636 εἰκότων
837 1602 929 1647 vulg.
949 1603 1037 1636 Bon.
1052 1601 1154 1635 Vulc.
1171 1602 1264 1634 coni.
1278 1597 1341 1633 διὰ
1363 1602 1439 1633 ταῖν
1449 1597 1614 1633 εἰκότων.

260 1644 293 1689 4.
322 1645 357 1677 εἰ
380 1656 449 1680 om.
471 1647 509 1679 R.
745 1660 795 1682 10.
831 1650 1003 1694 συνοιθρ.
1030 1648 1121 1693 vulg.
1250 1647 1288 1684 ἐς
1321 1648 1444 1693 μέσον
1473 1647 1535 1686 Β.,
1575 1645 1614 1682 ἐς

257 1691 399 1737 μέσους
428 1693 520 1737 vulg.
619 1694 669 1727 13.
695 1693 737 1728 ἐν
760 1695 809 1738 τῷ
833 1692 893 1726 α’σ.
923 1695 960 1726 R.
1062 1696 1113 1728 15.
1141 1694 1280 1736 σκέψιν
1306 1695 1344 1726 R.
1443 1704 1493 1737 ¹7·
1531 1691 1613 1724 Taf-

256 1737 385 1771 τιλλαν
407 1740 471 1771 καὶ
503 1739 542 1772 Τ.
563 1739 601 1772 R.
722 1741 772 1774 18.
803 1738 890 1774 καθ’
914 1739 1013 1786 ἡμᾶς
1035 1741 1072 1774 R.
1204 1751 1258 1775 αι.
1281 1738 1374 1786 ἡμῖν
1403 1740 1463 1781 Β.,
1495 1738 1606 1783 Iutpr.

258 1783 363 1818 nobis
395 1785 587 1827 innatum,
618 1783 713 1832 ὑμῖν
735 1787 832 1834 vulg.

167 1867 291 1913 gebat,
321 1879 396 1902 non
416 1869 586 1902 defutura
621 1880 713 1902 nova
752 1879 832 1902 cum
858 1869 1004 1903 Francis
1028 1868 1144 1912 bella;
1181 1873 1220 1903 et
1252 1868 1444 1903 verebatur
1476 1878 1542 1909 ne,
1579 1869 1611 1901 si

167 1915 243 1948 otio
264 1926 340 1948 sese
365 1920 403 1948 et
424 1916 595 1949 mollitiei
624 1916 735 1948 semel
750 1914 985 1956 dedidissent,
1009 1917 1206 1950 masculum
1226 1927 1351 1949 eorum
1378 1915 1488 1948 robur
1505 1925 1610 1947 ener-

170 1966 334 2005 varetur3
361 1967 419 2003 et,
457 1963 487 1995 si
512 1974 631 1995 rursus
656 1963 694 1995 iu
720 1963 834 1995 aciem
862 1962 1113 2007 prodeundum
1140 1968 1253 2003 esset,
1291 1962 1434 2007 ignavia
1457 1961 1543 1994 victi
1568 1961 1607 1994 in
1638 1984 1642 1989 ·

167 2008 316 2052 proeliis
341 2009 499 2042 animum
524 2008 799 2053 desponderent.
837 2009 883 2042 Et
908 2009 1059 2044 fortasse
1089 2021 1164 2042 non
1197 2010 1310 2042 multo
1339 2013 1422 2053 post
1452 2006 1523 2039 hoc
1548 2006 1607 2051 ip·-

167 2065 247 2086 sum
270 2056 475 2096 evenisset,
508 2055 580 2088 nisi
613 2055 804 2089 confestim
841 2057 1048 2089 convocatis
1083 2055 1250 2089 omnibus
1290 2055 1428 2098 copiis,
1471 2053 1609 2098 optima

166 2101 328 2133 oratione
353 2101 592 2135 cohortandos
618 2107 655 2134 et
688 2101 734 2134 ad
764 2104 1037 2146 temperantiam
1063 2102 1387 2145 fortitudinemque
1414 2099 1608 2134 traducen-

168 2145 232 2179 dos
247 2147 404 2190 ipsorum
417 2148 552 2181 animos
565 2148 741 2189 duxisset,
759 2149 978 2193 nimiamque
990 2148 1230 2194 arrogantiam
1254 2153 1292 2181 et
1315 2147 1522 2180 iactantiam
1547 2157 1605 2180 re-

166 2191 395 2226 tundendam.
444 2195 621 2228 Omnibus
651 2195 774 2240 itaque
813 2196 854 2228 in
884 2206 998 2227 unum
1024 2195 1257 2240 congregatis,
1282 2195 1361 2239 ipse
1384 2194 1424 2227 in
1445 2192 1606 2227 medium

165 2249 370 2283 progressus
398 2241 438 2274 in
460 2240 559 2274 hunc
582 2241 729 2274 modum
753 2241 865 2275 verba
892 2241 989 2273 fecit.

263 2295 314 2319 ια.
363 2287 466 2331 „Qui
491 2293 639 2332 repente
659 2293 697 2321 et
719 2293 862 2332 praeter
878 2292 1034 2320 veterem
1055 2297 1158 2320 suum
1181 2296 1316 2319 morem
1341 2297 1512 2331 prospere
1529 2297 1605 2320 rem

168 2335 309 2375 gerunt,
336 2330 432 2366 haud
454 2344 539 2367 sane
564 2334 831 2368 dissentaneum
856 2333 980 2373 fuerit,
1006 2334 1036 2366 si
1062 2333 1274 2366 felicitatem
1298 2343 1397 2365 suam
1418 2332 1604 2366 moderate

168 2388 244 2409 non
267 2377 402 2419 serant,
434 2384 472 2412 et
493 2381 654 2413 novitate
685 2380 855 2413 victoriae
895 2380 1054 2423 perculsi
1080 2379 1318 2419 insolescant,
1354 2379 1549 2423 praecipue
1572 2379 1604 2411 si

165 2423 236 2463 illi,
263 2423 394 2468 quibus
425 2425 612 2470 inopinata
643 2427 795 2461 victoria
824 2425 968 2466 accidit,
992 2437 1116 2470 parum
1151 2426 1260 2459 etiam
1295 2436 1338 2458 ea
1364 2425 1464 2469 digni
1491 2425 1603 2458 fuisse

165 2468 364 2502 videantur.
413 2470 460 2504 At
488 2482 569 2513 voa,
605 2484 626 2506 o
649 2474 744 2514 viri,
777 2474 866 2518 quid
904 2472 1148 2506 excusationis
1183 2473 1267 2504 estis
1298 2471 1544 2516 praetensuri,
1571 2471 1604 2504 si

167 2516 250 2561 quis
275 2525 338 2548 vos
362 2514 469 2550 huius
502 2520 709 2552 mutationis
741 2521 941 2553 animorum
971 2516 1189 2552 insimulet?
1211 2518 1340 2558 Anne,
1378 2516 1477 2562 quod
1508 2528 1605 2551 nunc

162 2563 319 2606 primum
349 2562 535 2597 victoriam
574 2565 768 2610 degustetis
786 2591 795 2606 ,
829 2565 980 2599 antehae
1014 2577 1089 2598 non
1125 2563 1282 2597 assueti?
1316 2563 1427 2607 Atqui
1463 2572 1526 2595 vos
1566 2570 1604 2599 et

164 2607 326 2641 Totilam
351 2613 388 2642 et
411 2609 537 2643 Teiam
560 2617 598 2645 et
620 2613 820 2645 universam
851 2611 1045 2647 Gothicam
1070 2612 1253 2644 nationem
1279 2608 1505 2653 profligastis.
1531 2609 1603 2644 Sed

165 2654 338 2688 maiorem
374 2667 478 2700 quam
520 2668 611 2702 quae
646 2658 684 2691 in
714 2669 774 2692 vos
799 2658 928 2692 cadere
957 2659 1052 2691 solet
1084 2658 1297 2690 felicitatem
1326 2655 1465 2699 experti
1503 2658 1598 2691 estis.

163 2700 351 2747 Quaenam
376 2712 460 2739 vero
485 2703 670 2740 felicitatis
684 2704 888 2752 magnivudo
914 2709 1036 2752 potest
1060 2705 1298 2740 Romanorum
1322 2701 1455 2748 gloriae
1472 2705 1598 2753 aequi-
