1722 3146
247 164 279 200 Χ
796 160 1100 200 PRAEFATIO.

248 259 422 301 conspirat
454 258 551 301 pauci
583 256 727 302 quidum
753 268 840 302 quos
870 264 961 291 certa
986 259 1119 291 ratione
1154 258 1366 293 coniiciendi
1398 259 1510 292 sanari
1537 270 1640 305 posse

247 325 446 370 apparebat.
502 324 585 356 Dixi
609 334 733 367 supra,
765 335 829 356 usu
854 323 1089 368 Rehdigerani
1120 323 1250 358 codicis
1289 324 1468 358 evanuisse
1501 326 1641 360 laudem

245 392 400 425 criticam
425 401 527 435 quam
551 401 593 422 ex
618 389 687 422 hoc
718 388 847 422 edendi
877 389 998 423 labore
1021 390 1202 434 percipere
1240 391 1460 435 aliquatenus
1496 392 1642 426 fortasse

244 460 455 504 potuissem:
513 457 556 491 ‹le
579 469 647 502 qua
672 468 709 490 rc
740 458 880 491 silerem
906 458 1050 492 omnino
1074 458 1145 491 nisi
1172 457 1481 502 reprehensionem
1506 469 1642 497 vererer

244 526 376 559 nullam
400 526 473 558 fere
497 535 608 557 meam
630 525 668 557 iu
692 535 734 557 eo
761 535 928 569 apparere
954 535 1108 570 operam.
1162 524 1290 558 Libere
1321 525 1437 559 dicam
1461 526 1639 571 quomodo

245 604 300 626 res
323 603 360 625 sc
383 592 509 625 habet:
543 592 648 625 modo
678 592 774 625 nuda
805 591 986 626 divinandi
1008 593 1067 633 vi,
1103 591 1209 626 modo
1233 593 1404 627 versionis
1429 591 1639 627 adminiculo

242 671 316 694 non
339 671 449 704 pauca
474 663 568 692 recte
594 660 833 700 conieceram,
863 659 1005 693 lacunas
1034 670 1176 705 quoque
1201 659 1398 704 supplendo
1433 660 1639 693 sarcieram:

242 725 286 758 de
310 726 438 770 quibus
461 737 603 759 monere
618 751 628 767 ‚
661 736 704 759 ex
732 737 802 770 quo
826 731 920 760 certa
953 738 1018 771 pro
1045 726 1256 760 coniecturis
1281 726 1524 772 suppeditavit
1545 726 1639 760 Reh-

241 793 438 836 digeranus,
461 794 535 826 sive
559 793 680 827 eadem
705 794 811 838 plane
838 795 911 827 sive
933 794 1096 835 meliora,
1122 794 1335 839 contempsi.
1355 793 1556 827 Laudemne
1579 804 1638 826 ca-

239 863 374 903 ptarcm
395 871 452 892 me
474 861 550 903 ipso
574 860 659 893 facti
681 859 798 893 teste?
850 860 941 893 Tum
961 870 1043 894 vcro
1057 885 1067 901 ,
1099 864 1138 894 ut
1160 859 1200 893 id
1223 859 1348 894 saltem
1369 864 1434 905 pro
1459 859 1528 895 viri
1550 858 1639 894 boni

239 924 359 958 indole
387 926 463 958 fieri
493 932 632 970 posset,
666 937 708 959 ea
742 937 883 971 quoque
917 926 1107 960 indicanda
1137 926 1290 961 fuissent
1321 926 1384 960 ubi
1416 938 1474 960 me
1505 938 1637 961 errasse

239 991 451 1035 apparebat:
479 997 667 1038 utrumque
690 993 767 1025 sine
789 992 862 1025 ullo
888 993 1085 1026 litterarum
1110 993 1238 1026 fructu.
1273 993 1351 1027 Alia
1368 994 1458 1028 ratio
1483 994 1522 1027 in
1544 1005 1639 1028 com-

243 1058 478 1091 memorandis
506 1058 664 1092 classeni
687 1059 899 1092 coniecturis
925 1059 1004 1092 fuit.
1034 1059 1106 1104 Qui
1128 1060 1205 1103 ipse
1227 1071 1344 1092 mcum
1365 1059 1566 1105 exemplum
1585 1071 1641 1094 se-

244 1129 388 1157 cuturus
411 1135 447 1157 se
472 1125 646 1158 nominari
669 1125 870 1158 recusabat:
904 1130 1010 1170 atque
1043 1137 1063 1158 a
1092 1136 1148 1158 me
1172 1125 1409 1160 contendebat
1442 1131 1484 1160 ut
1517 1126 1639 1160 eadem
1690 1169 1692 1173 Ι

238 1190 316 1235 lege
347 1202 452 1236 quam
484 1191 574 1225 mihi
605 1192 818 1237 scripsissem
851 1203 889 1226 se
923 1203 1069 1238 quoque
1090 1194 1244 1227 metirer.
1305 1194 1437 1228 Verum
1462 1205 1642 1229 assensum

238 1258 368 1291 extorsi
397 1258 604 1292 auctoritate
635 1270 712 1291 mea
737 1259 857 1292 iuveni
881 1259 1048 1302 pudenti:
1084 1265 1126 1293 ut
1144 1260 1246 1292 illum
1269 1264 1306 1293 et
1331 1260 1521 1306 philologis
1544 1272 1640 1295 com-

238 1326 440 1359 mendarem
474 1331 511 1360 ct
533 1326 617 1360 viris
638 1326 834 1360 illustribus
867 1328 929 1371 qui
954 1337 1026 1359 rem
1050 1326 1230 1371 publicam
1254 1327 1551 1372 Hamburgensem
1586 1333 1642 1361 te·

238 1397 333 1426 nent.
358 1392 571 1437 Argumenta
589 1391 761 1426 librorum
781 1393 1000 1437 conscripsit,
1026 1392 1234 1438 iudicesque
1258 1394 1412 1428 confecit
1430 1394 1526 1428 idem
1541 1395 1640 1429 Clas-

237 1471 358 1500 senus,
388 1471 431 1492 ex
454 1461 583 1505 quibus
607 1461 663 1493 illi
683 1461 744 1505 qui
767 1471 821 1492 res
846 1465 883 1492 ct
904 1461 1046 1494 nomina
1072 1460 1318 1504 complectitur
1336 1471 1448 1505 pauca
1471 1461 1642 1507 quaedam

236 1526 415 1571 adscripsi.
445 1528 674 1568 Accentuum,
699 1527 1042 1574 orthographiaeque
1059 1529 1231 1562 rationem
1250 1528 1500 1562 stabiliendam
1523 1540 1641 1562 susee-

230 1594 286 1638 pit
318 1594 356 1626 in
391 1605 428 1627 se
461 1594 665 1639 Schopenus
687 1606 804 1628 meus:
842 1595 886 1629 de
919 1597 1018 1628 cuius
1049 1595 1207 1629 doctrina
1241 1601 1348 1640 atque
1376 1596 1520 1640 ingenio
1552 1607 1642 1641 quae

231 1663 399 1701 sentiam,
427 1660 492 1694 hac
510 1663 775 1706 opportunitate
799 1675 882 1695 usus
904 1663 1162 1706 praedicarem3
1187 1663 1257 1695 nisi
1276 1661 1363 1695 haec
1379 1673 1519 1706 quoque
1537 1673 1641 1707 prae-

231 1728 316 1761 fatio
349 1733 535 1772 antequam
558 1728 652 1762 liber
674 1730 713 1763 in
742 1729 926 1773 publicum
949 1731 1131 1763 emittatur
1155 1730 1200 1762 ab
1225 1740 1268 1763 eo
1290 1729 1513 1774 inspicienda
1536 1735 1640 1770 esset,

232 1794 544 1839 praevideremque
568 1799 656 1828 tunc
687 1806 767 1828 eum
790 1806 924 1828 summa
947 1806 1013 1840 ope
1035 1801 1268 1840 pugnaturum
1291 1807 1367 1830 esse
1389 1802 1430 1830 ut
1452 1797 1516 1830 illa
1537 1797 1638 1830 dele-

229 1871 313 1894 rem,
373 1861 406 1892 Is
430 1860 537 1904 igitur
557 1866 670 1895 totum
693 1863 966 1904 Byzantinorum
1000 1874 1110 1907 opus,
1144 1868 1317 1908 quatenus
1347 1865 1387 1896 in
1411 1863 1479 1897 hoc
1503 1865 1639 1908 oppido

229 1929 323 1972 typis
341 1927 567 1968 ascribetur,
582 1929 634 1961 ita
649 1928 902 1971 moderabitur,
929 1933 968 1961 ut
988 1929 1140 1973 singulas
1159 1930 1315 1974 plagulas
1339 1935 1522 1972 correctas,
1535 1936 1639 1964 ante-

230 2006 335 2040 quam
372 1994 438 2028 sub
460 1996 598 2039 prelum
621 1996 856 2030 immittantur
872 2021 881 2037 ‚
919 1996 966 2030 ad
990 2008 1134 2030 examen
1163 2003 1324 2041 revocet3
1357 1999 1460 2043 isque
1489 2003 1530 2030 ut
1554 2010 1638 2031 con·-

231 2067 324 2095 stans
350 2064 388 2095 in
413 2062 616 2096 accentibus
651 2068 687 2096 et
710 2062 959 2108 orthographia
989 2069 1145 2098 servetur
1177 2065 1266 2098 ratio
1289 2064 1435 2098 curabit.
1495 2065 1636 2098 Tenen-

230 2128 308 2162 ‹lam
335 2134 451 2161 autem
473 2129 543 2162 sibi
565 2131 751 2174 proposuit
782 2141 859 2163 eam
881 2141 970 2176 quae
994 2131 1079 2165 viris
1102 2131 1302 2175 primariis,
1326 2131 1389 2176 qui
1409 2133 1636 2165 cummaxime

233 2206 373 2240 graecos
397 2195 507 2228 libros
526 2196 654 2237 edunt,
682 2197 825 2241 placuit.
851 2197 922 2242 Ego
945 2207 1040 2238 vero,
1067 2198 1098 2231 si
1124 2198 1263 2231 arbitrii
1283 2198 1356 2231 mei
1383 2203 1484 2239 esset,
1512 2199 1636 2243 vulga·
1668 2223 1670 2225 -

233 2274 306 2297 rem
334 2263 454 2307 potius
481 2275 679 2304 servassem,
703 2275 806 2309 quam
825 2264 950 2298 Graeci
973 2265 1082 2298 hodie
1104 2270 1308 2311 sequuntur.
1333 2267 1520 2310 Perspecta
1541 2271 1637 2299 certe

233 2340 287 2362 res
304 2335 368 2370 est,
391 2328 516 2363 horum
536 2332 684 2364 maiores
702 2331 772 2364 iam
785 2331 869 2364 inde
893 2343 913 2364 a
933 2333 1071 2365 saeculo
1099 2332 1140 2366 X.
1167 2332 1285 2376 apices
1302 2333 1398 2366 inter
1415 2333 1639 2366 scribendum

234 2396 456 2440 apposuisse,
479 2397 531 2430 ita
557 2403 598 2430 ut
623 2397 878 2441 pronuntiandi
900 2398 1045 2431 modum
1065 2400 1302 2432 efformarent:
1334 2399 1455 2444 itaque
1476 2398 1541 2433 hos
1565 2399 1634 2432 sal-

235 2469 305 2497 tem
325 2464 455 2498 libros:
478 2464 631 2506 Annam,
651 2465 821 2506 Nicetam,
851 2470 1005 2499 ceteros:
1027 2466 1066 2498 in
1089 2466 1294 2499 accentibus
1317 2466 1362 2499 ad
1377 2465 1633 2499 Alexandrino-

233 2541 307 2562 rum
331 2533 635 2575 grammaticorum
658 2544 808 2566 canones
832 2543 1014 2574 revocare,
1042 2533 1131 2567 mihi
1149 2534 1293 2579 quidem
1318 2546 1391 2568 non
1409 2534 1479 2567 alia
1496 2532 1637 2566 ratione

232 2597 308 2630 fieri
333 2598 471 2632 videtur
498 2610 603 2644 quam
632 2601 661 2633 si
693 2601 731 2634 in
762 2601 905 2634 Latinos
930 2601 1078 2634 ultimae
1101 2603 1224 2635 aetatis
1254 2613 1335 2635 cum
1361 2600 1633 2646 orthographiae

232 2665 374 2698 modum
392 2667 559 2701 inducere
583 2669 736 2711 placeret
761 2680 781 2701 a
804 2680 874 2713 quo
902 2670 939 2701 in
967 2670 1088 2703 Plauto
1113 2670 1275 2705 recedere
1296 2669 1394 2704 nefas
1415 2669 1516 2702 soret
1541 2666 1633 2711 Aga·-
