1794 3112
640 444 688 490 B.
753 446 1284 495 VULCANII

368 543 848 586 DEDICATIO
913 548 1004 587 ET
1067 549 1559 592 PRAEFATIO

590 640 871 672 NOTARUM
911 641 967 673 IN
1015 641 1334 676 AGATulAm.

444 837 720 870 NOBILISS.
785 839 1252 880 AMPLISSIMOQUE
1304 843 1468 884 VIRO,

249 915 323 974 D.
364 915 660 977 IOANNI
707 918 815 976 AB
863 917 1658 996 OLDENBARNEVELT,

468 1031 992 1063 IURISCONSULTO
1037 1034 1434 1067 CLARISSIMO

338 1118 602 1151 ILLUSTRIUM
636 1117 848 1148 ORDJNUM
880 1118 1160 1149 IIOLLANDIAE
1190 1120 1243 1150 ΕΤ
1273 1121 1566 1154 WESTFRISIAE

626 1182 863 1213 ADVOCATO
899 1183 951 1212 ET
982 1186 1011 1212 A
1047 1183 1272 1214 CONSILIIS.
1609 1177 1613 1181 ¹

240 1361 363 1410 Qvon
393 1361 588 1412 Agathiae
632 1375 720 1401 meo
747 1363 1027 1414 superioribus
1067 1364 1175 1402 hisce
1214 1363 1358 1403 diebus
1388 1364 1450 1403 ad
1469 1365 1656 1404 Illustres

236 1426 491 1463 Ilollandiae
519 1435 554 1463 et
590 1425 858 1478 lVestst-isiae
894 1426 1073 1464 Ordines
1100 1427 1258 1465 aditum
1300 1430 1534 1481 aperueris,
1577 1443 1655 1468 no-

232 1492 362 1531 biliss,
391 1491 714 1543 amplissimeque
737 1492 830 1540 vir,
875 1499 1035 1529 secutus
1056 1504 1096 1529 es
1114 1492 1336 1541 ingenitam
1356 1493 1432 1532 tibi
1451 1493 1652 1547 planeque

231 1555 446 1607 propriam
477 1554 762 1604 benignitatem
789 1562 924 1603 tuam,
955 1563 991 1592 et
1015 1555 1220 1605 singulare
1240 1556 1449 1607 quoddam
1471 1558 1654 1595 iuvandi

231 1617 486 1670 ornandique
519 1617 731 1656 literarum
758 1618 935 1656 cultores
960 1619 1154 1657 studium.
1210 1618 1336 1671 Quod
1354 1632 1456 1658 vero
1485 1620 1551 1658 illi
1569 1621 1652 1674 ipsi

234 1681 410 1719 Ordines
462 1683 539 1719 hoc
574 1681 780 1734 quidquid
817 1691 875 1720 est
915 1694 1026 1719 meae
1063 1681 1221 1734 opellae
1270 1682 1425 1721 illustri
1465 1685 1648 1737 ipsorum

229 1747 385 1784 nomini
418 1746 658 1799 inscriptum
700 1744 804 1783 adeo
841 1745 1062 1798 splendido
1096 1747 1283 1798 praemio
1319 1749 1646 1800 compensarint;

218 1810 410 1863 fecerunt
448 1809 636 1863 profecto
683 1823 767 1848 rem
801 1811 1083 1862 potentissima
1097 1809 1483 1864 florentissimaque
1508 1812 1645 1866 Repu-

228 1874 333 1911 blica
366 1887 438 1911 sua
475 1873 782 1924 dignissimam,
830 1881 870 1912 et
907 1874 1008 1911 mihi
1041 1873 1286 1912 liberalitate
1324 1888 1398 1912 sua
1425 1875 1644 1928 plusquam

227 1938 334 1986 regia
359 1938 584 1976 maximum
611 1937 670 1976 ad
693 1938 768 1976 hoc
796 1936 926 1976 studii
953 1951 1079 1988 genus
1111 1939 1289 1976 alacrius
1312 1939 1640 1992 persequendum

226 1999 636 2042 calcas-addiderunt.
687 2001 808 2039 Recte
825 2013 921 2040 vero
937 2001 1199 2051 Symmachus
1217 2003 1322 2051 (Lib.
1338 2006 1371 2040 I.
1391 2002 1524 2056 Epist.
1540 2003 1638 2055 750),

225 2064 283 2102 ad
299 2066 539 2117 Hesperium
555 2079 669 2103 suum
684 2066 880 2111 scribens,
909 2065 1010 2114 Scis,
1029 2067 1176 2118 inquit,
1201 2066 1331 2105 bonas
1348 2072 1455 2105 artes
1469 2067 1630 2106 honore
1690 2098 1695 2103 .

225 2128 402 2175 nutriri,
435 2134 558 2180 atque
583 2128 664 2167 hoc
693 2129 905 2182 specimen
930 2138 1018 2167 esse
1046 2129 1233 2168 florentis
1258 2130 1529 2182 Reipublicae
1548 2159 1559 2178 ‚
1586 2136 1634 2168 ut

224 2190 538 2243 disciplinarum
578 2192 882 2245 professoribus
919 2192 1102 2245 praemia
1142 2193 1340 2246 opulenta
1379 2195 1632 2247 pendantur,

227 2255 318 2311 Quo
341 2254 505 2306 quidem
528 2256 682 2295 eximio
713 2256 911 2310 beneficio
939 2265 981 2294 ut
1012 2271 1072 2296 me
1094 2258 1176 2295 sibi
1207 2258 1250 2295 in
1279 2266 1519 2311 perpetuum
1555 2259 1631 2297 de-

223 2319 473 2356 vinxerunt:
501 2319 558 2356 ita
591 2319 690 2366 tibi,
733 2321 804 2358 vir·
847 2320 1030 2362 nobiliss.
1077 2322 1150 2374 qui
1176 2335 1329 2359 summa
1357 2321 1472 2374 apud
1498 2321 1630 2360 ordi·-

223 2395 291 2419 nes
318 2382 367 2420 ob
404 2383 596 2420 eximiam
631 2381 864 2422 doctrinam
887 2383 1234 2437 prudentiamque
1269 2393 1400 2434 tuam,
1443 2393 1482 2424 et
1502 2398 1629 2439 prae·-

221 2445 404 2491 clarazin
430 2446 636 2500 Rempubl.
659 2449 828 2493 merita,
859 2449 972 2486 vales
997 2449 1243 2487 authoritate
1270 2456 1308 2487 et
1331 2449 1489 2499 gratia,
1514 2447 1630 2500 quod

221 2518 290 2546 tua
317 2510 515 2561 imprimis
551 2510 899 2550 commendatione
935 2512 1039 2551 adeo
1081 2513 1243 2551 uberem
1274 2511 1626 2565 honorificumque.

219 2573 401 2612 laborum
430 2587 609 2612 meorum
626 2574 811 2627 fructum
834 2577 1111 2629 perceperim,
1141 2590 1262 2628 quam
1293 2577 1495 2614 maximas
1522 2586 1628 2628 pos-

218 2652 305 2675 sum.
333 2652 406 2687 ago
428 2639 585 2688 gratias
600 2668 611 2687 ,
640 2640 843 2677 relaturus
866 2640 1114 2691 aliquando,
1146 2642 1182 2677 si
1201 2642 1360 2679 occasio
1388 2647 1426 2677 et
1437 2638 1622 2691 facultas

218 2709 413 2755 suppetat.
481 2704 662 2753 Interea,
703 2704 890 2742 memoris
934 2704 1120 2756 gratique
1160 2705 1286 2742 animi
1317 2702 1443 2741 veluti
1471 2702 1618 2754 pignus
