1722 3146
351 491 402 536 B.
466 477 955 538 vU'LcANII
1011 490 1510 538 EPISTOLA.

358 811 742 844 ILLUSTRIBUS
787 809 1307 852 AMPLISSIMISQUE
1348 812 1506 844 VIRIS

560 900 1303 959 ORDINIBUS

275 1037 800 1079 HOLLANDIAE
865 1038 951 1076 ET
1014 1037 1583 1090 WESTFluslAE,

559 1132 805 1165 nomlle
853 1131 1294 1164 POTENTISSIMIS.
1344 1107 1347 1110 ⁴

230 1292 364 1359 Cum
391 1313 528 1354 variae
561 1311 643 1350 sint
666 1317 770 1350 artes
797 1324 844 1350 ac
877 1310 1104 1360 scientiae,
1146 1311 1331 1350 societati
1359 1311 1522 1365 generis
1551 1312 1631 1351 lm..

228 1383 340 1423 mani
366 1380 654 1422 conducibiles
681 1395 728 1419 ac
759 1379 1039 1430 necessariae,
1073 1379 1263 1419 Illustres
1295 1381 1633 1435 Amplissimique

229 1449 348 1497 Viri,
397 1447 614 1485 maximam
651 1445 838 1498 profecto
877 1444 1043 1483 laudem
1075 1449 1287 1482 merentur
1321 1444 1351 1481 ii
1383 1445 1455 1496 qui
1485 1446 1535 1485 ad
1565 1459 1633 1484 eas

229 1510 523 1566 perdiscendas
565 1516 606 1549 et
651 1509 704 1548 ad
738 1508 949 1562 publicam
990 1507 1213 1546 utilitatem
1263 1509 1634 1548 accommodandas

229 1590 353 1619 omne
394 1589 515 1617 suum
553 1573 738 1614 studium
770 1579 893 1625 atque
927 1586 1094 1624 operam
1134 1573 1369 1614 conferunt.
1439 1573 1635 1611 Proxima

228 1646 289 1680 est
318 1653 463 1678 eorum
498 1639 588 1677 laus
621 1651 800 1690 quorum
834 1635 951 1675 labor
984 1634 1117 1673 omnis
1155 1642 1278 1686 atque
1306 1635 1510 1675 industria
1539 1651 1635 1675 ver-

229 1709 343 1744 satur
369 1703 412 1740 in
440 1701 595 1752 linguis
615 1700 944 1752 authoribusque
968 1699 1121 1751 quibus
1144 1698 1241 1737 illae
1268 1698 1378 1751 ipsae
1407 1706 1512 1738 artes
1539 1705 1636 1738 sunt

229 1772 431 1808 tractatae
470 1765 675 1816 nobisque
706 1763 880 1803 traditae
915 1763 1159 1802 excolendis
1195 1768 1318 1815 atque
1362 1763 1634 1813 illustrandis,

231 1832 389 1885 quique
416 1829 484 1869 vel
514 1836 677 1868 vete-res
708 1828 930 1880 scriptores
964 1828 1145 1866 Graecos
1178 1841 1199 1864 e
1231 1827 1314 1865 situ
1349 1833 1390 1866 et
1423 1815 1634 1879 squallore

231 1900 388 1935 eruunt
416 1899 458 1932 et
494 1892 537 1931 in
571 1892 709 1931 lucem
742 1892 981 1944 proferunt,
1023 1891 1090 1929 vel
1114 1891 1194 1928 iam
1225 1897 1343 1929 antea
1373 1891 1527 1940 editos,
1563 1890 1632 1928 sed

231 1961 339 2004 male
369 1959 420 1999 ab
451 1957 630 1998 indoctis
657 1955 948 2008 interpretibus
975 1955 1158 2004 habitos,
1204 1955 1436 2007 refingunt,
1474 1960 1515 1993 et
1546 1954 1634 2007 pri-

232 2024 343 2064 stino
369 2036 526 2075 suoque
554 2021 681 2060 nitori
709 2019 1017 2072 integritatique
1042 2019 1275 2060 restituunt.
1325 2019 1445 2068 Quod
1466 2018 1635 2071 quidem

232 2087 417 2127 studium
446 2085 609 2125 tametsi
634 2085 686 2123 ob
713 2083 905 2137 exiguam
927 2097 1033 2136 quae
1063 2083 1163 2121 inde
1190 2082 1359 2135 affulget
1387 2082 1495 2122 lucri
1520 2095 1636 2134 spem

231 2164 462 2206 perpaucos
499 2149 624 2189 hodie
649 2149 776 2188 habet
801 2153 1025 2190 sectatores
1049 2147 1255 2199 (plerique
1289 2146 1402 2184 enim
1429 2159 1495 2185 eas
1528 2151 1635 2183 artes

233 2221 467 2267 sequuntur
503 2227 525 2258 e
557 2212 707 2265 quibus
733 2211 870 2255 facilis?
895 2217 957 2251 est
993 2211 1043 2250 ad
1073 2223 1171 2262 opes
1204 2216 1246 2249 et
1269 2210 1444 2248 honores
1476 2211 1638 2256 cursus)

232 2278 335 2317 mihi
354 2284 516 2326 tamen,
554 2277 626 2328 qui
647 2276 880 2314 studiorum
905 2274 1147 2327 dignitatem
1170 2288 1253 2312 non
1275 2272 1438 2326 privato
1462 2277 1636 2324 quaestu

232 2343 306 2382 sed
334 2342 499 2394 publica
521 2341 700 2379 utilitate
730 2339 868 2378 metiri
898 2339 1036 2388 soleo,
1080 2337 1251 2377 mirifice
1282 2351 1444 2389 semper
1466 2335 1636 2389 placuit.

232 2406 464 2447 Utilitatem
492 2418 590 2444 vero
623 2418 746 2456 quam
770 2403 853 2442 hoc
882 2402 1010 2442 studii
1034 2415 1162 2453 genus
1183 2415 1324 2440 secum
1357 2401 1484 2440 trahit
1510 2400 1635 2451 longe

232 2473 452 2510 maximam
477 2469 569 2522 quis
601 2468 771 2507 obsecro
799 2473 860 2506 est
877 2466 981 2505 adeo
1010 2466 1126 2505 rudis
1155 2471 1198 2503 ut
1219 2465 1260 2503 in
1293 2465 1466 2504 dubium
1490 2464 1636 2502 vocet?

234 2538 277 2576 si
305 2534 418 2574 enim
447 2534 529 2573 hoc
561 2533 604 2572 in
633 2533 822 2572 confesso
853 2537 915 2570 est
939 2545 990 2569 ex
1015 2536 1202 2570 veterum
1225 2532 1478 2568 Graecorum
1506 2526 1637 2564 fonti-

234 2600 310 2645 bus
342 2597 574 2638 doctrinam
607 2610 773 2636 omnem
811 2609 898 2634 esse
935 2594 1226 2639 hauriendam;
1277 2593 1373 2645 quis
1407 2604 1490 2630 non
1524 2589 1639 2628 videt

235 2662 380 2715 quanti
409 2660 570 2706 intersit
595 2666 641 2704 ut
673 2659 737 2702 illi
763 2659 840 2713 ipsi
863 2660 998 2701 sontes
1025 2658 1119 2718 puri
1150 2664 1275 2710 atque
1298 2656 1450 2702 illimes
1472 2666 1638 2698 conset-2
