1794 3112
578 136 954 185 HISTORmRUM
1001 141 1073 180 111.
1105 141 1172 183 18.
1479 139 1498 174 1
1514 140 1584 194 79

143 241 286 296 ἐπειδή
314 239 444 295 νάπης
469 238 582 289 τινὸς
616 243 767 290 λασίας
797 240 1018 297 ἕκύρησεν,
1055 237 1254 296 ὗφιζάνει
1285 255 1331 281 τε
1351 234 1488 296 ἧρέμα
1512 239 1585 281 καί
1594 247 1635 284 Α.
1653 246 1776 282 (1.555

142 305 395 350 ὗποδύεται·
425 302 535 346 οὕτω
566 322 609 347 τε
636 304 814 361 διαδρᾶς
832 306 929 356 τοὺς
951 304 1180 359 ἑπομένους
1205 304 1278 346 καί
1310 303 1582 360 προτερήσας,
1596 295 1719 340 I·I·²9

144 363 216 428 ἧκε
231 373 430 427 δρομαῖος
457 368 572 426 παρὰ
590 372 684 420 τούς
702 366 904 420 Οῧννους·
933 369 1068 427 εὑρών
1087 372 1133 412 δὲ
1157 367 1344 418 ἅπαντας
1361 368 1629 423 ἅνειμένωςῑ)

145 435 300 480 οὑτωσὶ
328 436 669 489 ἀναπαυομένους
700 435 774 478 καί
815 436 1138 493 ὖπορέγχοντας·
1168 430 1231 488 „ui
1260 433 1462 476 δείλαιοι”
1503 434 1584 491 ἔφη

116 498 323 556 5,,αύτίκα
343 500 461 554 μα’λα
485 502 752 555 ἅπολεῖσθε”,
782 502 908 558 τυρόν
927 518 969 543 τι
994 501 1204 556 ἐμβοήσας
1229 502 1304 542 καί
1323 501 1586 555 διαπρύσιον.

141 563 252 609 οὕτω
276 583 320 608 τε
339 563 492 615 αὗτοὺς
522 564 644 620 μόλις
686 564 1046 621 ἀνακαλεσάμενος
1079 567 1122 615 ἐς
1150 563 1405 621 ἐγρήγορσιν,
1435 562 1584 619 α’γγέλ-

141 637 207 676 λει
228 631 328 681 τούς
346 631 570 686 πολεμίους
593 628 690 674 ὅσον
707 627 822 674 οὔπω
841 634 1167 689 παρεσομένους.
1194 630 1232 672 οἱ
1256 632 1302 672 δὲ
1319 627 1578 688 ξδνθορύβῳ

139 697 463 751 διαναστάντες,
507 697 579 739 καὶ
607 694 797 746 τάὅπλα
822 696 1170 755 περιβαλόμενοι,
1208 693 1325 746 ἐκτὸς
1350 698 1423 737 τοῦ
1444 712 1585 749 χαρα-

143 763 329 817 κώματος
355 761 625 819 ἀπεχώρουν,
666 763 740 805 καί
775 762 1109 819 ὖπεκρύπτοντο,
1149 762 1249 818 διχῇ
1271 764 1584 818 μεμερισμένοι·

82 847 108 874 ,ι
117 831 358 874 οκατέλιπον
381 831 428 871 δὲ
442 829 517 884 τήν
539 845 584 870 τε
607 827 769 871 εἴσοδον
789 825 1046 886 ἆφύλακτον,
1073 829 1148 869 καί
1171 823 1281 868 οὕτω
1308 826 1413 868 κατὰ
1435 826 1584 882 χώραν

139 891 326 944 ἑστῶτας
347 893 446 943 τούς
475 896 522 936 ἐκ
543 896 628 937 τῶν
650 893 784 946 ξύλων
810 911 856 936 τε
875 893 948 935 καί
965 891 1227 950 ἐφεστριδων
1253 893 1587 945 ἐσκευασμένους

141 961 360 1009 οἰκίσκους.
391 958 430 1001 οἱ
464 961 511 1002 δὲ
545 963 791 1013 Διλιμνΐται
821 963 1013 1009 πλείστας
1038 961 1117 1013 μὲν
1156 955 1257 1008 ὅσας
1283 955 1501 1013 α’τραποὺς
1527 959 1582 1014 τῇ

139 1024 311 1083 ἇπειριζι
341 1026 424 1067 τῶν
459 1022 598 1068 τόπων
633 1023 1012 1082 ἆναμετρήσαντες,
1059 1024 1167 1081 πλὴν
1201 1025 1293 1066 ἀλλ’
1321 1022 1385 1066 ἔτι
1422 1021 1504 1066 ὑπὸ
1531 1021 1580 1064 τὸ

139 1091 295 1146 κνέφας
313 1091 357 1139 ἐς
377 1087 422 1132 τὸ
451 1092 535 1132 τῶν
558 1085 726 1133 Οῧννων
744 1090 1024 1147 στρατόπεδον
1048 1087 1293 1147 ἆφιγμένοι,
1323 1087 1574 1142 ἐσβάλλουσι
1586 1095 1680 1136 Ρ,9ίι

90 1153 373 1212 ιόθαῤῥαλέοι
392 1157 464 1197 ἐπὶ
484 1158 595 1213 κακῷ
620 1159 678 1213 τῷ
700 1158 904 1214 σφετέρῳ,
933 1159 1008 1199 καί
1029 1155 1128 1199 εἴσω
1157 1153 1336 1203 ἅπαντες
1359 1154 1582 1208 γίγνονται.

141 1220 320 1275 πάταγος
340 1222 387 1262 δὲ
409 1217 486 1262 οὔκ
508 1217 581 1277 ἢν,
611 1222 709 1263 οὐδὲ
735 1219 841 1277 βοή,
870 1222 928 1271 αἷς
956 1217 1008 1264 ἂν
1031 1220 1092 1277 μή
1117 1223 1267 1263 ἐκεῖνοι
1291 1219 1582 1271 ξυναίσθοιντο

141 1286 273 1340 δῆθεν
297 1286 368 1328 καί
395 1286 698 1342 ἅφυπνισθεῖεν
711 1321 724 1340 ,
765 1287 854 1330 ἀλλ’
877 1288 1071 1344 ἠρεμαῖοι
1098 1285 1151 1329 τοὶ
1179 1287 1340 1342 δόρατα
1365 1284 1407 1335 ἔς
1434 1301 1480 1326 τε
1513 1283 1590 1334 τὰς

141 1346 268 1399 εὖνάς
294 1352 366 1393 καί
385 1349 462 1400 τοὶς
479 1351 666 1405 καλύβας
691 1351 927 1407 ἠκόντιζον,
957 1353 1014 1402 ὥς
1037 1351 1134 1402 τοὺς
1152 1350 1438 1400 καθεύδοντας
1461 1346 1585 1392 ἄναι-

145 1416 337 1471 ροῧντες,
366 1410 447 1471 ἤδη
473 1432 519 1458 τε
545 1411 667 1473 ᾤοντο
698 1414 809 1459 ἅπαν
842 1415 983 1467 αὖτοῖς
1007 1417 1194 1474 ἧνύσθαι
1221 1414 1268 1458 τὸ
1302 1415 1446 1471 ἔργον,
1477 1413 1585 1457 ἀλλὰ

88 1478 239 1526 ποτότε
262 1479 301 1522 οἱ
321 1479 517 1537 Σάβειροι
541 1483 588 1524 ἐκ
618 1484 693 1537 τῆς
730 1483 903 1539 ἐνέδρας
930 1481 1192 1541 ἑκατέρωθεν
1220 1480 1488 1536 ὁρμηθέντες,
1513 1482 1585 1535 ἐσῄ-

142 1545 366 1588 πίπτουσιν
387 1546 529 1596 αὐτοῖς
542 1549 789 1599 ἐξαπιναίως
812 1550 884 1591 καί
906 1550 1194 1605 ἐπιφέρονται.
1225 1546 1263 1589 οἱ
1285 1548 1332 1587 δὲ
1349 1543 1506 1601 ἀθρόον
1525 1547 1585 1602 τῷ

143 1611 440 1670 ἀπροσδοκήτῳ
466 1614 820 1669 καταπλαγέντες,
861 1613 933 1656 καί
959 1615 1003 1664 ἐς
1024 1612 1224 1657 τοῖναντιά
1250 1615 1332 1655 τῶν
1363 1612 1583 1666 ἐλπισθέν-

233 1703 270 1740 3.
295 1703 487 1762 δρομαίως
509 1707 547 1760 Βς
582 1751 600 1763 ν
688 1706 722 1751 4.
747 1705 1079 1763 ὑπορρεέγχ.)νιι1ς.
1211 1709 1263 1741 ι6.
1293 1705 1343 1744 ὥς
1378 1703 1427 1742 ἄν
1451 1718 1519 1741 om.
1546 1708 1585 1742 R.

239 1763 289 1796 ¹9·
316 1754 480 1793 ηνυσθαι
508 1763 550 1786 το
577 1763 692 1798 εργον
716 1755 770 1795 Β.,
794 1765 835 1787 το
855 1754 932 1801 ἔργ.
957 1765 1016 1795 ην.
1039 1753 1131 1799 vulg.

140 1843 336 1889 praebeat,
367 1848 528 1889 cogunt,
565 1845 663 1890 quod
698 1844 845 1892 quidem
879 1847 1088 1880 mandatum
1122 1857 1202 1879 cum
1230 1847 1308 1892 ipse
1341 1847 1584 1881 libentissime

141 1890 331 1931 subiisset,
357 1895 394 1924 et
425 1892 495 1924 iam
521 1891 572 1924 eis
599 1893 780 1936 praeiret3
810 1897 1046 1939 posteaquam
1073 1893 1221 1926 densam
1247 1894 1430 1939 quandam
1457 1895 1584 1926 silvam

141 1937 214 1970 fuit
237 1942 384 1978 nactus,
408 1938 584 1981 paulatim
612 1950 650 1972 se
680 1939 724 1972 ab
753 1939 803 1972 eis
829 1940 968 1984 recepit
995 1945 1104 1985 atque
1143 1939 1340 1980 subduxit,
1365 1952 1406 1973 ac
1437 1940 1584 1973 tandem
1610 1966 1614 1971 ,

143 1984 317 2028 effugiens
346 1989 538 2029 sequentes
563 1991 672 2030 atque
702 1984 952 2026 antevertens,
981 1987 1091 2019 citato
1120 1997 1223 2019 cursu
1252 1986 1298 2019 ad
1331 1986 1473 2019 Sabiros
1501 1998 1586 2030 per-

142 2032 265 2073 venit3
299 2041 389 2075 quos
420 2042 502 2063 cum
537 2032 722 2065 universos
766 2033 896 2077 supine
932 2031 1151 2066 dormientes
1176 2038 1442 2079 stertentesque
1476 2044 1583 2076 repe-

144 2075 249 2108 risset
270 2101 280 2116 ‚
299 2076 330 2109 O
354 2077 495 2118 miseri,
521 2077 644 2124 inquit
664 2103 673 2119 ,
711 2079 855 2111 iamiam
893 2079 1053 2123 periistis
1071 2104 1080 2120 ‚
1109 2081 1180 2112 alta
1207 2080 1375 2124 claraque
1408 2090 1494 2113 voce
1523 2080 1584 2112 in-

144 2122 308 2156 clamans.
354 2122 541 2170 Aegi-eque
565 2124 652 2170 ipsis
672 2126 723 2158 ita
751 2126 1022 2170 expergefactis,
1042 2126 1188 2158 nuntiat
1218 2125 1359 2159 hostem
1382 2136 1401 2159 e
1430 2125 1584 2170 vestigio

142 2167 359 2202 adfuturum.
406 2170 455 2203 Hi
485 2181 569 2204 vero
602 2172 837 2205 tumultuarie
862 2183 942 2204 cum
968 2173 1207 2205 surrexissent
1237 2184 1348 2218 seque
1374 2178 1584 2212 armassent,

141 2214 238 2248 vallo
267 2221 494 2249 excesserunt.
514 2241 524 2257 ,
556 2223 593 2250 et
622 2218 792 2251 bifariam
825 2218 931 2251 divisi
963 2218 1113 2252 insidias
1144 2220 1335 2259 locarunt,
1369 2218 1507 2251 aditum
1543 2220 1584 2252 in

141 2261 278 2294 vallum
307 2268 500 2295 castrorum
527 2264 788 2298 incustoditum
815 2265 1084 2311 relinquentes,
1111 2265 1351 2311 similiterque
1384 2267 1494 2298 etiam
1519 2270 1584 2297 tu—

143 2307 245 2352 guria
268 2309 398 2352 passim
422 2319 466 2342 ex
495 2311 587 2353 palis
611 2317 648 2344 et
674 2311 832 2355 pellibus
854 2311 1027 2344 confecta.
1076 2310 1123 2344 At
1144 2312 1359 2345 Dilimnitae
1385 2312 1582 2356 quamplu-

142 2354 248 2387 rimas
276 2354 440 2399 ambages
466 2355 602 2389 viarum
627 2368 714 2400 prae
738 2358 899 2391 locorum
933 2357 1118 2402 imperitia
1146 2359 1304 2399 emensi,
1339 2357 1578 2391 nihilominus

141 2405 264 2432 tamen
284 2406 367 2433 ante
388 2400 587 2435 diluculum
626 2415 707 2436 cum
738 2402 783 2436 ad
821 2410 935 2437 castra
964 2404 1178 2443 Hunnorum
1202 2405 1468 2449 pervenissent,
1495 2415 1583 2437 con-

141 2445 298 2479 fidenter
326 2458 388 2479 suo
411 2447 570 2491 ipsorum
599 2450 694 2482 malo
727 2451 766 2483 in
792 2461 833 2483 ea
858 2451 1086 2495 irrumpunt,
1115 2451 1295 2497 simulque
1325 2462 1448 2484 omnes
1482 2451 1578 2482 intro

142 2503 181 2526 se
203 2493 408 2537 recipiunt,
433 2499 541 2539 atque
559 2495 610 2527 ita
633 2497 743 2529 tacite
767 2497 928 2542 citraque
953 2497 1067 2529 ullum
1091 2499 1282 2542 strepitum
1307 2498 1506 2542 progressi,
1532 2506 1579 2528 ne

137 2539 310 2572 videlicet
340 2538 396 2571 illi
440 2538 480 2572 id
512 2543 814 2584 persentiscerent
845 2548 954 2588 atque
983 2545 1286 2588 expergefierent,
1309 2543 1429 2576 hastas
1454 2543 1494 2574 in
1515 2552 1579 2574 eo—v

138 2596 218 2618 rum
240 2585 394 2618 latibula
428 2590 464 2618 et
488 2588 669 2631 tuguriola
699 2594 872 2634 torquent
893 2614 903 2630 ,
936 2594 1110 2634 tanquam
1137 2590 1365 2624 interfecturi
1394 2588 1579 2621 dormien-

137 2635 217 2675 ἴοις
252 2637 289 2665 et
314 2632 385 2665 iam
405 2631 585 2676 putabant
606 2644 681 2666 rem
706 2639 819 2668 totam
851 2636 940 2680 ipsis
964 2646 1042 2669 esse
1077 2638 1286 2670 confectam.
1337 2634 1456 2668 Sabiri
1481 2635 1579 2667 inte-

138 2687 202 2711 rea
224 2677 406 2724 utrimque
431 2688 476 2710 ex
501 2677 643 2712 insidiis
673 2682 915 2724 prosilientes,
939 2687 1089 2727 repente
1118 2683 1157 2715 in
1180 2694 1240 2716 eos
1270 2683 1434 2724 irruunt3
1459 2686 1496 2713 at
1520 2681 1577 2713 illi

138 2723 262 2759 subito
286 2725 353 2760 illo
379 2728 490 2770 atque
522 2725 931 2774 inexspectatoyimpetu
964 2730 1208 2770 consternati,
1246 2735 1283 2762 et
1311 2739 1374 2775 spe
1404 2727 1514 2773 plane
1538 2727 1578 2761 iu
