1832 3152
576 155 950 201 HISTORIARUM
999 157 1067 198 w.
1102 158 1168 202 25.
1314 164 1317 166 -
1469 131 1570 188 261

138 267 282 318 γένους
318 260 521 317 ἡγεμόνας
559 259 806 315 οἰκτρότατα
846 260 1127 311 καταλύοντες,
1157 257 1196 300 οἷ
1233 257 1280 298 δὲ
1318 259 1402 306 τοῖς
1433 253 1620 309 σφετέ-Α.
1640 258 1676 293 C.
1699 258 1767 296 556

138 345 229 386 ροις
252 325 374 371 παισὶ
402 323 575 380 τὴντῆς
609 324 746 380 ἀρχῆς
776 323 1056 381 προσηγορίαν
1089 320 1340 376 ἀπονέμουσι
1351 355 1363 375 ,
1400 308 1707 376 μνήμης,Ῑ·Ῑ·30

140 393 200 444 αῗς
219 391 362 444 ἔοικεν,
389 392 508 433 ἕκατι
531 391 604 432 καί
628 390 791 443 κόμπου
809 392 881 445 τῆς
904 389 975 432 ἐπὶ
996 392 1054 447 τῷ
1077 389 1259 446 τροπαίῳ
1282 387 1584 443 μεγαλαυχίας.

139 456 280 514 ἐπειδὴ
305 451 379 498 οὖν
404 454 477 498 καὶ
500 454 546 497 τὸ
576 456 659 498 τῶν
681 457 941 510 Eryco-cavean
968 453 1089 504 ἔθνος
1115 450 1371 510 Οὕαραράνῃ
1389 452 1444 509 τῷ
1459 451 1583 493 τοῦδε

113 522 272 580 &tarel
298 521 580 574 ἐδεδούλωτο,
621 518 789 571 εἰκότως
817 516 902 577 ἄρα
942 519 969 562 o‘
998 525 1096 570 παῖς
1121 517 1335 573 Σεγανσαὰ
1364 514 1583 570 ἐπωνόμα-

136 596 234 632 oio·
260 585 434 630 δύναται
471 584 552 643 γὰρ
588 587 710 628 τοῦτο
737 587 790 643 τῇ
819 585 1018 642 Ἑλλήνων
1051 586 1167 642 φωνῇ
1203 583 1464 638 Σεγεστανῶν
1502 585 1583 636 βα-

135 653 287 704 σιλεύς.

247 720 306 763 κέ.
366 720 528 762 Τούτου
568 720 616 762 δὲ
659 719 818 761 θᾶττον
863 719 1196 775 διαφθαρέντος,
1241 715 1415 772 Ναρσῆς
1453 710 1583 761 εὐθύς

136 783 210 841 τὴν
241 786 460 840 βασιλείαν
487 785 696 833 ἐνιαυτοῖς
730 785 807 838 μὲν
845 781 948 826 ἑπτὰ
961 817 974 837 ,
1016 784 1123 838 μησί
1155 783 1201 825 δὲ
1233 782 1354 823 πέντε
1389 780 1584 834 μετῆλθε.

90 853 383 906 ιοδιαδέχεται
408 851 455 892 δὲ
484 847 559 906 τῆν
583 846 721 906 ἀρχὴν
746 848 1029 906 Ὁρμισδιέτης
1054 847 1077 890 ὅ
1100 854 1224 900 παῖς,
1252 845 1325 888 καί
1342 847 1590 901 κληρονομεῖ

137 918 215 966 τοῦ
247 912 409 972 πατρὸς
437 911 486 956 οὗ
519 913 647 968 μόνον
673 915 748 957 τοῦ
769 913 972 971 κράτους,
1000 910 1107 957 ἄλλα
1137 912 1209 955 καί
1229 914 1300 967 τῆς
1322 913 1399 953 τοῦ
1418 908 1570 966 χρόνου
1585 916 1625 951 V.
1636 917 1680 961 95

137 980 400 1038 ἶσοᾷῥοπίας.
428 982 502 1023 καί
518 978 597 1036 γάρ
627 978 888 1033 θαυμάσειεν
906 974 959 1021 ἄν
981 995 1043 1029 τις
1056 1013 1069 1033 ,
1109 974 1172 1020 ὅτι
1192 976 1241 1033 δὴ
1267 976 1446 1034 ἑκατέρῳ
1468 973 1613 1018 ἔτεσίΒ

137 1062 183 1091 τε
201 1047 273 1090 καί
295 1044 401 1102 μησὶ
419 1052 506 1096 τοῖς
530 1045 674 1094 αὐτοῖς
701 1044 753 1087 ‘cci
777 1046 852 1100 τῆς
875 1041 1010 1100 ἀρχῆς
1041 1045 1345 1097 ἐπιμελέστατα
1363 1041 1582 1101 ἐμετρήθη.

137 1110 246 1154 ἀλλὰ
283 1110 434 1168 Σαβαὶρ
470 1108 579 1164 μετὰ
611 1109 782 1160 τούτους
817 1110 889 1152 ἐπὶ
925 1113 1113 1151 πλεῖστον
1151 1103 1250 1151 ὅσον
1280 1108 1353 1149 καί
1385 1104 1582 1162 μήκιστον

89 1176 289 1235 15χρόνον
323 1175 520 1220 ἀπώνατο
553 1177 624 1232 τῆς
662 1177 901 1230 βασιλείας,
938 1173 1152 1224 τοσούτοις
1191 1171 1302 1216 ἔτεσι
1350 1170 1576 1229 κρατήσας,

138 1241 306 1297 ὁπόσοις
331 1244 404 1286 καί
428 1241 585 1296 διεβάυ.
615 1239 678 1284 ἔτι
695 1239 773 1297 γὰρ
799 1239 927 1283 αὐτὸν
945 1238 1126 1295 κυούσης
1146 1240 1219 1294 τῆς
1237 1236 1421 1294 μητρὸς,
1449 1238 1474 1292 ἦ
1503 1238 1581 1290 μὲν

139 1310 230 1352 τοῦ,
247 1309 461 1363 βασιλείου
486 1309 632 1362 γένους
660 1305 839 1361 διαδοχὴ
876 1305 1014 1347 ἐκάλει
1050 1303 1156 1360 πρὸς
1180 1303 1255 1360 τὴν
1275 1301 1409 1359 ἀρχὴν
1439 1301 1488 1344 τὸ
1515 1318 1582 1343 τεῇ

139 1372 414 1429 χθησόμενον.
450 1368 503 1428 ἧν
535 1373 582 1414 δὲ
606 1371 660 1414 τοὶ
686 1374 770 1414 τῶν
803 1368 964 1414 ὠδίνων
984 1371 1204 1426 ἀμφίβολα
1227 1372 1269 1419 ἐς
1293 1368 1439 1411 ὁποίαν
1458 1366 1580 1423 γονήν

142 1436 196 1481 ἂν
217 1435 429 1493 οἷποβαῖεν.
457 1436 671 1494 τοιγάρτοι
697 1434 877 1486 ἅπαντες
902 1435 941 1478 οἱ
963 1436 1009 1479 ἐν
1031 1438 1141 1478 τέλει
1163 1429 1276 1477 ἆθλα
1299 1434 1581 1491 προῦτίθεσαν

88 1503 215 1550 noxae*
239 1505 341 1560 γέρα
360 1509 447 1554 τοῖς
466 1502 615 1557 μάγοις
637 1504 709 1545 ἐπὶ
736 1503 786 1559 τῇ
823 1499 1127 1558 προαγορεύσει
1153 1502 1234 1543 τῶν
1259 1500 1479 1553 ἐσομένων·
1510 1497 1583 1541 καί

144 1571 284 1613 τοίνυν
307 1564 406 1625 ἦγον
447 1570 491 1619 ἒς
520 1569 648 1622 μέσον
679 1567 864 1610 κύουσαν
904 1568 1027 1610 ἵππον
1043 1599 1057 1621 ,
1102 1564 1174 1608 καί
1202 1565 1259 1614 ὦς
1302 1563 1582 1620 πλησιαίτατα

233 1649 268 1693 4.
298 1648 546 1692 Σεγεστανῶν
571 1648 608 1681 R.
624 1672 635 1688 ‚
660 1645 884 1691 Σεγετανῶν
907 1647 1021 1692 vulg.,
1048 1647 1270 1692 Seganorum
1295 1645 1410 1689 Intpr.
1548 1644 1580 1678 5.

233 1691 476 1740 Σεγᾶνσακαῖ
496 1693 576 1740 (sic)
594 1695 631 1728 R.
692 1695 724 1727 6.
751 1693 862 1728 τοῦτο
893 1705 959 1726 om.
985 1695 1023 1726 R.
1093 1705 1140 1727 ιο.
1166 1691 1342 1726 Misdates
1366 1692 1475 1733 Intpr.
1531 1690 1579 1734 14.

231 1739 390 1786 Σαρὠρε
418 1741 467 1774 ita
497 1746 653 1787 uterque
677 1739 763 1774 Cod.
789 1746 827 1774 et
852 1741 963 1785 Intpr.
1012 1740 1073 1773 Sic
1096 1739 1190 1772 infra
1213 1740 1443 1772 Artaxerxes
1470 1737 1581 1768 semel

231 1788 389 1823 Anasir·
413 1786 638 1833 (Arde-schir)
664 1792 819 1820 vocatur.
869 1787 1027 1832 Apparet
1048 1785 1234 1831 Agathiam
1257 1783 1436 1818 variandis
1460 1784 1581 1815 nomi-

235 1846 323 1868 num
348 1835 471 1868 formis
509 1834 706 1868 delectari:
744 1833 873 1880 positis
898 1832 1005 1866 modo
1031 1832 1087 1866 his
1104 1858 1114 1873 ‚
1151 1843 1241 1876 quae
1277 1831 1374 1875 apud
1398 1831 1516 1863 Persas
1542 1830 1581 1863 in

211 1893 300 1915 .usu
325 1886 466 1923 essent,
500 1880 607 1915 modo
633 1881 732 1921 illis,
758 1892 846 1926 quas
873 1879 1092 1914 Graecorum
1116 1878 1338 1912 consuetudo
1364 1876 1581 1912 deflexisset.

147 1970 187 1995 re
210 1970 310 2005 agros
339 1958 438 1993 bello
463 1964 587 2004 captos
611 1959 850 2003 permittunt,
875 1957 1094 2003 primoribus
1123 1962 1263 1991 tantum
1287 1958 1401 2002 gentis
1426 1954 1579 1988 ducibus

147 2005 344 2040 miserrime
372 2005 583 2046 trucidatis,
609 2006 694 2039 filiis
728 2017 813 2039 vero
838 2006 911 2038 suis
941 2005 1162 2050 principatus
1198 2004 1480 2048 appellationem
1515 2001 1581 2035 tri-

147 2052 290 2093 buunt,
314 2053 519 2093 memoriae,
544 2057 585 2086 ut
611 2053 806 2086 verisimile
833 2057 898 2093 est,
924 2062 1028 2085 causa
1043 2076 1053 2091 ‚
1088 2056 1125 2084 et
1146 2051 1353 2095 magnificae
1378 2061 1442 2093 pro
1469 2049 1580 2094 partis

148 2099 307 2143 tropaeis
334 2098 566 2144 gloriationis.
617 2099 707 2132 Cum
734 2101 857 2144 itaque
882 2100 992 2132 etiam
1012 2098 1284 2141 Segestanorum
1309 2108 1393 2139 gens
1421 2107 1441 2127 a
1466 2096 1582 2129 Vara-

150 2156 237 2179 rane
261 2143 366 2178 huius
393 2150 492 2190 patre
518 2145 666 2180 subacta
691 2151 803 2187 esset,
834 2146 963 2178 merito
986 2144 1113 2188 utique
1141 2144 1254 2188 ipsius
1279 2143 1374 2175 filius
1403 2142 1581 2187 Segansaa

150 2196 296 2226 vocatus
330 2190 424 2232 fuit,
460 2191 559 2237 quod
585 2192 802 2227 Graecorum
833 2192 956 2236 lingua
994 2191 1169 2235 significat
1204 2190 1478 2235 Segestanorum
1506 2200 1578 2222 rex.

243 2238 298 2272 25.
346 2237 421 2271 Hoc
453 2248 536 2273 vero
582 2241 681 2273 ocius
725 2239 884 2273 extincto
900 2263 911 2279 ,
957 2237 1086 2270 Narses
1127 2238 1247 2270 statim
1285 2248 1432 2280 reguum
1474 2236 1579 2269 aunis

151 2289 312 2330 septem,
335 2284 518 2319 mensibus
557 2286 720 2332 quinque
748 2286 893 2329 tenuit3
919 2285 979 2317 cui
1002 2285 1173 2318 successit
1196 2282 1440 2316 Hormisdates
1471 2283 1579 2322 filius,

149 2331 276 2367 haeres
298 2331 438 2374 paterni
467 2343 541 2365 nou
570 2337 711 2366 tantum
738 2333 863 2378 regni,
900 2343 1023 2367 verum
1049 2331 1159 2364 etiam
1194 2331 1353 2375 aequalis
1388 2331 1426 2362 in
1462 2330 1578 2372 spatio

153 2376 336 2422 temporis.
394 2376 520 2412 Mirari
551 2380 648 2414 enim
676 2380 805 2412 merito
836 2380 1017 2425 quispiam
1050 2379 1193 2423 possit,
1231 2376 1328 2422 quod
1364 2377 1508 2421 utrique
1543 2380 1580 2408 et

153 2434 332 2458 annorum
357 2427 394 2456 et
415 2425 601 2466 mensium,
619 2425 750 2471 quibus
772 2430 973 2470 regnarunt,
1001 2435 1169 2458 numerus
1195 2423 1419 2457 exactissime
1445 2422 1491 2454 sit
1515 2433 1579 2465 ap-

153 2480 298 2516 pensus.
344 2471 427 2504 Post
448 2469 513 2504 hos
537 2471 650 2506 Sabor
674 2472 831 2517 plurimo
861 2473 1140 2517 longissimeque
1172 2476 1330 2516 tempore
1373 2480 1480 2512 regno
1513 2479 1581 2512 po-

153 2517 242 2550 titus
267 2521 334 2557 est,
357 2517 492 2563 quippe
520 2518 582 2564 qui
609 2524 664 2552 tot
692 2519 795 2552 annis
820 2519 990 2564 regnavit,
1017 2523 1107 2564 quot
1131 2523 1168 2551 et
1197 2518 1295 2550 vixit.
1344 2516 1458 2548 Matre
1485 2514 1582 2546 enim

151 2562 274 2597 adhuc
296 2564 413 2607 ipsum
441 2568 542 2597 utero
568 2570 748 2609 gestante,
773 2566 863 2610 regii
886 2566 1022 2610 generis
1059 2565 1233 2598 successio
1265 2562 1418 2597 vocabat
1451 2559 1495 2593 ad
1522 2571 1582 2593 re-

155 2621 263 2654 gnum
298 2608 396 2655 quod
428 2610 507 2653 ipsa
531 2616 624 2644 esset
660 2611 831 2656 paritura.
886 2611 1131 2645 Dubitabatur
1161 2621 1266 2651 vero,
1310 2608 1504 2642 masculum
1536 2617 1582 2639 an

157 2656 337 2689 femellam
377 2662 481 2699 partu
529 2661 622 2690 esset
667 2658 816 2691 editura.
888 2659 1062 2693 Primores
1112 2659 1236 2702 itaque
1283 2654 1383 2700 regni
1425 2653 1582 2698 praemia

157 2713 200 2737 ac
233 2701 328 2736 dona
362 2709 629 2746 proposuerunt
663 2704 792 2749 magis,
825 2708 867 2737 ut
892 2705 936 2739 dc
970 2704 1100 2738 futuris
1137 2701 1395 2748 praedicerent.
1444 2699 1580 2744 Equam

157 2749 285 2795 itaque
304 2747 482 2794 gravidam
508 2749 546 2783 in
574 2748 732 2785 medium
755 2749 938 2786 adducunt
970 2753 1041 2787 iam
1066 2750 1186 2797 partui
1212 2750 1428 2796 proximam,
1465 2745 1582 2782 iusso*
