1832 3152
253 136 360 190 270
815 131 1084 173 AGATHIAE

70 232 158 269 ΑΟ.
175 234 241 269 556
253 249 349 289 ρους
369 230 578 280 ἐνιαυτοὺς
609 232 783 283 διέμεινε
809 231 880 285 τῆς
898 232 1149 286 μοναρχικῆς
1189 229 1428 281 δυναστείας
1461 230 1651 285 ἐχόμενος

112 279 138 311 Ῑ’
152 279 176 311 1⁰
191 281 235 313 3⁰
246 296 356 352 πρὸςΔ
380 300 462 343 τοϊς
491 296 633 336 ἕνδεκα
666 299 747 343 τοῖς
781 296 1010 350 προτέροις,
1051 294 1108 343 ὥς
1133 295 1433 351 τεσσαράκοντα
1466 293 1564 351 πρὸς
1597 291 1655 351 τῷ

244 359 306 403 {vl
331 361 424 407 τοὺς
444 356 685 410 σύμπαντας
709 357 955 399 καθεστάναι
979 357 1155 407 ὅπόσους
1179 360 1223 400 ἐν
1247 359 1352 415 αὐτῇ
1372 361 1533 413 ἐπεβίω.

358 422 435 464 κθ’.
493 420 548 463 Τὸ
581 423 658 474 μὲν
685 417 759 463 οὖν
786 419 949 477 ἀκριβὲς
971 423 1050 463 τῶν
1075 424 1137 464 ἐπ’
1152 422 1263 479 αὐτῷ
1288 421 1484 479 πρότερόν
1507 439 1552 464 τε
1580 421 1654 464 καὶ

250 483 422 540 ὕστερον
453 483 767 538 συμπεσόντων,
812 481 891 540 ἤδη
924 491 1006 533 τοῖς
1035 485 1161 526 πάλαι
1202 491 1345 540 σοφοῖς
1377 489 1421 528 ἐν
1463 485 1676 542 ἱστορίαςό

214 549 562 603 Οδιεκπεπόνηται
619 549 767 605 τρόπῳ·
829 546 852 588 ὂ
885 550 930 589 δὲ
967 555 1052 597 τοῖς
1088 549 1163 600 μὲν
1202 551 1413 604 προτέροις
1449 555 1654 606 παρεῖται,

249 609 360 664 ἄξιον
395 615 440 654 δὲ
474 610 588 666 οἶμαι
620 612 830 667 γινώσκειν
861 612 932 654 καί
963 611 1310 667 ἐπισημήνασθαι,
1349 612 1472 655 καλὸν
1507 610 1558 656 ἂν
1590 612 1654 668 εἴη

248 681 500 733 προσθεῖναι.
529 677 758 730 θαυμάσειε
780 677 858 734 γὰρ
878 673 927 719 ἄν
951 694 1024 730 τις,
1055 674 1119 718 ὅτι
1140 675 1189 731 δὴ
1208 679 1294 718 κατ’
1317 678 1442 719 ἐκεῖνο
1468 672 1542 719 τοῦ
1565 693 1655 719 και-

143 743 328 803 νζ93ροῧ
351 741 463 797 παρά
494 758 537 783 τε
576 740 801 794 εΡωμαιόις
828 741 897 783 καὶ
925 744 1112 797 Πέρσαις
1143 738 1407 796 παραπλήσια
1436 735 1540 782 ἄττα
1559 756 1657 782 συν-

246 810 382 848 ελθεῖν
417 809 586 860 ξυνέβη,
636 805 770 862 ὥσπερ
797 807 1035 859 αὐτομάτως
1061 807 1104 854 ἐν
1137 804 1307 863 ἑκατέρᾳ
1339 805 1520 863 πολιτείᾳ
1554 802 1708 851 κατὰιο

249 874 332 912 τῶν
357 870 609 926 κρατούντων
639 871 824 920 ἐναντίας
851 869 958 919 τινὸς
990 872 1217 926 περιφορᾶς
1253 868 1521 924 ἐνσκηψάσης.
1565 870 1659 910 ἐλα-

243 934 395 988 χίστου
428 934 505 989 γὰρ
539 933 768 990 ἔμπροσθεν
799 935 950 990 χρόνου
985 934 1056 975 καί
1074 933 1220 988 Ζήνων
1247 931 1268 973 ὅ
1296 931 1519 986 “Ρωμαι’ων
1538 936 1659 986 βασι-

248 997 344 1047 λευς
366 994 610 1054 ὗἽσαυρος,
638 996 680 1047 ὃς
702 997 752 1052 δὴ
779 997 917 1054 πρώην
935 991 1337 1054 Ταρασισκωὸῗσαιος
1361 995 1657 1050 ἐπωνομάζετο,

252 1061 335 1105 ὑπὸ
367 1059 499 1105 Ἰλλοῦ
535 1079 578 1104 τε
617 1063 687 1104 καί
729 1063 980 1104 Βασιλίσκου
1018 1061 1089 1103 καί
1122 1061 1313 1110 Κόνωνος
1343 1059 1660 1115 ἐπιβουλευθεὶς,

247 1126 518 1182 συνεργούσης
542 1129 585 1174 ἐς
611 1125 662 1167 τὰ
682 1125 860 1179 μάλιστα
881 1126 951 1168 καί
970 1126 1162 1182 Βηρίνης,
1191 1126 1416 1168 ἐκπέπτωκε
1440 1128 1512 1180 τῆς
1529 1126 1711 1181 ἀρχῆς-,5

213 1192 326 1233 1)καί
356 1191 608 1244 ἐξελήλαται,
651 1190 721 1231 καὶ
747 1189 866 1242 μόλις
900 1192 943 1239 ἐς
969 1190 1042 1244 τὴν
1087 1190 1298 1245 Ἰσαυριάν
1323 1187 1529 1244 οἷπεσώθη·
1557 1181 1660 1243 πλὴν

247 1255 338 1296 ἄλλ’
378 1255 576 1308 ἐπανῆκεν
599 1249 724 1303 αὖθις
747 1256 788 1302 ἐς
808 1253 859 1294 τιὶ
887 1255 1098 1307 βασίλεια,
1137 1253 1207 1294 καί
1226 1254 1472 1296 Βασιλίσκον
1497 1252 1570 1295 τὸν
1587 1269 1662 1294 τυ-

245 1318 499 1373 ραννήσαντα
523 1318 571 1358 οὕ
592 1319 712 1359 πλέον
738 1313 764 1371 ἢ
794 1316 902 1358 ἔτεσι
934 1315 1006 1358 δύο
1041 1315 1255 1369 καθελών,
1303 1316 1374 1358 καί
1408 1319 1481 1358 τοῦ
1500 1315 1662 1371 σχήμα-

253 1398 322 1430 τος
343 1378 590 1436 ἀφελόμενος
601 1414 613 1432 ,
654 1381 823 1422 διετέλει
843 1379 965 1422 πάλιν
985 1380 1180 1434 ἐχόμενος
1197 1381 1270 1434 τῆς
1290 1377 1420 1436 ἀρχῆς
1441 1379 1511 1421 καί
1528 1379 1661 1422 πάντα

255 1444 506 1496 διατάττων,
546 1440 619 1485 οὖκ
647 1445 716 1485 ἐπὶ
743 1448 926 1486 πλεῖστον
956 1446 1033 1496 μὲν
1057 1444 1234 1499 χρόνον,
1272 1444 1317 1485 ἐν
1341 1444 1447 1500 αὐτῇ
1472 1445 1517 1485 δὲ
1550 1440 1712 1496 ὅμωςαο

251 1505 424 1563 ἆπεβίω.
461 1512 548 1549 κατ’
575 1507 702 1549 αὐτὸν
729 1509 774 1549 δὲ
808 1509 879 1549 καί
912 1510 1059 1558 Νέπως
1093 1506 1116 1548 ὅ
1150 1508 1222 1561 τῆς
1247 1507 1442 1563 Ἑσπέρας
1470 1506 1662 1561 βασιλεὺς

339 1582 374 1616 5.
400 1580 583 1625 ἱστορίαις
607 1582 645 1614 R.
735 1592 784 1614 ιο.
810 1581 937 1623 συνέβη
961 1580 998 1612 Β.
1083 1582 1134 1615 13.
1161 1579 1287 1623 πρώτη
1311 1581 1349 1614 R.
1422 1581 1662 1626 Ταρασισκω-

344 1625 467 1662 δίσεος
491 1627 595 1671 vulg„
622 1624 784 1671 Τάρασις
814 1625 1002 1661 Κωδιαῖος
1033 1627 1071 1660 R.
1089 1649 1099 1666 ,
1141 1625 1315 1659 Tharasis
1355 1624 1508 1659 eudicus
1529 1622 1660 1670 Intpr.'‚

345 1673 663 1715 Τρασκαλλισαῖος
689 1671 782 1715 apud
816 1671 1084 1713 Theophanem.
1131 1671 1223 1704 Satis
1259 1670 1446 1715 probabile
1467 1676 1540 1711 est,
1569 1672 1659 1714 Aga—

342 1717 456 1750 thiam
481 1718 659 1761 scripsisse
689 1717 1060 1763 Ταρασισκαλισαῖος.
1166 1717 1215 1750 15.
1241 1717 1295 1752 εἰς
1324 1717 1414 1761 vulg.
1500 1717 1561 1750 ⁴8.
1592 1716 1659 1749 δύο

342 1764 394 1804 R„
419 1761 494 1796 δύω
519 1764 612 1808 vulg.

253 1840 410 1876 Cavadcs
435 1852 517 1875 vero
542 1841 654 1873 multo
680 1851 784 1885 quam
807 1845 909 1873 antea
932 1840 1112 1884 potentior
1136 1839 1270 1881 factus,
1295 1840 1381 1872 alios
1419 1839 1563 1884 triginta
1595 1850 1659 1873 an·—

253 1899 318 1921 nos
342 1888 434 1920 ultra
457 1886 622 1919 undecim
647 1886 781 1930 priores
801 1885 1062 1918 monarchicum
1086 1887 1273 1929 imperium
1297 1885 1464 1926 obtinuit,
1488 1890 1528 1918 ut
1551 1897 1660 1919 unum

258 1939 294 1967 et
315 1932 546 1979 quadraginta
573 1943 682 1964 annos
708 1942 786 1963 cum
810 1932 904 1975 regia
927 1936 1105 1974 potestate
1128 1931 1265 1964 vixerit.

347 2002 399 2033 29.
450 1988 551 2032 Quae
576 1988 694 2032 itaque
719 1997 759 2019 co
789 1991 894 2019 antea
922 1992 958 2019 et
983 1986 1208 2030 postmodum
1237 1989 1403 2030 regnante
1440 1985 1660 2026 acciderunt,

252 2040 387 2071 veteres
415 2035 470 2066 illi
502 2033 599 2066 docti
625 2033 811 2076 scriptores
846 2032 883 2063 in
916 2032 1060 2064 modum
1087 2032 1254 2064 historiae
1281 2037 1443 2064 accurato
1468 2037 1662 2076 pertracta·

253 2086 346 2114 runt.
397 2078 505 2123 Quod
543 2083 658 2111 autem
682 2089 702 2110 a
732 2077 912 2110 veteribus
941 2077 1013 2109 illis
1043 2078 1273 2120 praeteritum
1306 2082 1377 2117 est,
1414 2077 1580 2122 quodque
1605 2077 1661 2110 di-

254 2138 361 2170 gnum
381 2126 524 2169 cognitu
538 2136 577 2156 ac
596 2128 790 2156 memoratu
808 2122 1110 2162 crediderim,non
1131 2122 1190 2154 abs
1210 2134 1246 2155 re
1270 2122 1379 2154 fuerit
1404 2122 1568 2155 adiicere.
1592 2122 1662 2155 Mi-

255 2172 324 2204 rari
336 2172 431 2204 enim
458 2170 632 2215 quispiam
643 2169 764 2213 possit,
779 2167 875 2213 quod
893 2179 957 2212 per
973 2167 1011 2200 id
1029 2173 1166 2212 tempus
1191 2169 1354 2200 Romanis
1380 2173 1416 2200 et
1433 2169 1544 2200 Persis
1567 2178 1662 2200 non-

253 2217 347 2250 nulli
375 2216 508 2248 similes
537 2215 607 2247 sibi
630 2220 752 2247 mutuo
780 2225 876 2246 casus
901 2213 1113 2252 acciderint,
1140 2219 1308 2258 tanquam
1341 2218 1466 2257 sponte
1495 2214 1534 2245 in
1560 2218 1661 2246 utra-

254 2273 324 2307 que
347 2272 383 2294 re
421 2260 566 2304 publica
589 2259 763 2293 contraria
797 2259 946 2304 quadam
970 2259 1189 2291 revolutione
1212 2259 1375 2291 fortunae
1402 2258 1565 2291 adversus
1591 2259 1663 2290 Im-

253 2313 430 2353 peratores
455 2307 650 2349 ingruente.
699 2305 803 2338 Paulo
832 2305 925 2336 enim
953 2310 1034 2337 ante
1054 2304 1162 2336 etiam
1196 2305 1285 2337 Zeno
1319 2304 1380 2336 ille
1410 2305 1560 2343 Isaurus,
1589 2304 1660 2335 Ro-

253 2363 438 2386 manorum
454 2353 655 2395 Imperator,
686 2352 748 2395 qui
770 2355 875 2382 antea
898 2349 1221 2382 Tarasiscodisaeus
1244 2348 1571 2393 cognominabatur,
1601 2349 1659 2380 in·

255 2399 357 2432 sidiis
383 2398 416 2431 ei
447 2408 510 2440 per
543 2397 648 2429 Illum
673 2401 710 2428 et
737 2395 941 2428 Basiliscum
965 2400 1000 2428 et
1025 2395 1205 2428 Cononem
1239 2395 1400 2435 structis,
1427 2393 1658 2427 coadiuvante

256 2445 442 2489 praecipue
471 2442 615 2481 Berine‚
650 2442 797 2484 imperio
833 2442 966 2473 excidit
1005 2441 1208 2485 eiectusque
1243 2446 1318 2480 est,
1353 2445 1459 2485 atque
1495 2449 1594 2483 aegre
1620 2439 1660 2470 in

255 2489 426 2523 Isauriam
449 2488 562 2520 salvus
593 2487 713 2525 evasit,
744 2485 851 2519 rediit
877 2492 995 2519 tamen
1025 2498 1140 2518 rursus
1172 2486 1210 2517 in
1237 2486 1388 2530 regiam,
1422 2489 1458 2517 et
1479 2484 1659 2522 Basilisco,

256 2536 319 2579 qui
343 2545 416 2567 non
445 2532 580 2566 diutius
621 2543 726 2577 quam
751 2531 887 2564 duobus
923 2531 1023 2563 annis
1047 2531 1271 2574 tyrannidem
1305 2533 1518 2568 exercuerat,
1546 2528 1659 2560 inter—

256 2582 372 2619 fecto,
400 2578 566 2623 regioque
594 2577 724 2622 insigni
754 2577 787 2610 ei
821 2577 985 2621 adempto
1004 2602 1013 2617 ,
1046 2588 1164 2609 rursus
1199 2577 1387 2622 imperium
1417 2573 1658 2616 recuperavit,

257 2626 444 2670 omniaque
467 2623 664 2657 moderatus
703 2627 772 2663 est,
807 2634 880 2656 non
907 2623 1050 2667 quidem
1082 2623 1191 2655 multo
1220 2628 1399 2665 tempore,
1434 2629 1580 2663 regnans
1605 2622 1660 2650 ta-

258 2682 339 2704 men
366 2681 385 2703 e
414 2671 486 2707 vita
512 2669 671 2704 excessit.
716 2667 820 2703 Haud
845 2679 941 2702 secus
971 2673 1006 2702 et
1040 2667 1172 2714 Nepos,
1198 2666 1400 2701 Occidentis
1435 2665 1630 2709 Imperator
1647 2687 1659 2704 ,
