1832 3152
13 133 17 141 -
0 42 23 126 1’3211‘2
3 15 20 26 3.
3 0 22 10 a

5 156 17 179 ..¹²-

0 910 6 921 Ψ
0 861 7 865 ’
0 181 21 821 ·“;”-“-“Ἥᾞκτνεωξ.ςψ.,ι

627 94 1031 137 EP1GRAMMATA.
1320 136 1322 138 ,
1438 75 1543 147 397

268 223 866 273 BONAVENTURA
932 222 1377 270 VULCANIUS

606 322 936 364 LECTORI
985 323 1029 363 S.

103 444 211 485 Cum
240 443 404 498 aliquot
423 444 602 500 paginae
639 450 780 485 essent
812 449 1033 484 vacaturae
1052 472 1064 494 ‚
1108 443 1243 483 visum
1272 449 1335 483 est
1363 443 1540 497 paucula

100 508 303 564 Agathino
322 509 632 565 Epigrammata
650 509 793 549 latinis
811 508 997 550 versibus
1013 522 1036 547 a
1052 522 1119 548 me
1148 509 1311 548 reddita
1338 509 1539 549 adiicere.

99 574 281 630 Reliqua
301 575 443 614 omnia
475 575 628 631 partim
655 589 678 614 a
698 588 790 626 me,
813 574 972 629 xpartim
991 573 1043 613 ab
1068 572 1167 615 ,aliis
1193 573 1428 614 ver-saalias
1452 576 1541 613 for-

98 645 207 682 tasse
241 640 362 682 dabo.
422 642 590 682 Interea
632 641 738 682 haec
770 641 896 695 aequi
928 639 1116 696 bonique
1144 639 1328 680 consule
1354 646 1403 680 =et
1430 641 1538 684 vale.

801 819 858 859 34.

99 877 164 913 vir
186 882 268 911 tuus
292 877 464 912 Anchises
480 904 489 919 ,
526 881 628 912 cuius
651 879 772 912 Venus
800 880 872 912 icta
900 879 1016 913 calore

146 923 262 958 Littus
287 925 334 958 ad
358 924 507 958 Idaeum
535 936 677 959 currere
700 937 807 970 saepe
830 926 949 959 soles:

99 969 203 1004 Nunc
224 971 284 1004 vix
307 972 528 1016 temporibus
554 973 689 1006 crinem
711 972 857 1005 -invenit
883 978 925 1005 ut
947 977 1044 1005 secet
1066 977 1181 1005 atrum
1197 997 1205 1013 ,

143 1016 231 1050 Aevi
267 1016 364 1052 hunc
388 1018 575 1063 relliquias
595 1017 795 1052 floridioris
821 1017 927 1051 habe.

96 1062 144 1095 At
167 1062 233 1096 dea
257 1063 428 1110 (namque
454 1068 577 1109 potes)
599 1065 658 1097 vel
681 1064 804 1097 florem
821 1063 939 1098 -redde
966 1065 1135 1098 iuventae
1149 1087 1158 1103 ,

141 1108 214 1142 Aut
237 1109 360 1144 adama
384 1121 490 1144 canos
517 1115 559 1144 ut
579 1111 740 1146 iuvenile
766 1111 884 1144 decus.

734 1199 797 1234 Vel
819 1200 883 1232 ita.

94 1254 148 1288 En
170 1260 253 1289 tuus
280 1254 472 1296 Anchises,
509 1255 610 1288 cuius
634 1259 671 1288 te
694 1255 797 1289 littus
822 1255 867 1288 ad
891 1255 976 1288 Idae

143 1301 260 1347 Saepe
286 1302 374 1334 olim
395 1312 587 1347 properam
613 1301 743 1345 Cypria
768 1302 877 1334 traxit
900 1312 1017 1334 amor:

93 1346 164 1381 Vix
189 1346 296 1382 modo
322 1348 366 1382 de
391 1359 478 1382 cano
504 1348 644 1392 nigrum
668 1347 766 1393 hune
793 1359 873 1381 seco
896 1347 1030 1380 vertice
1057 1347 1213 1387 crinem,

177 1405 258 1427 uem
281 1394 327 1428 de
352 1405 438 1428 aevo
466 1394 646 1440 reliquum
668 1391 852 1427 floridiore
878 1393 971 1427 dico.

84 1439 134 1474 At
182 1451 223 1473 ea
249 1439 347 1486 (nam
370 1441 466 1485 potis
493 1440 544 1486 es)
569 1441 627 1476 vel
650 1452 706 1473 me
731 1440 943 1473 florentibus
968 1440 1071 1472 annis

133 1485 311 1529 Reddita,
350 1487 409 1524 vel
433 1498 562 1521 canum
584 1486 719 1520 blanda
741 1487 822 1521 fove
849 1492 889 1520 ut
913 1487 1090 1520 iuvenem.

727 1578 790 1612 Vel
812 1578 876 1611 ita.

89 1634 278 1676 Anchises,
303 1635 404 1669 cuius
429 1636 568 1669 iuvenis
592 1640 648 1676 te,
673 1634 800 1678 Cypri,
825 1635 1034 1680 frequenter

135 1682 244 1715 Iussit
269 1681 315 1715 ad
342 1681 489 1715 Idaeum
516 1693 656 1715 currere
681 1681 784 1714 littus
810 1692 925 1723 amor3

91 1727 195 1760 Nunc
217 1739 321 1772 aegre
349 1729 470 1761 inveni
495 1729 730 1773 nigricantem
757 1727 889 1760 vertice
914 1727 1048 1760 crinem
1064 1750 1077 1766 ‚

135 1774 334 1819 Relliquias
358 1775 435 1808 aevi
459 1785 566 1820 quem
590 1773 659 1807 tibi
683 1773 729 1806 do
755 1774 891 1806 viridis.

90 1819 138 1854 At
158 1830 215 1852 me
243 1822 366 1862 annis,
398 1826 503 1866 potes
527 1826 588 1861 ut,
635 1819 701 1853 dea
723 1819 833 1853 redde
856 1819 1038 1864 prioribus
1054 1841 1064 1860 ,
1097 1822 1157 1850 aut
1180 1818 1226 1850 sit

137 1865 245 1900 Grata
267 1865 358 1901 haec
378 1867 526 1900 canities
549 1871 591 1900 ut
612 1866 782 1900 iuvenilis
807 1865 933 1898 honos.

779 1943 836 1982 61.

89 2003 230 2036 Praeses
251 2001 333 2036 diva
359 2003 436 2036 fave
459 2008 607 2048 augusto
632 2008 694 2036 tua
717 2003 866 2035 numina
887 2002 1021 2046 templo

135 2049 268 2090 Troia,
305 2054 414 2094 prout
437 2049 490 2083 sas
518 2055 594 2090 est,
626 2050 656 2082 si
681 2049 775 2082 colui
799 2050 938 2081 misera.

89 2094 136 2128 At
156 2100 196 2128 tu
219 2105 278 2128 me
303 2097 452 2140 exponis
476 2096 649 2140 praedae,
673 2096 880 2141 malumque
904 2094 951 2127 ob
975 2093 1155 2127 ademtam

134 2142 236 2175 Iliaci
260 2143 352 2175 muri
379 2143 532 2186 proteris
561 2153 665 2176 omne
689 2142 806 2175 decus.

88 2187 205 2222 Morte
230 2189 315 2222 satis
338 2188 457 2222 suerat
483 2189 602 2222 lueret
624 2189 654 2222 si
676 2194 798 2233 pastor
824 2189 989 2233 iniquum

133 2234 330 2280 Iudicium;
363 2235 469 2281 culpa
493 2240 547 2269 est
567 2246 642 2270 non
664 2235 804 2280 patriae
819 2260 829 2276 ‚
863 2240 900 2268 at
923 2232 1066 2268 Paridis.

770 2312 829 2351 62.

90 2370 234 2405 Tollere
258 2370 368 2405 humo
392 2371 551 2416 lapidem
574 2371 670 2404 hunc
694 2382 739 2405 ne
763 2371 880 2405 nitere
904 2380 1036 2416 quaeso
1060 2370 1194 2409 viator,

136 2416 211 2462 Qui
237 2417 340 2451 fortis
362 2423 487 2463 pectus
509 2418 710 2451 Priamidae
731 2418 823 2450 serii.

89 2462 174 2496 Sum
197 2463 320 2498 scaber
343 2470 380 2497 et
401 2465 529 2509 niger3
561 2465 707 2497 immani
731 2464 793 2497 sed
815 2469 855 2496 ut
879 2465 1012 2507 impete
1037 2464 1145 2496 stravi

134 2509 288 2543 Hectora
302 2535 311 2551 ‚
341 2509 503 2543 divinum
527 2512 672 2544 consule
695 2510 933 2544 Maeonidem.

89 2554 192 2588 Nunc
215 2567 318 2600 aegre
343 2567 399 2590 me
423 2556 585 2590 homines
609 2557 777 2590 hodierni
804 2555 995 2601 opprobria
1022 2555 1108 2588 secli

134 2601 335 2635 Tantillum
357 2603 503 2637 valeant
526 2603 610 2636 sede
630 2614 772 2637 movere
798 2614 868 2635 sua.

88 2647 188 2693 Quin
212 2648 342 2693 aliquis
368 2651 488 2694 potius
514 2655 606 2683 terra
636 2649 699 2696 qui
724 2661 781 2683 me
805 2648 932 2682 obruat
957 2653 1058 2691 θεῖος

133 2693 345 2728 Ludibrium
369 2696 536 2731 invalidis
561 2706 643 2730 nam
667 2695 780 2742 pudet
803 2707 878 2729 esse
900 2696 993 2728 viris.
