1832 3152
290 111 395 165 252
857 125 1131 167 AGATfflAE

111 236 155 272 Δ.
171 237 208 270 C.
223 237 343 272 5561&
372 223 482 282 αὐτῷ
509 225 768 280 παραδίδωσι
796 223 872 278 την
900 224 1035 279 ἀρχὴν
1049 258 1062 277 ,
1106 226 1176 268 καί
1201 220 1327 272 αὖθις
1353 224 1396 272 ἐς
1422 222 1614 276 Κόλχους
1640 225 1706 265 ἔκ-

152 284 182 319 1·
201 284 228 319 Ῑ·
245 285 446 342 3οπἐμπει
473 296 558 338 τοῖς
585 290 732 344 ἐφεξῆς
761 286 1050 343 ἁρμοσάμενον.
1105 286 1157 344 ἦν
1183 291 1229 330 δέ
1254 305 1317 337 τις
1344 290 1388 330 ἐν
1413 290 1468 344 τῷ
1495 288 1602 342 ἄμφ’
1629 287 1707 329 αὖ-

289 352 362 395 τὸν
399 352 527 410 ὁμίλῳ
572 351 764 406 Ἰωάννης
822 346 975 404 ὄνομα,
1028 354 1168 406 Λιβυς
1195 351 1297 407 ἀνὴρ
1314 386 1326 406 ,
1365 348 1531 407 οἷφανὴς
1554 353 1630 403 μὲν
1655 349 1704 392 τοὶ

287 419 436 472 πρῶτα
455 416 529 458 καί
544 413 836 471 πενιχρότατος
847 449 859 467 ,
886 415 942 463 ὥς
963 417 1034 456 καί
1058 418 1134 457 τοῦ
1156 417 1308 472 ἀποζῇν
1331 417 1445 457 ἕνεκα
1464 418 1707 469 μισθαρνεῖν

249 478 417 536 Βὲτὲρῳ
439 497 496 538 τῳ
528 480 600 521 καὶ
625 481 873 530 ξυνέπεσθαι
896 481 979 520 τῶν
1005 478 1249 534 δορυφόρων
1279 481 1351 520 καί
1385 477 1456 526 τὰς
1480 481 1560 521 τῶν
1576 481 1730 532 ,ἕτερα-5

290 543 453 586 πόντων
480 546 640 598 στέγειν
668 543 831 596 ὀδύνας,
861 545 909 584 οὗ
925 545 1059 599 πολλῷ
1077 545 1122 584 δὲ
1139 539 1311 598 ’ὕστερον
1327 542 1397 584 ἒπί
1405 545 1510 597 μέγα
1527 543 1705 583 πλούτου

287 620 336 651 ’τε
363 608 435 650 καί
461 605 707 659 ἀλαζονείας
726 611 911 665 ἠρμένος.
960 613 1126 650 πλεῖστα
1148 605 1224 662 γὰρ
1252 603 1329 648 ὅσα
1353 607 1704 662 μηχανησάμενος,

186 683 227 718 V.
239 696 283 728 9²
297 675 369 714 καί
401 671 469 714 διὰ
491 675 679 728 ποικίλης
701 672 900 728 χωρήσας
920 672 1092 724 ἐννοίας,
1119 672 1361 726 γνωρίζεται
1387 671 1460 711 οὐκ
1486 672 1528 719 ἐς
1543 668 1707 724 μακρὰν

292 740 350 794 τῷ
375 734 596 795 Ἰουστινῳ,
621 737 808 786 κάκιστος
830 739 876 779 δὲ
899 733 955 779 ὢν
991 739 1061 778 καί
1078 735 1410 791 πανουργότατος,
1435 733 1506 776 καὶ
1528 730 1611 782 οἷος
1640 729 1708 774 οὗ-

288 804 359 845 δὲν
372 801 513 843 ὁτιοῦν
536 805 618 843 τῶν
644 802 800 844 ἀδίκων
824 817 870 842 τε
895 800 966 843 καὶ
998 800 1175 843 α’νοσίων
1206 797 1508 854 ἐγχειρημάτων
1538 798 1760 852 κέρδουςιο

285 868 399 908 ἕκατι
434 866 749 919 ἁπαναίνεσθαι,
765 866 889 922 ῥητόν
904 882 945 908 τι
960 868 1112 921 μέτρον
1129 866 1294 920 χρυσοῦ
1317 865 1430 905 αἰτεῖ
1447 860 1520 904 τόν
1536 877 1709 916 στρατη-

287 929 371 983 γὸν,
401 927 623 983 ὁμολογῶν,
651 931 690 972 εἰ
719 930 946 984 κομίσοιτο,
975 931 1089 986 αὐτῷ
1115 945 1160 970 τε
1182 930 1236 984 τῷ
1253 926 1512 983 παρασχόντι
1545 927 1589 975 ἐς
1615 922 1708 966 ὅσον

285 990 337 1035 ἂν
372 996 503 1035 ἕλοιτο
522 993 675 1048 χρόνον
708 993 759 1036 τὰ
795 994 1006 1050 ἐπιτήδεια
1037 991 1282 1050 προσφόρως
1308 994 1612 1047 ἐκποριεῖσθαι,
1640 990 1711 1030 καί

288 1059 393 1113 πρός
409 1074 454 1112 γε
474 1057 627 1100 ὁπόσον
654 1060 792 1114 παρῆν
811 1057 984 1114 θητικόν
1011 1075 1057 1100 τε
1085 1058 1156 1100 καί
1183 1060 1350 1110 δοῦλον,
1390 1055 1463 1098 καί
1483 1052 1571 1098 ὅσοι
1591 1049 1709 1096 ἄλλοι

163 1131 197 1165 P.
209 1130 274 1167 131
290 1117 444 1163 ὄπαὸοί
467 1138 513 1163 τε
547 1123 618 1163 καί
646 1122 848 1178 ὑπηρέται
883 1125 954 1164 καί
991 1121 1230 1178 δορυφόροι,
1265 1120 1368 1164 ιῖλλοὶ
1391 1119 1464 1162 καί
1483 1119 1630 1163 τούσδε
1658 1116 1758 1161 [Τι’-15

288 1201 445 1234 παντας
468 1187 542 1241 τῆς
561 1185 845 1242 προσηκούσης
864 1189 1020 1242 τροφῆς
1037 1186 1302 1239 ἐμπιπλάναι.
1351 1187 1486 1227 ταῦτα
1513 1185 1558 1225 δὲ
1574 1182 1706 1240 πράτ-

288 1267 372 1291 των
408 1251 671 1305 ἐπηγγέλλετο
705 1248 754 1291 οὕ
783 1249 911 1303 μόνον
947 1251 1180 1292 οἷποσώσειν
1213 1249 1258 1291 τὸ
1289 1249 1463 1305 χρυσίον
1495 1245 1606 1290 ἅπαν
1636 1249 1708 1288 καί

289 1315 574 1356 α’ντικαθεῖναι
599 1313 751 1356 ὁπόσον
771 1312 822 1356 ἂν
850 1314 995 1368 λάβοι,
1021 1316 1174 1363 ἐντελὲς
1209 1313 1281 1356 καὶ
1313 1313 1544 1368 ἆλώβητον,
1567 1309 1704 1366 ὥσπερ

289 1379 672 1431 ἕκδεὸανεισμένον,
698 1377 803 1421 ἀλλὰ
825 1378 902 1434 γὰρ
930 1378 1002 1420 καί
1029 1382 1164 1434 ἕτερον
1187 1380 1532 1435 προσεπιδοῦναι.
1561 1376 1634 1418 καί
1662 1378 1705 1417 ἐ-

290 1441 403 1483 δόκει
423 1445 502 1495 μὲν
521 1450 608 1492 τοῖς
631 1447 796 1492 πολλοῖς
816 1441 970 1496 κόμπος
997 1440 1103 1484 εἶναι
1121 1439 1297 1493 καίζοῖον
1323 1441 1492 1495 αἴνιγμα
1517 1442 1566 1482 τὸ
1597 1442 1761 1497 εἷρη-αο

287 1508 424 1558 μένον·
454 1504 476 1548 ὁ
513 1509 559 1551 δὲ
580 1508 819 1560 Ἰουστῐνος,
845 1506 986 1561 ,καίτοι
1005 1508 1098 1549 δέον
1132 1504 1259 1548 αὐτὸν
1298 1507 1520 1559 νεμεσῆσαι
1547 1507 1596 1561 τῇ
1635 1507 1709 1546 τοῦ

385 1627 416 1650 2.
443 1628 490 1658 ην
506 1615 550 1649 δέ
562 1627 626 1652 τις.
652 1617 749 1650 Haec
770 1615 889 1649 omnia
911 1626 1024 1660 usque
1048 1614 1092 1650 ad
1112 1608 1344 1660 ἐπιχειρητέα
1363 1625 1396 1658 p.
1421 1613 1500 1649 255.
1524 1612 1578 1646 ed.
1596 1613 1705 1648 Bonn.

377 1674 408 1696 v.
421 1665 478 1698 23.
499 1673 565 1695 om.
592 1663 703 1706 Intpr.
763 1663 799 1697 3.
820 1658 961 1718 οἷνηρόν
986 1663 1023 1697 Β.
1093 1662 1127 1696 5.
1148 1660 1255 1706 ἑτέρῳ
1267 1669 1304 1692 τε
1323 1661 1362 1692 R.
1458 1671 1506 1692 ιι.
1530 1659 1645 1704 μέρος
1667 1661 1707 1695 R,

383 1710 435 1745 13,
456 1708 567 1748 ἓληον
590 1709 624 1739 R.
700 1719 749 1753 ¹7·
776 1707 991 1740 ἄποσωσειν
1010 1708 1048 1742 Β.
1059 1711 1095 1739 ct
1108 1705 1216 1750 Lugd.
1241 1717 1267 1739 ι.
1292 1717 1352 1745 m.,
1373 1702 1586 1739 ἀποδώσειν
1616 1705 1704 1749 vulg.

387 1766 431 1788 ex
448 1765 536 1787 corr.
571 1752 682 1796 Lugd.
779 1754 831 1789 18.
862 1751 1163 1788 α’ντικαταθεῖναι
1177 1751 1266 1785 coni.
1282 1750 1335 1785 cl.
1399 1749 1489 1794 λάβῃ
1511 1750 1549 1783 R.

296 1850 426 1880 turum.
472 1844 558 1877 Erat
581 1847 699 1875 autem
724 1842 867 1887 quidam
892 1843 930 1874 in
953 1841 1056 1874 turba
1082 1841 1197 1885 ipsum
1223 1843 1404 1884 sequente,
1427 1839 1576 1872 Ioannes
1590 1841 1708 1872 nomi·

293 1903 359 1932 ne,
383 1890 488 1930 Afer,
523 1889 578 1922 vir
600 1888 770 1921 obscurus
795 1886 938 1932 quidem
958 1887 1062 1919 initio
1088 1891 1124 1918 et
1153 1886 1419 1929 pauperrimus,
1458 1884 1546 1917 adeo
1575 1890 1616 1917 ut
1651 1886 1706 1918 vi·
1740 1918 1748 1926 ,

295 1943 371 1970 ctus
395 1934 588 1982 quaerendi
605 1945 707 1966 causa
723 1933 827 1966 alteri
851 1933 1005 1977 cuipiam
1038 1931 1286 1964 mercenariam
1318 1941 1415 1962 suam
1447 1941 1589 1974 operam
1612 1931 1709 1962 loca-

295 1988 368 2021 ret,
409 1986 446 2014 et
482 1981 652 2013 satellites
690 1984 904 2018 sectaretur,
940 1983 976 2011 et
998 1978 1239 2010 ministrorum
1267 1976 1406 2008 labores
1446 1975 1600 2016 subiret,
1633 1987 1706 2008 non

294 2028 408 2060 multo
433 2031 550 2059 autem
573 2031 655 2070 post
678 2025 722 2057 ad
746 2035 895 2058 summas
920 2034 1004 2068 opes
1029 2028 1065 2056 et
1092 2022 1221 2054 fastum
1246 2021 1369 2058 clatus.
1423 2021 1706 2065 Quamplurimas

296 2074 393 2106 enim
416 2072 559 2105 technas
583 2076 851 2115 commentaque
887 2080 966 2102 cum
989 2069 1236 2113 excogitasset,
1279 2068 1473 2100 innotescit
1494 2067 1594 2100 brevi
1626 2071 1716 2112 post·

295 2123 456 2161 tempore
482 2116 640 2156 Iustino,
666 2116 900 2160 nequissimus
922 2115 1057 2159 alioqui
1082 2114 1235 2146 existens
1261 2118 1297 2145 et
1318 2114 1597 2153 versutissimus,
1621 2113 1705 2158 qui-

297 2174 369 2209 que
393 2163 530 2195 nullum
552 2162 659 2205 plane
684 2163 848 2207 iniquum
871 2158 1143 2204 improbamque
1166 2159 1297 2191 factum
1325 2164 1490 2204 quaestus
1517 2169 1619 2192 causa
1646 2169 1705 2191 re-

297 2213 445 2242 cusaret.
493 2209 526 2240 Is
550 2214 681 2240 certam
707 2206 883 2252 quandam
907 2205 984 2238 auri
1008 2216 1175 2237 summam
1199 2216 1218 2237 a
1241 2205 1420 2247 praesecto
1443 2204 1558 2249 petit,
1595 2215 1703 2248 spon-

297 2254 396 2295 dens,
421 2254 452 2286 si
477 2264 552 2286 eam
577 2253 742 2293 auferret,
766 2258 802 2286 et
819 2253 900 2296 ipsi,
921 2251 982 2297 qui
1007 2261 1084 2283 eam
1108 2249 1219 2291 daret,
1240 2251 1278 2283 in
1303 2256 1474 2295 quantum
1493 2250 1603 2284 vellet
1614 2254 1704 2282 tem—

295 2311 363 2345 pus
404 2304 632 2332 commeatum
668 2297 850 2331 commode
882 2295 1213 2342 suppeditaturum,
1245 2299 1282 2328 et
1313 2301 1494 2341 praeterea
1528 2294 1704 2341 quidquid

295 2345 367 2390 ipsi
382 2344 503 2378 aderat
522 2345 734 2377 famulorum
747 2350 783 2377 et
796 2353 984 2383 servorum,
1009 2347 1185 2387 quotquot
1207 2343 1314 2375 etiam
1341 2347 1440 2375 erant
1475 2340 1704 2375 domesticiet

296 2391 451 2424 ministri
476 2401 516 2423 ac
540 2390 710 2422 satellites
728 2414 737 2431 ,
770 2400 891 2422 omnes
915 2387 980 2420 hos
1005 2389 1203 2421 necessario
1234 2389 1328 2420 victu
1366 2388 1591 2432 repleturum.
1638 2385 1702 2418 At-

298 2447 369 2481 que
404 2435 494 2470 haec
515 2436 659 2481 quidem
684 2436 818 2468 faciens
841 2434 1090 2479 promittebat,
1116 2445 1153 2466 se
1175 2445 1248 2466 non
1273 2433 1387 2475 solum
1414 2444 1536 2466 aurum
1561 2431 1701 2463 wlver—

297 2493 376 2515 sum
399 2482 634 2521 redditurum,
661 2486 697 2513 et
722 2481 971 2525 repositurum,
999 2485 1170 2525 quantum
1201 2479 1404 2523 accepisset,
1441 2479 1615 2521 integrum
1637 2488 1701 2508 ne—

300 2539 370 2573 que
407 2529 644 2566 imminutum,
669 2531 709 2559 ut
740 2532 862 2559 mutuo
888 2525 1022 2566 datum,
1056 2526 1118 2559 sed
1152 2530 1188 2558 et
1211 2524 1311 2558 aliud
1333 2535 1456 2557 usurae
1480 2523 1622 2555 nomine
1641 2533 1700 2554 su-

297 2572 575 2618 peradditurum.
623 2573 668 2606 Et
691 2572 876 2606 videbatur
897 2572 1041 2617 quidem
1068 2571 1188 2604 multis
1218 2571 1333 2607 inanis
1362 2567 1533 2615 quaedam
1559 2568 1699 2600 iactan-

299 2620 351 2652 tia
390 2624 426 2652 et
461 2619 651 2663 aenigmati
687 2618 793 2651 affine
829 2618 984 2651 dictum:
1042 2619 1196 2650 Iustinus
1234 2627 1339 2656 vero,
1371 2626 1451 2648 cum
1485 2615 1699 2659 oportuisset

299 2675 379 2700 eum
405 2664 536 2701 offendi
568 2665 644 2699 Afri
675 2664 772 2698 illius
796 2665 960 2714 ineptiis,
995 2665 1175 2705 suentem,
1201 2661 1297 2712 quod
1330 2661 1500 2709 promissa
1522 2664 1700 2710 ptaestato
