1794 3112
298 154 316 192 1
330 135 399 192 58
853 151 1125 198 AGATHIAE

100 263 188 299 A‚c‚
209 253 379 308 554γενῆ
399 250 471 293 καί
498 249 548 292 τά
573 251 744 293 τοιαῦτα
782 245 940 306 ὄνείδη·
978 252 1083 308 πλὴν
1110 249 1214 296 ἄλλα
1234 258 1321 302 τοῖς
1346 255 1394 296 ἑκ
1419 253 1583 311 φύσεως
1618 271 1694 309 μο-

159 311 186 344 Ῑ·
198 312 223 344 Ῑ·
235 313 458 370 28χθηροῖς
470 313 513 357 τὸ
535 314 785 370 αὕθαίρετον
804 315 982 370 ἀδίκημα
993 320 1229 372 προστεθὲν,
1251 317 1539 360 ἐδιπλασίασεν
1557 313 1695 369 αὖτοῖς

283 378 328 422 τὸ
353 377 559 433 ἀτύχημα,
587 381 659 434 τῆς
682 380 759 420 τοῦ
777 378 1001 434 κρείττονος
1024 382 1279 436 προμηθείας
1299 381 1368 424 διὰ
1393 381 1437 424 τὸ
1459 377 1556 437 ἄγος
1576 384 1693 424 ἐκπε-

283 440 476 484 πτωκόσι.
512 440 555 483 τὸ
580 441 656 498 γὰρ
691 445 805 500 νικᾷν
827 439 905 496 οὐχ
933 441 1040 484 οὕτω
1064 451 1149 494 τοῖς
1177 442 1336 498 ὅπλοις,
1377 442 1474 488 ὅσον
1496 449 1554 503 τῷ
1575 447 1693 488 εὗσε-

273 509 354 559 ,βεῖ
370 507 625 559 βεβαιοῦται·
651 505 723 548 καί
743 507 815 547 οὐκ
834 501 885 547 ἄν
902 521 1002 548 ποτε
1013 514 1195 559 μετεῖναι
1210 507 1390 565 φήσαιμι
1407 512 1479 564 τῆς
1500 510 1576 551 τοῦ
1590 507 1718 564 ἄγα-5

282 572 364 610 θοῦ
397 572 637 623 συμμαχίας
670 576 859 626 πονηροῖς
895 567 1067 626 ἀνδράσι
1097 572 1169 613 καὶ
1197 571 1486 628 μιαρωτάτοις.
1531 572 1693 622 τούτοις

250 628 383 686 Βοῦν,
421 633 533 690 εἴπερ
565 630 614 675 εὖ
642 637 894 690 φρονοῦμεν,
933 635 982 676 οὗ
1013 636 1276 691 προσεκτέον,
1323 632 1383 684 οἷς
1413 632 1505 678 οὔτε
1541 636 1593 679 τὰ
1620 639 1692 693 τῆς

278 696 440 752 γνώμης
459 693 609 754 ἄριστα
634 698 863 752 σύγκειται,
901 698 974 740 καί
992 698 1039 739 τὸ
1074 699 1218 751 σώζειν
1242 698 1404 742 ἅπαντα
1425 699 1607 756 πεφυκός
1625 717 1691 744 νε-

276 764 396 818 μεσᾷ.
421 760 479 812 ὥς
493 764 571 815 μὲν
593 758 666 804 οὖν
685 763 710 816 ἦ
737 760 1026 819 προσχώρησις
1043 763 1144 818 ἦμῖν
1161 758 1325 812 εὔκολος
1344 763 1460 806 ἔσται
1483 766 1556 805 καί
1565 778 1692 819 προσ-

279 825 498 881 φορωτάτη
518 825 588 867 καί
618 828 673 884 τῷ
698 826 893 882 κρείττονι
911 830 1207 883 κεχαρισμένη,
1237 826 1307 870 διά
1331 830 1412 870 τῶν
1440 828 1741 884 πραγμάτωνῐο

275 892 428 942 μᾶλλον
448 887 475 945 ἢ
497 892 578 932 τῶν
597 889 727 944 λόγων
753 889 996 945 δεδήλωται.
1024 891 1073 933 οὗ
1093 890 1176 947 μὴν
1199 888 1297 934 οὐδὲ
1325 889 1481 934 ἆδικεῖν
1506 891 1691 944 δόξωμεν

276 949 352 1006 ἂν,
393 950 492 996 οὐδὲ
511 949 676 996 ἄπιστοι
705 956 970 997 καθεστάναι.
1012 956 1207 1004 πολλάκις
1227 955 1305 1011 γὰρ
1339 951 1417 1011 ἤδη
1446 956 1516 998 καί
1544 956 1689 1011 πρότε-

276 1033 348 1073 ρον
382 1016 461 1060 ὖπὸ
491 1019 708 1072 Ῥωμαιων
736 1019 1147 1074 προπηλακιζόμενοι,
1193 1020 1380 1073 ἐμμένειν
1414 1021 1484 1061 καί
1514 1017 1570 1069 ὥς
1603 1026 1688 1069 τοῖς

177 1093 270 1129 V,60
280 1081 571 1137 καθεστηκόσιν
594 1083 807 1138 ἡγοίμεθα
821 1087 996 1139 χρῆναι,
1026 1085 1280 1139 φαυλότατον
1297 1081 1401 1126 εἶναι
1418 1083 1619 1139 κρίνοντες
1637 1081 1684 1123 τὸ

270 1142 606 1201 μεταβάλλεσθαι
644 1148 797 1205 ῥᾳδίως
825 1149 898 1189 ἐπί
923 1165 1031 1190 τισιν
1068 1148 1220 1197 αἰτίαις
1229 1182 1242 1201 ,
1286 1149 1326 1190 εἰ
1352 1148 1424 1190 καὶ
1452 1145 1678 1189 δεινόταται
1687 1154 1736 1196 15

265 1207 371 1263 εἶεν,
399 1217 598 1266 φορηταῖς
626 1214 672 1252 δὲ
697 1208 808 1264 ὅμως
829 1213 900 1253 καί
922 1212 970 1253 οὔ
987 1213 1246 1254 παντάπασιν
1265 1209 1538 1260 οἷνυποίστοις.
1566 1209 1612 1252 τὸ
1636 1213 1684 1253 δὲ

271 1277 342 1316 καί
353 1275 549 1328 μεγίστας
570 1276 728 1329 βλάβας
741 1275 811 1317 καί
829 1273 1030 1330 ἀνήκεστα
1049 1277 1282 1329 πάσχοντας
1302 1277 1444 1331 φέρειν
1466 1274 1684 1325 διαπαντὸς

265 1334 587 1394 ἀταλαιπώρως,
627 1339 696 1381 καί
718 1339 820 1395 πρὸς
841 1342 972 1395 μηδὲν
1004 1339 1144 1381 ὅτιοῦν
1168 1335 1380 1393 ἄχθεσθαι
1399 1340 1482 1380 τῶν
1509 1335 1684 1381 α’νοσίων

236 1400 402 1455 (Σέργων
428 1405 498 1444 καί
519 1399 805 1456 ἀτοπωτάτων,
835 1400 882 1444 οὗ
907 1401 1229 1459 σωφρονούντων
1253 1404 1417 1460 ἀνδρῶν
1440 1400 1552 1444 εἶναι’
1562 1419 1683 1458 φημι,

265 1465 370 1507 ἄλλα
403 1468 548 1508 δειλῶν
585 1469 655 1509 καί
685 1465 865 1521 ἀθλίων,
903 1467 977 1510 καί
1001 1467 1074 1524 τὴν
1107 1469 1204 1524 περὶ
1232 1466 1285 1509 τὰ
1327 1465 1439 1509 κοινά
1463 1466 1731 1524 ρ’ᾳθυμίαιαο

263 1531 320 1586 τῷ
346 1530 416 1585 τῆς
434 1526 750 1586 ἀπραγμοσύνης
769 1527 942 1585 ὀνόματι
961 1532 1250 1588 σοφιζομένων.
1278 1531 1427 1574 τούτου
1447 1531 1494 1571 δὲ
1515 1532 1588 1572 τοῦ
1609 1533 1680 1587 τῆς

353 1626 384 1670 4.
410 1627 460 1670 τῷ
484 1625 627 1671 εὐσεβεῖ
639 1628 689 1668 R„
713 1628 764 1671 τῷ
789 1626 950 1672 εὐσεβεῖν
961 1627 1051 1673 vulg.
1109 1628 1339 1674 9.Exciditne
1362 1626 1459 1674 πρός
1478 1620 1678 1674 roais-1169—

356 1681 424 1708 σας
447 1678 529 1706 ante
553 1671 708 1716 προσχώ
737 1673 843 1714 mnf?
924 1685 972 1708 ιι.
997 1674 1072 1708 τῶν
1093 1681 1175 1707 ante
1199 1675 1322 1718 λόγων
1345 1685 1414 1708 om.
1439 1675 1476 1708 R.
1609 1672 1678 1706 δό-

355 1718 486 1763 ξαιμεν
507 1719 546 1754 R.
570 1718 653 1764 (Cl.)
668 1743 677 1758 ‚
727 1718 846 1756 όξειεν
866 1720 959 1763 vulg.
1109 1722 1158 1753 16.
1185 1719 1225 1752 δὲ
1246 1725 1328 1752 ante
1353 1717 1453 1764 ὅμως
1476 1719 1542 1752 ins.
1569 1729 1613 1752 ex
1637 1719 1675 1752 R.

353 1769 390 1797 et
407 1764 517 1808 Intpr.
602 1764 844 1809 ι7.οἷνη’κεστα
862 1765 901 1798 R.
923 1770 959 1797 et
974 1765 1082 1810 Intpr.
1108 1771 1149 1798 ut
1168 1765 1320 1806 videtur,
1340 1765 1563 1806 ἀνηκέστους
1581 1765 1674 1810 vulg.

262 1862 349 1895 vilia
368 1874 445 1895 cum
469 1863 654 1896 accesserit
673 1862 913 1896 voluntarium
937 1862 1061 1903 scelus,
1085 1862 1284 1907 duplicavit
1299 1864 1349 1896 eis
1367 1863 1508 1904 malum,
1535 1864 1671 1908 quippe

263 1910 327 1953 qui
363 1920 383 1941 a
412 1909 533 1942 divina
569 1909 723 1941 numinis
754 1919 835 1941 cura
862 1909 908 1941 ob
939 1909 1118 1952 piaculare
1142 1909 1278 1942 facinus
1307 1909 1496 1941 admissum
1529 1909 1674 1942 excide-

262 1959 354 1987 runt.
402 1954 560 1987 Victoria
589 1955 684 1986 enim
702 1965 773 1986 non
796 1959 866 1986 tam
898 1955 1001 1986 armis
1034 1965 1141 1998 quam
1170 1955 1305 1998 pietate
1330 1954 1527 1996 stabilitum
1553 1965 1672 1999 neque

258 2011 415 2045 unquam
434 2010 586 2032 summae
605 2001 702 2032 illius
729 1999 899 2032 bonitatis
915 1999 1086 2032 auxilium
1101 2000 1285 2032 sceleratos
1303 2005 1337 2032 et
1349 2001 1541 2044 piaculares
1552 1999 1672 2034 homi-

258 2055 321 2077 nes
346 2051 593 2078 consecuturos
617 2045 901 2078 existimaverim.
951 2045 1014 2077 His
1034 2046 1175 2089 itaque,
1203 2045 1233 2077 si
1253 2046 1421 2088 sapimus,
1446 2055 1672 2090 nequaquam

258 2094 314 2122 est
330 2090 610 2130 adhaerendum,
638 2090 767 2135 quibus
790 2101 908 2135 neque
935 2100 1032 2122 mens
1062 2096 1116 2123 est
1143 2092 1276 2134 optime
1295 2091 1508 2131 constituta,
1537 2096 1574 2124 et
1598 2091 1628 2124 is
1649 2102 1670 2124 a

256 2137 359 2171 euius
377 2147 483 2170 manu
505 2137 663 2169 omnium
687 2137 780 2169 salus
801 2135 990 2180 dependet,
1021 2141 1073 2169 est
1089 2136 1256 2168 infensus.
1307 2137 1496 2169 ostensum
1517 2147 1598 2180 ergo
1615 2141 1670 2169 est

255 2187 380 2224 aperte
395 2181 498 2214 rebus
527 2183 612 2226 ipsis
634 2183 752 2226 potius
785 2193 890 2226 quam
917 2180 1053 2221 verbis,
1087 2187 1246 2214 nostrum
1275 2182 1319 2214 ad
1338 2183 1455 2214 Persas
1477 2182 1668 2215 transitum

259 2227 400 2259 facilem
419 2229 640 2272 maximeque
661 2227 920 2259 conducibilem
935 2227 1051 2266 nobis,
1078 2232 1114 2259 et
1135 2227 1210 2259 Deo
1231 2228 1402 2272 imprimis
1423 2227 1666 2271 gratum'fore.

257 2271 330 2304 Sed
348 2283 465 2317 neque
498 2273 621 2317 inique
651 2273 776 2305 fecisse
812 2277 872 2305 aut
893 2271 994 2304 infidi
1018 2272 1126 2304 fuisse
1143 2271 1351 2306 videbimur.
1399 2272 1486 2304 Nam
1506 2277 1541 2305 et
1563 2277 1667 2305 antea

258 2328 511 2362 saepenumero
535 2330 555 2350 a
573 2319 735 2350 Romanis
754 2318 976 2350 contumeliis
998 2317 1169 2356 lacessiti,
1198 2323 1313 2351 tamen
1329 2319 1386 2350 vel
1405 2318 1453 2350 ita
1483 2318 1524 2350 in
1542 2317 1666 2350 eodem

258 2369 350 2396 statu
373 2363 648 2408 permanendum
671 2363 854 2404 ‹luximus3
886 2363 1112 2395 vanissimum
1144 2374 1218 2395 esse
1242 2364 1437 2397 indicantes
1469 2363 1573 2396 facile
1595 2363 1664 2394 im-

257 2410 387 2442 mutari
405 2410 518 2441 causis
541 2409 678 2453 aliquot
704 2409 851 2447 oblatis,
888 2419 977 2452 quae
995 2413 1035 2440 ut
1062 2409 1132 2441 sint
1161 2410 1401 2452 gravissimae,
1435 2409 1519 2441 ferri
1544 2413 1664 2441 tamen

256 2455 413 2498 possint,
438 2465 554 2499 neque
577 2459 658 2487 sunt
674 2464 812 2497 prorsus
831 2453 1085 2486 intolerabiles.
1116 2454 1159 2486 At
1179 2464 1261 2487 vero
1279 2467 1357 2488 cum
1373 2453 1536 2486 extremis
1555 2458 1663 2497 atque

257 2498 577 2533 irremediabilibus
600 2500 701 2531 malis
719 2499 925 2538 afficiamur,
952 2499 1056 2531 facile
1072 2498 1110 2531 id
1125 2510 1260 2543 semper
1280 2501 1496 2543 minimeque
1514 2498 1662 2532 moleste

257 2546 370 2585 ferre,
395 2556 511 2590 neque
526 2546 609 2578 ullis
634 2545 767 2589 iniquis
790 2545 1086 2588 atrocissimisque
1116 2545 1216 2578 factis
1237 2545 1387 2585 offendi,
1413 2544 1561 2577 dixerim
1589 2554 1663 2576 non

257 2601 333 2623 esse
356 2591 539 2625 hominum
559 2591 830 2630 moderatorum,
854 2589 916 2622 sed
949 2589 1157 2623 timidorum
1188 2595 1223 2623 et
1244 2592 1469 2630 miserorum,
1492 2598 1663 2634 suamque

257 2637 347 2668 circa
361 2637 544 2682 publicum
568 2635 787 2669 vaecordiam
809 2636 1022 2670 curiositatis
1044 2635 1159 2680 fugam
1171 2636 1258 2669 salsa
1275 2636 1512 2682 appellatione
1530 2644 1663 2668 vocan-

256 2683 356 2716 tium.
405 2682 480 2716 Hoc
497 2687 614 2716 autem
629 2680 745 2716 caedis
760 2681 891 2717 scelere
906 2691 1025 2728 neque
1042 2682 1194 2717 atrocius
1215 2682 1327 2725 ullum
1352 2680 1446 2728 apud
1466 2680 1554 2715 alios
1578 2690 1663 2726 pet*
