1832 3152
610 116 987 159 HISTORIARUM
1027 117 1096 155 lv.
1129 118 1194 159 20.
1461 87 1574 161 249

133 226 216 267 τῶν
244 219 465 277 Ῥωμαίων
486 221 584 275 ἕρκη
615 220 804 275 ἐχώρουν
830 218 887 267 ὥς
907 214 1074 259 ἅπαντα
1099 213 1442 269 καταβαλοῦντες.
1470 211 1568 266 πρίν
1579 213 1618 248 Α.
1639 213 1683 270 C..
1697 214 1766 249 556

132 293 180 332 δὲ
211 288 262 345 δή
289 285 482 338 πελάζειν
512 283 666 335 αὐτοὺς
694 286 768 326 καί
795 282 1165 339 ὗποκρύπτεσθαι,
1213 275 1485 335 Σουαρούνας
1516 263 1655 325 τιςῙ·Ῑ·
1673 260 1720 297 3⁰

136 349 294 408 ὄνομα,
335 350 521 404 Σκλάβος
558 349 689 407 οἷνηρ,
741 346 893 407 οἷφίησι
923 347 1025 404 δόρυ
1060 349 1118 405 τῷ
1155 347 1316 400 μᾶλλον
1346 356 1582 399 προφαινο-

129 419 266 477 μένῳ,
304 416 377 460 καὶ
403 417 574 472 πλήττει
605 419 788 472 καιρίαν.
827 413 1026 463 πεσόντος
1054 415 1101 456 δὲ
1125 411 1284 456 ἐκείνου
1314 407 1469 452 αὐτίκα
1494 410 1582 459 ἑξε-

101 483 310 539 5τινοίχθη
337 482 359 525 ὗ
386 481 589 535 σπαλίων,
615 483 689 524 καί
710 480 911 538 ἦρήριπτο
946 476 1338 534 οἷνατετραμμένος,
1389 472 1469 516 καί
1495 489 1583 522 πως

127 552 174 601 ἐς
192 547 395 594 τάναντία
416 551 488 592 τοῦ
512 548 665 598 κύτους
691 549 979 605 περιηγμένου,
1002 543 1336 588 ἀνεκαλύπτοντο
1363 541 1402 583 οἱ
1421 535 1573 595 ἄνδρες

127 614 202 659 καὶ
224 616 543 670 οἷπεγυμνοῧντο.
586 614 660 656 καί
683 613 888 667 τοὺς,μὲν
918 609 1072 661 ἄλλους
1106 610 1262 668 ῥᾳδίως
1297 605 1338 649 οἱ
1370 607 1611 660 ῬωμαῖοιΒ

127 679 494 732 κατακοντίζοντες
521 680 727 734 ἔκτειναν,
765 676 825 729 εἷς
846 681 893 722 δέ
919 694 966 734 γε
997 675 1183 733 ἀποδρὰς
1206 670 1360 733 ιιῗῖχετο·
1405 671 1479 714 καί
1498 667 1578 727 ἤδη

129 749 267 803 οἷγχοῦ
285 746 472 802 ἐγεγόνει,
496 747 570 789 καί
589 746 640 802 δη
654 748 846 799 ἐπέβαινε
865 747 939 801 τῆς
961 745 1146 792 πυλίδος.
1176 740 1284 784 ἄλλα
1299 739 1392 783 τότε
1414 735 1576 792 ἁθρόον

77 811 340 864 ιοτοξευθείς
368 811 684 869 διαφθείρεται.
711 810 784 853 καί
803 811 938 853 αὐτοῦ
960 808 1218 862 καταπεσών,
1242 807 1347 861 ὑπὲρ
1369 802 1439 848 τὸν
1455 800 1580 845 οὐδὸν

130 877 289 931 ἔκειτο,
319 875 458 933 ὄλίγον
476 880 555 932 μέν
579 893 624 920 τι
647 879 724 920 τοῦ
743 875 939 930 σώματος
958 874 1116 930 μεθείς,
1155 876 1213 932 τῷ
1235 875 1283 916 δὲ
1315 874 1473 915 πλείονι
1496 870 1572 922 με’-
1583 873 1677 919 V·9¹

135 960 204 1001 ρει
221 942 328 998 πρὸς
349 941 401 986 τοὶ
431 943 546 986 ἔνδον
569 945 925 1000 παρατεταμένος.
963 944 1084 984 τοῦτο
1109 943 1156 983 δὲ
1179 938 1338 989 ἰδόντες
1370 938 1410 980 οἱ
1437 941 1575 981 Μισι-

130 1011 300 1065 μιανοί,
340 1008 414 1051 καί
444 1009 615 1066 σημεῖόν
643 1025 710 1062 τι,
761 1005 903 1062 οἶμαι,
932 1009 1016 1050 τῶν
1045 1009 1252 1061 ἐσομένων
1278 1007 1376 1061 πέρι
1401 1001 1580 1060 φευκτόν

129 1090 176 1117 τε
201 1074 274 1117 καὶ
293 1074 493 1117 ἀπαίσιον
519 1073 777 1131 ἡγησάμενοι
786 1107 800 1126 ,
849 1069 986 1122 ἄλλως
1011 1088 1056 1116 τε
1094 1071 1169 1114 καί
1195 1067 1467 1127 ἀπειρηκότες
1495 1074 1580 1118 τοῖς

79 1138 279 1193 ιόπόνοις,
307 1139 383 1182 καί
419 1143 495 1196 τῆς
526 1138 632 1196 πρὸς
657 1137 894 1192 Ῥωμαίους
935 1137 1183 1193 δυσμενείας
1215 1134 1579 1187 ἄπαλλαξείοντες,

128 1204 310 1261 μάλιστα
342 1202 408 1248 ὅτι
438 1206 578 1255 αὖτοῖς
604 1201 703 1248 οὐδὲ
731 1206 756 1261 ἢ
788 1201 871 1246 dm}
891 1206 976 1246 τῶν
1009 1205 1194 1260 Περσῶν
1215 1200 1321 1244 κατὰ
1348 1198 1395 1243 τὸ
1421 1199 1579 1255 ’ξυγκεί-

128 1287 252 1324 μενον
271 1271 421 1328 ιῖφῖκτο
443 1270 676 1327 ἐπικουρία·
706 1273 839 1313 ταῦτα
863 1270 912 1326 δη
930 1265 1007 1312 οὖν
1027 1265 1384 1324 ἀναλογισάμενοι,
1414 1268 1486 1308 καί
1506 1263 1580 1321 τὴν

130 1335 286 1378 οἰκείαν
308 1336 667 1394 ἆναμετρήσαντες
695 1336 876 1389 δύναμιν
890 1370 903 1390 ,
932 1334 1005 1377 καὶ
1022 1331 1087 1377 ὅτι
1106 1331 1183 1376 οὔκ
1207 1331 1433 1388 ἀξιόμαχοι
1453 1331 1605 1374 ἔσον-(Ξ

129 1417 202 1443 ται
241 1401 340 1444 οὐδὲ
380 1404 614 1459 περαιτέρω
668 1399 744 1445 τὸν
773 1400 955 1455 πόλεμον
1005 1399 1261 1454 ὑπομενοῦσι
1287 1397 1409 1453 μόλις
1442 1398 1488 1440 ἐν
1523 1396 1583 1454 τῷ

76 1465 217 1510 αοτότε
238 1467 339 1520 γοῦν
363 1466 707 1522 ἀναμνησθέντες
716 1501 729 1520 ,
754 1465 887 1516 εὐθυς
911 1466 1207 1522 ἐπρεσβεύοντο
1237 1463 1342 1522 πρὸς
1373 1461 1582 1518 Ἰωάννην,

131 1530 205 1573 καὶ
227 1530 424 1585 ἱκέτευον,
445 1531 504 1588 μη
536 1533 647 1589 σφᾶς
671 1534 938 1590 πανωλεθρία
960 1534 1224 1588 διαφθεῖραι,
1255 1533 1364 1587 μηδὲ
1388 1527 1580 1585 ἀνάρπα-

131 1612 228 1641 στον
260 1591 391 1654 ἄρδην
421 1597 680 1653 ποιήσασθαι
705 1600 822 1653 γένος
845 1598 891 1639 ἐκ
918 1598 1101 1640 παλαιοῦ
1119 1596 1315 1653 κατήκοον
1340 1595 1415 1638 καί
1434 1595 1583 1649 ὁμόδο-

222 1697 254 1725 2.
280 1687 467 1723 Sarranus
492 1689 604 1735 Intpr.
688 1701 718 1734 7.
743 1688 813 1735 μὲν
830 1688 896 1723 ins.
921 1701 964 1725 cx
991 1690 1028 1722 R.
1097 1704 1101 1709 ·
1148 1691 1181 1725 8.
1196 1684 1370 1732 α’ποδράς
1393 1687 1448 1727 R„
1479 1684 1581 1717 εἷπο-

223 1732 368 1781 δριέσας
390 1735 482 1780 vulg.
626 1735 692 1769 Pro
717 1738 781 1769 καὶ
805 1735 869 1777 ἤδη
897 1737 934 1769 R.
954 1738 1018 1769 καὶ
1046 1732 1101 1776 δὴ.
1229 1736 1279 1771 15.
1295 1733 1515 1768 δυναστείας
1538 1733 1577 1765 R.

226 1792 277 1825 ¹7·
306 1781 633 1828 ἀναλογισάμενοι
659 1784 711 1823 R„
738 1783 988 1829 λογισάμενοι
1014 1784 1107 1828 ναῖς.
1233 1793 1287 1815 20.
1309 1779 1578 1829 ἐπρεσβεύοντο

221 1824 337 1866 αὖθις
368 1829 406 1862 Β.
421 1854 431 1871 ,
457 1830 570 1874 Intpr.
599 1829 811 1876 particulam
837 1830 984 1865 omittit.

130 1923 314 1965 portantes
347 1919 393 1953 ad
427 1918 666 1954 Romanorum
694 1922 916 1954 munitiones
949 1931 987 1954 se
1016 1919 1276 1960 conferebant,
1324 1925 1500 1966 tanquam
1532 1931 1577 1954 o-

131 1966 230 1999 mnia
249 1964 467 2000 demolituri.
496 1967 709 2014 Priusquam
731 1978 814 2001 vero
829 1968 1164 2013 appropinquarent
1181 1973 1291 2013 atque
1308 1967 1578 2012 obtegerentur‚

131 2012 311 2046 Suamnas
330 2013 477 2060 quidam
494 2015 665 2055 nomine,
692 2016 748 2048 vir
762 2014 905 2048 Sclavus
920 2039 930 2055 ‚
956 2014 1095 2047 hastam
1113 2015 1201 2047 iacit
1223 2015 1263 2047 in
1290 2025 1384 2054 eum,
1412 2015 1475 2060 qui
1507 2014 1578 2047 mi-

131 2070 201 2092 nus
223 2063 339 2094 tectus
367 2066 454 2102 erat,
488 2066 526 2095 et
549 2062 636 2094 serit
659 2061 840 2104 letaliter3
874 2073 946 2107 quo
983 2062 1141 2106 collapso
1157 2085 1166 2102 ,
1192 2062 1312 2094 statim
1347 2071 1495 2094 excussa
1523 2065 1579 2094 est

128 2105 297 2148 testudo,
327 2107 539 2153 iuver-saque
559 2109 713 2152 corruit;
741 2114 849 2154 atque
874 2110 925 2142 ita
947 2109 1157 2152 resupinato
1180 2107 1257 2140 eius
1287 2107 1369 2140 sinu
1399 2113 1436 2142 et
1469 2118 1577 2151 capa-

131 2153 240 2185 citate
253 2177 264 2193 ‚
288 2151 422 2188 detecti
441 2160 526 2188 sunt
545 2154 746 2201 nudatique
766 2156 856 2195 viri,
883 2166 973 2200 quos
994 2154 1144 2187 Romani
1166 2154 1274 2187 facile
1299 2154 1427 2187 iaculis
1446 2159 1577 2198 peten-

129 2204 186 2232 tes
202 2198 470 2235 interfecerunt.
520 2202 618 2234 Unus
635 2208 754 2235 autem
773 2213 817 2235 ex
846 2202 892 2235 iis
920 2202 1004 2245 fuga
1037 2206 1216 2241 evaserat,
1255 2205 1292 2234 et
1319 2202 1392 2234 iam
1424 2202 1574 2246 propius

129 2245 176 2279 ad
211 2245 431 2290 praesidium
469 2254 631 2289 venerat,
663 2249 918 2294 portulamque
963 2247 1258 2293 ingrediebatur;
1306 2247 1370 2281 sed
1399 2252 1476 2281 tum
1499 2248 1573 2280 fre·
1622 2254 1624 2256 ’

130 2291 329 2338 quentibus
364 2294 502 2339 sagittis
526 2295 618 2329 ictus
643 2296 796 2336 interiit,
825 2295 954 2340 ibique
980 2306 1162 2336 corruens,
1186 2295 1226 2328 in
1258 2294 1386 2328 limine
1411 2294 1575 2335 iacebat,

129 2339 260 2384 exigua
280 2339 426 2384 quidem
444 2341 567 2388 aliqua
582 2343 741 2387 corporis
761 2348 862 2387 parte
883 2342 970 2376 foris
990 2342 1133 2382 relicta,
1160 2342 1297 2375 maiore
1314 2353 1398 2375 vero
1420 2342 1475 2374 sui
1491 2353 1574 2386 par-

129 2390 168 2419 te
188 2386 384 2419 introrsum
405 2394 600 2432 porrectus.
649 2388 690 2422 Id
709 2400 794 2423 vero
813 2390 1012 2434 conspicati
1043 2389 1241 2423 Misimiani
1258 2413 1268 2429 ‚
1304 2394 1342 2422 et
1374 2388 1574 2421 infaustum

131 2442 174 2466 ac
194 2432 299 2465 triste
327 2432 372 2466 de
402 2433 532 2468 suturis
559 2446 665 2469 omen
700 2446 776 2469 esse
807 2436 1056 2481 interpretati,
1101 2441 1139 2470 et
1166 2435 1306 2480 alioqui
1340 2434 1573 2479 desperantes

130 2480 241 2512 etiam
256 2478 442 2513 laboribus
455 2505 465 2521 ‚
491 2486 529 2514 et
551 2481 728 2516 redeundi
752 2483 791 2516 in
807 2484 955 2528 gratiam
975 2494 1054 2517 cum
1082 2483 1248 2516 Romanis
1263 2481 1399 2525 cupidi,
1432 2481 1574 2526 praeci-

126 2536 200 2570 pue
214 2524 314 2570 quod
338 2537 458 2572 neque
476 2527 564 2572 ipsis
579 2529 714 2562 auxilia
731 2541 752 2562 a
766 2530 879 2563 Persis
893 2535 1002 2574 prout
1016 2533 1232 2563 convenerat
1243 2529 1445 2562 venissent:
1472 2527 1573 2567 haec,

128 2573 296 2618 inquam,
325 2583 446 2606 secum
464 2580 672 2619 reputantes
696 2587 850 2622 suasque
879 2577 973 2609 vires
996 2575 1263 2621 perpendentes
1281 2601 1290 2616 ‚
1322 2573 1420 2620 quod
1441 2575 1572 2606 Roma-

128 2619 185 2652 nis
202 2619 355 2664 impares
380 2626 520 2661 essent,
553 2633 672 2668 neque
702 2621 838 2656 diutius
864 2623 1003 2656 bellum
1019 2623 1196 2661 sustinere
1218 2626 1366 2666 possent
1380 2646 1389 2661 ‚
1412 2625 1489 2654 tum
1509 2620 1574 2653 de-

130 2676 228 2706 mum
257 2676 361 2711 aegre
390 2665 435 2699 ad
457 2668 635 2701 saniorem
659 2674 816 2702 mentem
851 2670 1058 2710 redeuntes,
1099 2669 1291 2702 confestim
1327 2673 1483 2700 oratores
1525 2666 1570 2700 ad

129 2712 300 2751 Ioannem
319 2713 496 2753 miserunt
517 2719 719 2766 precatum,
745 2727 790 2750 ne
819 2728 855 2751 se
877 2715 921 2756 ad
941 2716 1226 2754 internecionem
1247 2714 1428 2768 perderet,
1451 2724 1569 2766 neque
