1794 3112
538 105 915 150 1115T0R1A1um1
956 109 1028 149 111.
1057 111 1097 151 2.
1323 172 1325 174 Ι
1444 86 1509 154 14
1523 106 1540 141 1

108 217 188 264 ἕως
214 209 267 255 ἄν
293 208 432 266 ἕτερόν
469 224 510 252 τι
538 208 601 251 ἐπ’
624 202 738 267 αὐτῷ
770 209 1022 265 διανοηθείη.
1062 209 1123 267 τῷ
1145 210 1194 252 δὲ
1213 210 1421 267 Μαρτίνῳ
1451 209 1549 250 πολ-
1563 212 1650 246 A.C.
1670 211 1739 256 554

107 278 161 322 λὰ
193 275 419 332 νεμεσήσας
429 308 442 328 ,
493 270 605 328 ὅμως
638 275 753 332 αὐτῷ
780 272 832 316 τά
864 281 1055 331 πρωτεῖα,
1072 277 1148 330 τῆς
1172 273 1394 331 ἡγεμονίας
1422 261 1686 330 παρέ-[ωδ

108 358 257 400 σχετο·
315 340 390 383 καί
425 336 481 396 ἦν
521 342 566 382 ἐν
613 346 702 390 τοῖς
744 345 989 396 στρατηγοῖς
1024 339 1254 396 πρώτιστος
1294 342 1373 394 μὲν
1413 337 1558 392 αὐτὸς,

102 409 328 456 Ἰουστῖνος
370 406 418 447 δὲ
463 404 683 462 δεύτερος,
732 405 808 448 καὶ
843 405 1009 462 Βούζης
1046 400 1104 447 αὖ
1136 407 1227 458 μετ’
1266 407 1420 448 ἐκεῖνον
1431 439 1444 458 ,
1488 406 1563 446 καὶ

79 471 199 529 5ἑξῆς
231 473 271 515 οἱ
304 467 426 514 ἄλλοι
460 469 516 521 ὥς
549 474 726 514 ἕκαστοι.
780 471 851 513 dei
876 472 954 524 μὲν
983 466 1057 513 οὖν
1085 470 1159 513 καί
1191 468 1396 527 πρότερον
1426 474 1560 527 Μαρ-

105 539 204 596 τίνῳ
242 553 288 580 τε
322 535 396 579 καί
421 536 653 594 (Ρουστίκῳ
689 533 764 578 οὔκ
802 537 942 593 ὀρθῶς
968 535 1020 578 τὰ
1052 538 1095 586 ἐς
1121 538 1163 578 Γ
1160 535 1341 591 ουβάζην
1373 537 1558 589 διέκειτο,

104 601 212 647 ἆλλὰ
242 601 467 656 δυσμένειά
507 619 571 652 τις
603 603 749 652 αὐτοῖς
776 600 1028 659 ὗπετύφετο,
1053 602 1204 658 βαρεῖά
1238 618 1281 643 τε
1313 601 1387 643 καί
1428 603 1562 642 (Ῡεινοο

105 668 208 724 τάτη
239 665 320 726 ὅσῳ
363 667 438 711 καί
459 667 720 720 ὃιελάνθανε,
761 670 952 722 λαβοῦσα
982 669 1060 721 μὲν
1082 665 1157 723 τήν
1178 663 1319 723 ἆρχην
1343 665 1426 709 ὑπὸ
1448 666 1599 723 ‹litio—C

106 750 180 776 νου
214 733 287 776 καὶ
318 735 576 790 βασκανίας,
615 734 796 790 ἀρθεῖσα
829 735 876 775 δὲ
907 732 1014 776 κατά
1035 731 1083 775 τὸ
1114 735 1270 787 μᾶλλον
1304 735 1363 791 τῷ
1392 737 1567 786 συνεχεῖ

7 799 10 802 ’
58 801 182 846 macac*
206 799 409 858 ἀλογίστῳ
443 801 518 855 τῆς
549 800 747 852 ὑποψίας.
777 796 890 841 ἅπαν
915 797 995 855 γάρ
1020 798 1157 841 ὁτιοῦν
1177 798 1249 840 ὑπ’
1274 794 1407 841 αὐτοῦ
1423 796 1562 854 γιγνό-

58 863 61 867 ’
88 880 234 920 >μενον
253 867 310 923 τῷ
348 863 573 907 πεπονθότι
594 867 668 920 τῆς
701 867 846 920 ψυχῆς
881 865 1165 918 ἐξετάζοντες,
1203 866 1276 906 καί
1310 865 1474 914 πάντως
1512 861 1562 906 οἷ-

102 928 332 987 χθόμενοι,
363 929 597 986 ὗπέτρεφον
625 928 672 971 τὸ
696 934 952 984 χαλεπαῖνον
974 929 1358 987 καὶἐπερῥώννυον.
1399 932 1492 973 ἐπεὶ
1513 932 1561 973 δὲ

105 1000 264 1046 ἐκεῖνος
290 995 558 1051 ὑποτοπήσας
581 994 627 1038 τὸ
651 994 804 1049 ἔχθος,
845 994 920 1037 καί
951 995 1147 1037 τολοιπὸν
1172 998 1216 1045 ἐς
1245 994 1293 1038 τὸ
1319 996 1563 1038 ἀντιλυπεῖν

106 1065 385 1122 προηγμένος,
417 1058 658 1117 ἐκακηγόρει
679 1077 726 1116 γε
754 1057 908 1110 αὐτούς
929 1060 1127 1110 πολλάκις
1149 1061 1207 1111 αἷς
1230 1061 1468 1118 ἀνάνδρους
1491 1060 1566 1103 καί

57 1125 335 1183 ιὸἆλαζόνας,
384 1127 457 1170 καί
479 1127 604 1169 οὐδὲν
634 1126 776 1169 ὁτιοῦν
802 1128 930 1180 μέλον
962 1123 1108 1176 αὐτοῖς
1134 1127 1218 1168 τῶν
1241 1129 1474 1182 πρακτέων,
1518 1125 1563 1175 ἔς

106 1211 154 1238 τε
172 1193 224 1238 τά
249 1192 462 1248 ξυμπόσια
482 1191 555 1235 καί
575 1190 675 1242 τούς
699 1191 923 1247 ξυλλόγους
942 1194 1128 1247 νεμεσῶν
1153 1189 1224 1234 άεί
1249 1193 1449 1246 διετέλει,
1491 1191 1566 1235 καὶ

108 1257 208 1303 οὗδὲ
242 1261 465 1317 πρεσβείας
508 1257 652 1312 τυχὸν,
684 1254 918 1315 ἀφιγμένης
949 1259 996 1300 ἐκ
1037 1259 1120 1299 τῶν
1158 1257 1392 1314 προσοίκων
1425 1260 1563 1300 ἐθνῶν

108 1322 220 1370 οῗνιέι
249 1324 322 1367 καὶ
347 1325 635 1367 ὑπεστέλλετο·
682 1323 722 1366 οἱ
749 1326 795 1366 δὲ
825 1324 960 1366 ταῦτα’
998 1339 1043 1365 τε
1076 1324 1153 1365 οὔκ
1188 1321 1448 1378 ἐνεγκόντες,
1493 1326 1566 1366 καί

108 1389 212 1452 πρός
237 1406 283 1446 γε
311 1388 386 1440 τὰς
418 1391 462 1439 ἐς
490 1392 670 1442 βασιλέα
700 1387 898 1443 διαβολάς
931 1391 976 1431 ἐν
1024 1388 1126 1445 ὀργῇ
1155 1387 1452 1444 ποιησάμενοι,
1492 1388 1567 1431 καί

54 1457 399 1513 ιογιγνώσκοντες
417 1454 473 1504 ὥς
487 1451 562 1496 οὖκ
577 1451 722 1509 ἀνήσει
741 1456 965 1508 διελέγχῳν
977 1453 1108 1496 εἴπου
1123 1453 1196 1495 καί
1209 1450 1338 1504 αὖθις
1350 1458 1560 1510 σφαλεῖεν,
1570 1464 1601 1496 D

109 1523 378 1577 ἐβουλεύοντο
393 1519 579 1563 ἐκποδών
595 1519 670 1563 τὸν
687 1522 832 1574 Γουβά
841 1522 914 1575 ζην
938 1518 1209 1576 ποιήσασθαι,
1225 1517 1282 1568 ὧς
1300 1515 1351 1562 ἂν
1375 1519 1562 1562 τίσαιντό

108 1603 155 1630 τε
168 1583 301 1630 αὖτόν
309 1588 385 1629 τοῦ
397 1584 640 1643 φθάσαντος
652 1587 762 1642 πέρι,
781 1585 854 1627 καί
877 1584 1071 1628 τολοιπὸν
1096 1581 1282 1627 ου’δενότι
1298 1585 1565 1639 ὃειμαίνοιεν.

201 1672 233 1707 7.
257 1657 387 1696 αὐτοῖς
421 1670 490 1692 om.
515 1659 555 1692 R.
677 1671 729 1695 ια.
760 1659 1006 1706 ὑπέστρεφον
1042 1661 1081 1694 R.
1225 1657 1502 1704 ὕπεῤῥώννυον
1525 1661 1562 1692 R.

205 1708 256 1741 13.
283 1705 398 1763 ἔχθος
426 1706 464 1739 R.
489 1704 600 1751 Lugd.
630 1715 697 1763 ¹¹¹3-
725 1713 761 1740 et
786 1708 883 1749 Pan,
909 1707 1034 1751 ἄχθος
1057 1707 1169 1753 Lugd.
1196 1711 1233 1740 et
1258 1706 1314 1740 ed.
1344 1717 1398 1751 pr.
1511 1706 1561 1751 ¹4·

199 1761 246 1799 γε
270 1753 410 1790 αὐτους
430 1753 481 1793 R„
506 1762 545 1785 τε
572 1752 713 1789 αὐτους
740 1754 832 1798 vulg.
931 1766 986 1788 22.
1014 1753 1126 1788 οὐδὲν
1152 1755 1189 1787 R.

109 1813 270 1847 fecturae
293 1815 414 1844 tamen
434 1810 629 1855 primatum
646 1811 805 1856 reliquit.
841 1810 931 1844 Nam
957 1813 1054 1845 inter
1082 1817 1267 1857 praetores
1287 1811 1362 1844 sive
1377 1810 1563 1855 principes

108 1859 261 1892 militiae
284 1859 441 1903 primum
460 1857 578 1890 locum
608 1856 817 1898 obtinebat,
844 1858 1041 1891 secundum
1059 1870 1143 1891 vero
1160 1859 1318 1891 Iustinus
1330 1883 1339 1898 ‚
1360 1863 1443 1902 post
1457 1868 1565 1902 quem

109 1907 232 1946 Buses,
255 1910 365 1950 atque
386 1905 438 1937 ita
458 1903 630 1948 deinceps
649 1904 713 1937 alii
731 1905 929 1949 sigillatim.
962 1905 1243 1950 AtquiMartino
1267 1910 1304 1938 et
1326 1905 1471 1938 Rustico
1494 1905 1566 1937 iam

111 1956 217 1985 antea
238 1962 314 1984 non
335 1951 430 1984 bene
457 1961 536 1984 cum
566 1950 713 1983 Gubaze
733 1957 962 1993 convenerat,
993 1951 1057 1985 sed
1083 1952 1246 1985 simultas
1269 1951 1443 1996 quaedam
1468 1952 1565 1984 inter

112 2009 175 2032 eos
190 1997 467 2031 subardescebat
477 1998 591 2042 gravis
606 1998 903 2043 atrocissimaque
918 2024 927 2038 ,
946 1998 1009 2031 sed
1026 2010 1119 2044 quae
1150 1997 1312 2032 nondum
1340 1999 1377 2030 in
1397 2003 1563 2042 apertum

112 2043 322 2078 incendium
343 2049 523 2089 eruperat;
546 2050 628 2077 nata
642 2045 789 2090 quidem
805 2046 960 2089 primum
979 2057 1022 2078 ex
1040 2045 1191 2086 invidia,
1211 2056 1251 2077 ac
1269 2044 1402 2077 deinde
1417 2045 1565 2079 flabello

113 2095 311 2137 perpetuae
338 2092 625 2136 temerariaeque
650 2092 871 2136 suspicionis
896 2093 1068 2125 suscitata
1091 2097 1200 2137 atque
1224 2091 1384 2124 adaucta.
1435 2091 1566 2124 Omnia

114 2139 213 2171 enim
232 2138 344 2182 ipsius
366 2138 459 2171 sacta
487 2139 607 2171 saucio
636 2138 774 2171 invidia
796 2139 916 2172 animo
935 2140 1163 2183 explorantes
1185 2139 1304 2183 iisque
1327 2138 1463 2182 seipsos
1487 2144 1566 2171 tor-

115 2188 280 2264 Ηυειιῐεε,
295 2185 513 2218 simultatem
527 2184 699 2218 fovebant
713 2190 750 2218 et
762 2186 1031 2219 confirmabant.
1062 2185 1227 2219 Gubazes
1245 2187 1368 2229 itaque
1386 2189 1561 2229 concepta

142 2242 162 2264 e
180 2231 326 2264 illorum
340 2231 379 2264 in
396 2242 434 2265 se
446 2231 532 2264 odio
547 2233 767 2275 suspicione,
785 2238 822 2265 et
834 2231 879 2265 ad
892 2238 1057 2265 mutuum
1077 2231 1203 2266 odium
1223 2231 1463 2265 exercendum
1476 2243 1564 2276 pro-

113 2282 282 2318 vocatus,
300 2276 440 2311 acribus·
469 2284 507 2311 et
529 2279 800 2311 contumeliosis
822 2278 941 2311 verbis
970 2290 1029 2312 eos
1047 2279 1257 2324 frequenter
1276 2279 1540 2323 perstringebat
1555 2303 1564 2319 ‚

114 2329 176 2358 tan
228 2334 284 2356 am
297 2335 423 2369 parum
434 2324 528 2358 viros
547 2329 585 2357 et
603 2335 727 2357 manus
746 2325 786 2358 in
802 2325 928 2369 lingua
948 2331 1127 2370 gerentes,
1150 2325 1359 2370 nullamque
1372 2336 1489 2358 rerum
1503 2336 1565 2370 ge-

114 2381 179 2404 ren
206 2381 306 2403 arum
326 2381 444 2403 curam
458 2370 643 2404 habentes.
670 2371 790 2416 Atque
802 2372 853 2405 ita
869 2372 906 2404 in
922 2372 1095 2405 conviviis
1116 2373 1428 2417 conventibusque
1442 2373 1482 2404 in
1500 2383 1563 2404 sua

114 2428 196 2462 erga
217 2427 278 2450 eos
303 2416 551 2461 indignatione
574 2417 811 2461 persistebat:
837 2417 901 2451 sed
931 2430 1050 2464 neque
1070 2430 1150 2452 eum
1168 2431 1187 2452 a
1207 2419 1371 2452 finitimis
1395 2418 1562 2462 gentibus

114 2463 246 2509 legatio
269 2463 363 2496 forte
382 2463 503 2507 aliqua
515 2465 681 2504 venisset,
703 2464 820 2498 minus
841 2465 971 2498 acriter
991 2467 1028 2499 in
1048 2477 1109 2499 eos
1131 2465 1382 2499 invehebatur.
1410 2465 1455 2497 Hi
1478 2475 1562 2496 vero

114 2521 343 2556 nequaquem
365 2508 404 2542 id
430 2508 617 2542 ferendum
644 2510 736 2551 rati,
767 2516 803 2544 et
835 2511 1103 2545 criminationes
1132 2511 1177 2545 ad
1203 2523 1320 2557 regem
1353 2510 1491 2544 delatas
1517 2510 1564 2543 ad

114 2557 272 2590 animum
296 2561 524 2596 revocantes,
557 2562 664 2601 atque
685 2557 737 2590 ita
758 2568 879 2590 seeum
899 2564 1097 2592 statuentes
1111 2583 1121 2599 ‚
1145 2570 1219 2591 non
1250 2558 1448 2591 desiturum
1480 2568 1562 2589 eum

117 2603 163 2636 ab
182 2604 271 2648 ipsis
285 2603 531 2642 criminandis,
555 2604 584 2636 si
609 2613 679 2647 qua
696 2604 736 2636 in
753 2614 790 2636 re
807 2605 939 2637 iterum
954 2605 1068 2638 officio
1085 2617 1149 2638 suo
1165 2605 1344 2643 deessent,
1369 2604 1562 2636 eonsilium

118 2649 163 2682 de
185 2649 349 2683 tollendo
375 2660 395 2682 e
414 2648 535 2682 medio
561 2649 705 2682 Gubaze
724 2650 900 2691 inierunt,
924 2658 965 2684 ut
985 2658 1022 2685 et
1035 2657 1215 2695 acceptam
1244 2651 1415 2684 iniuriam
1439 2649 1562 2683 vindi·

119 2701 254 2738 carent,
277 2696 451 2743 omnique
472 2697 511 2729 in
528 2700 711 2741 posterum
730 2697 843 2740 ipsius
867 2704 965 2732 metu
987 2709 1066 2732 sese
1088 2697 1294 2731 liberarent.
