1832 3152
591 147 972 192 msTomARUM
1011 151 1063 192 v.
1093 155 1133 199 7.
1303 154 1305 157 ’
1482 147 1588 204 29¹

151 253 203 310 δὴ
240 247 388 296 adusta
421 251 662 300 λελέξεται.
701 251 804 308 ἀνήρ
833 268 899 302 τις
934 252 981 294 ἐν
1013 249 1236 310 Βυζαντίῳ
1275 249 1425 307 Ζήνων
1453 244 1695 304 ὄνομα,Α.(ἶ.
1721 254 1788 300 557

149 322 210 379 τῷ
244 321 325 374 μὲν
357 318 439 360 τῶν
467 310 663 373 ῥητόρων
703 316 918 375 καταλόγῳ
953 318 1340 375 ἀναγεγραμμένος,
1386 312 1522 367 ἄλλως
1551 317 1598 359 δὲ
1611 302 1639 335 Ῑ·
1665 302 1741 336 I'3¹

151 384 362 442 διαφανὴς
394 383 468 424 καί
492 385 666 436 βασιλεῖ
684 383 1034 440 γνωριμώτατος,
1061 386 1235 443 κατῴκει
1259 380 1395 438 ἀγχοῦ
1420 399 1502 425 που
1528 383 1606 424 τοῦ

146 447 403 502 Ἀνθεμιῖιυ,
431 447 490 497 ὥς
517 450 652 491 δοκεῖν
680 445 861 508 ἑκατέρῳ
885 450 1080 505 ἡνῶσθαι
1110 449 1167 492 τώ
1196 448 1309 503 οἴκω,
1338 452 1412 492 καί
1438 447 1513 507 ὑφ’
1546 446 1612 491 ἑνὶ

123 514 326 572 ὄτέρματι
359 515 694 570 διαμετρεῖσθαι.
733 516 1007 572 προελθόντος
1042 518 1089 558 δὲ
1119 514 1299 572 χρόνου,
1339 515 1427 572 ἔρις
1456 517 1640 566 αὕτοῖςΒ

145 581 320 624 ἐνέπεσε
361 579 435 622 καί
477 582 676 623 δυσκολία
725 576 854 637 ἢτοῦ
881 581 1179 624 διοπτεύεσθαι
1199 582 1354 638 χάριν,
1393 580 1527 637 τυχὸν
1557 582 1606 623 οὗ

149 645 354 703 πρότερον
376 648 638 702 εἰθισμένον,
666 642 695 703 ἢ
715 650 917 704 νεωτέρας
936 649 1176 703 οἰκοδομίας
1197 651 1306 705 πέρα
1333 651 1408 691 τοῦ
1434 647 1606 705 μετρίου
1620 657 1663 692 V.
1685 655 1746 691 105

1327 710 1400 727 'll‘

149 716 197 765 ἐς
237 710 347 767 ὕψος
382 713 586 770 ἀρθείσης
625 716 699 757 καί
728 716 787 772 τῷ
809 714 930 772 ,φωτὶ
949 718 1279 771 λυμαινομένης,
1319 733 1345 772 η
1371 719 1502 756 αλλου
1534 730 1609 757 του

156 781 280 835 πέρι,
324 779 448 822 ὁποῖα
475 778 608 822 πολλὰ
639 786 727 830 τοῖς
748 783 1028 837 πλησιαίτατα
1058 783 1328 839 προσοικοῦσι
1353 783 1614 838 διαφιλονει-

107 849 332 888 ιοκεῖσθαι
367 844 538 902 ἀνάγκη.
791 848 793 851 ’

271 910 318 964 ζ’.
379 912 482 955 Τότε
507 911 560 968 δὴ
590 907 666 956 οὖν
695 913 720 956 0e
752 909 983 966 Ἀνθέμιος
1011 911 1093 955 ὑπὸ
1126 914 1206 955 τοῦ
1238 911 1424 956 ἐναντίου
1449 909 1523 954 ἅτε
1549 913 1616 954 δι-

159 977 338 1035 κηγόρου
369 977 828 1035 καταρητορευόμενος,
866 978 938 1021 καί
955 975 1033 1033 οὔχ
1059 974 1146 1029 οἷός
1171 995 1217 1021 τε
1244 975 1304 1021 ὢν
1331 981 1384 1036 τῇ
1413 977 1618 1033 δεινότητι

159 1048 246 1088 τῶν
267 1042 464 1101 ῥημάτων
482 1047 528 1087 ἐκ
546 1047 628 1088 τῶν
650 1043 806 1099 ὁμοίων
828 1042 1150 1102 ἀντιφέρεσθαι,
1180 1044 1203 1086 ὅ
1229 1047 1275 1087 δὲ
1294 1048 1341 1088 ἐκ
1367 1047 1440 1100 τῆς
1462 1044 1619 1094 οἰκείας

161 1107 288 1154 αὖτὸν
323 1109 579 1167 ἆντελύπησε
621 1114 771 1167 τέχνης
807 1109 949 1170 τρόπῳ
985 1112 1145 1168 τοιῷδε.
1174 1110 1304 1164 δόμον
1328 1109 1422 1153 τινὰ
1457 1108 1620 1165 ὗπερό-

107 1175 208 1220 15⁰2!
225 1175 249 1218 ὅ
265 1174 416 1232 Ζήνων
432 1177 636 1233 ἐκέκτητο,
659 1174 789 1233 εὖρύν
809 1193 854 1218 τε
880 1177 975 1219 λίαν
1000 1177 1075 1218 καί
1096 1178 1307 1232 διαπρεπῆ
1324 1178 1396 1218 καί
1408 1174 1622 1231 περιεργό-

158 1258 269 1284 τατα
311 1245 648 1297 πεποικιλμένον,
684 1243 730 1285 ἐν
778 1237 813 1301 ᾦ
844 1241 895 1298 δὴ
919 1242 972 1285 τοὶ
1003 1240 1135 1285 πολλὰ
1167 1245 1481 1299 ἐμφιλοχωρεϊν
1518 1237 1654 1283 elai-c

161 1310 234 1350 θει
273 1307 346 1351 καί
374 1305 517 1366 ἑστιᾷν
555 1307 656 1358 τούς
690 1308 928 1366 φιλτάτους.
965 1307 1119 1351 τούτου
1153 1310 1199 1351 δὲ
1229 1308 1282 1350 τὰ
1306 1307 1413 1365 πρὸς
1440 1309 1498 1366 τῷ
1523 1304 1624 1349 ἐδά-

165 1389 240 1430 φει
268 1375 575 1430 ἐνδιαιτήματα
610 1377 682 1431 τῆς
715 1371 951 1428 Ἀνθεμίου
985 1370 1088 1417 ὄντα
1120 1373 1326 1430 ἐτύγχανε
1350 1375 1525 1431 μοίρας,
1565 1371 1625 1421 ὦς

166 1439 216 1481 τὸ
240 1437 400 1494 μεταξὺ
422 1442 537 1494 τέγος
560 1442 619 1499 τῷ
641 1441 720 1494 μὲν
738 1442 782 1491 ἐς
806 1439 982 1498 ὄροφην,
1007 1442 1066 1498 τῷ
1099 1441 1144 1483 δὲ
1170 1441 1214 1490 ἐς
1235 1441 1363 1495 βάσιν
1387 1436 1625 1495 παρατετά-

265 1551 294 1573 ι.
319 1539 505 1578 λελέξεται
529 1541 581 1582 R„
608 1540 752 1579 λέξεται
776 1541 870 1585 vulg.
970 1540 1002 1584 4.
1035 1537 1084 1574 τιὸ
1115 1541 1207 1574 οἴκω
1234 1540 1345 1586 Lugd.
1380 1539 1564 1586 1.m.(Cl.)
1589 1544 1627 1572 et

257 1588 370 1632 Intpr.
399 1586 565 1635 utrisque
601 1590 731 1622 iuncta
761 1599 837 1622 esse
861 1586 1074 1629 domicilia,
1110 1589 1146 1622 R.
1174 1587 1284 1632 Lugd.
1333 1599 1422 1621 corr.
1475 1591 1512 1619 et
1540 1585 1627 1623 edd.

260 1635 314 1678 τῷ
340 1634 444 1679 οἴκῳ.
538 1634 567 1670 8.
599 1634 713 1667 ἄλλου
744 1645 811 1667 του
838 1637 889 1676 Β.,
916 1635 1036 1668 ἄλλου
1071 1635 1139 1667 τού
1163 1646 1267 1670 τινος
1291 1635 1385 1679 vulg.
1486 1645 1536 1667 ιι.
1563 1630 1628 1665 ἅτε

260 1678 472 1729 δικηγόρου
495 1682 534 1714 Β.
564 1687 601 1715 et
624 1682 739 1726 Intpr.
763 1690 803 1715 uz
823 1694 956 1716 causas
978 1691 1223 1728 procurante,
1250 1680 1314 1714 ἅτε
1339 1680 1380 1723 δν)
1409 1679 1627 1725 κατηγόρου

258 1727 354 1773 vulg.
437 1740 488 1763 ια.
514 1728 764 1773 καταῤῥητορ.
778 1729 870 1774 vulg.
925 1730 974 1763 ι3.
990 1729 1011 1762 0‘
1035 1728 1074 1762 δὲ
1098 1729 1140 1761 ἐκ
1152 1730 1205 1769 R⁸²
1232 1727 1251 1761 ὁ
1278 1727 1314 1760 δ)
1338 1729 1379 1762 ἐκ
1403 1728 1496 1772 vulg.
1575 1726 1629 1770 14.

263 1771 384 1808 αὐτὸν
407 1785 479 1808 om.
502 1774 539 1808 R.
621 1776 671 1809 15.
697 1775 868 1817 ἐνέκτητο
896 1777 934 1808 R.
1055 1774 1263 1820 διαπρεπὲς
1293 1777 1331 1808 R.
1411 1786 1463 1820 19.
1497 1774 1548 1818 τῷ
1584 1791 1626 1799 -·

264 1821 317 1867 τῷ
341 1822 494 1863 correxi,
515 1819 558 1855 τὸ
578 1841 621 1848 -
639 1818 682 1855 τὸ
698 1824 737 1856 R.
763 1827 800 1856 et
821 1822 916 1867 vulg.

172 1916 212 1946 et
237 1910 387 1958 quidem
412 1910 534 1944 statim
559 1911 711 1945 dicetur.
761 1911 848 1944 Erat
881 1912 1046 1956 Byzantii
1082 1910 1138 1945 vir
1173 1910 1323 1958 quidam
1351 1911 1499 1944 nomine
1523 1912 1629 1951 Zeno,
1735 1943 1739 1954 Ι,

166 1958 360 1993 ·1·hetorum
387 1957 537 2005 quidem
570 1959 733 2004 catalogo
759 1958 987 2004 adscriptos,
1013 1959 1129 1993 clarus
1161 1959 1329 2004 alioquin
1355 1964 1392 1991 et
1417 1955 1651 2002 Imperatori'
1692 1952 1715 1962 '¹

174 2006 394 2039 notissimus.
419 2004 619 2039 Habitabat
636 2006 666 2039 is
691 2008 793 2039 iuxta
810 2005 1048 2040 Anthemium
1065 2032 1074 2048 ‚
1098 2007 1150 2040 ita
1173 2011 1214 2039 ut
1229 2005 1444 2038 viderentur
1472 2010 1629 2050 utroque

178 2051 365 2087 domicilio
391 2053 512 2092 uniti,
539 2057 576 2086 et
598 2064 673 2086 uno
701 2053 906 2099 eodemque
932 2055 1089 2088 termino
1116 2063 1193 2086 esse
1223 2052 1497 2097 circumscripti.
1537 2051 1629 2084 Suc—

178 2098 331 2133 cedente
356 2109 440 2132 vero
465 2104 628 2144 tempore
654 2100 842 2134 contentio
871 2100 1048 2145 quaedam
1075 2106 1112 2134 et
1136 2100 1299 2132 simultas
1328 2100 1424 2132 inter
1449 2110 1509 2132 eos
1536 2099 1630 2132 inci-

179 2145 258 2186 dit,
296 2145 370 2178 sive
395 2151 608 2190 prospectus
641 2158 769 2188 causa,
807 2146 906 2193 quod
930 2148 1092 2181 fortassis
1118 2151 1223 2180 antea
1251 2146 1331 2179 fieri
1363 2157 1437 2178 non
1473 2145 1627 2185 solebat,

178 2193 254 2226 sive
280 2191 378 2238 quod
407 2202 540 2226 novum
563 2192 770 2227 aedificium
794 2194 904 2227 nimis
932 2195 1006 2228 alte
1039 2195 1175 2228 elatum
1198 2193 1330 2226 lumini
1356 2192 1542 2233 officeret,
1567 2198 1630 2225 aut

179 2239 252 2272 alia
277 2239 400 2284 aliqua
424 2238 469 2275 de
493 2250 612 2281 causa,
635 2247 745 2286 prout
769 2241 900 2274 multas
928 2242 1025 2275 inter
1049 2252 1124 2283 eos,
1149 2241 1212 2286 qui
1237 2251 1346 2287 quam
1368 2239 1532 2285 proxime
1558 2239 1630 2272 ha-

178 2286 322 2326 hitant,
345 2287 603 2320 controversias
631 2287 790 2321 suboriri
813 2293 867 2322 est
886 2299 1045 2322 necesse.

276 2343 308 2377 7.
357 2332 451 2366 Tum
469 2333 594 2379 itaque
612 2332 828 2368 Anthemius
846 2334 892 2368 ab
917 2334 1135 2376 adversario,
1151 2338 1280 2380 utpote
1298 2337 1420 2366 actore
1432 2339 1469 2367 et
1483 2343 1630 2366 accusa-

181 2384 274 2419 tore,
292 2377 600 2420 dicendo-victus,
625 2392 707 2413 cum
727 2393 802 2414 non
828 2387 952 2426 posset
984 2382 1196 2428 eloquentia
1226 2381 1473 2426 gravitateque
1499 2379 1630 2413 verbo—

182 2437 262 2460 rum
289 2425 390 2470 paria
413 2435 494 2459 cum
518 2428 597 2472 ipso
618 2427 749 2465 facere,
776 2439 820 2461 ex
845 2440 906 2470 ea,
929 2440 1036 2475 quam
1063 2434 1179 2469 norat,
1198 2433 1274 2461 arte
1309 2427 1404 2462 hanc
1425 2427 1481 2460 illi
1507 2431 1631 2459 contra

181 2472 386 2506 molestiam
410 2473 591 2517 rependit,
637 2475 792 2508 Domum
811 2475 991 2521 quandam
1011 2477 1187 2509 excelsam
1210 2475 1372 2508 habebat
1390 2476 1495 2512 Zeno,
1523 2472 1629 2505 valde

182 2519 339 2564 amplam
372 2523 410 2551 et
428 2519 614 2563 pulchram
639 2527 676 2555 et
697 2522 1054 2556 curiose·admodum
1074 2528 1301 2563 exornatam,
1327 2523 1366 2554 in
1387 2532 1457 2566 quo.
1481 2524 1518 2552 et
1552 2520 1630 2562 ipse

171 2566 398 2612 ,frequenter
414 2567 550 2599 versari
573 2567 715 2601 solebat
728 2573 766 2602 et
789 2569 1023 2603 amicissimos
1052 2580 1216 2615 quosque
1244 2569 1418 2602 conviviis
1453 2566 1630 2610 excipere.

171 2612 303 2653 'Huius
331 2622 415 2646 vero
439 2612 615 2648 inferiora
643 2613 852 2648 habitacula
878 2617 955 2649 solo
982 2617 1145 2661 proxima
1179 2620 1282 2648 erant
1306 2626 1350 2647 ex
1369 2619 1470 2658 parte
1505 2612 1631 2645 domus

186 2658 395 2699 Anthemii,
425 2659 477 2691 ita
501 2664 542 2692 ut
561 2659 818 2694 intermedium
842 2667 998 2704 tectum,
1022 2664 1135 2696 altera
1162 2662 1219 2695 sui
1244 2666 1346 2705 parte
1372 2661 1417 2694 ad
1437 2659 1632 2704 fastigium,

185 2705 300 2740 altera
314 2705 360 2738 ad
375 2705 487 2739 basim
508 2711 719 2750 protensum
734 2713 842 2745 esset.
890 2709 945 2742 Ibi
967 2710 1091 2755 itaque
1111 2718 1259 2754 magnos
1281 2707 1421 2741 lebetes
1442 2717 1536 2752 aqua
1550 2706 1633 2751 ple-

177 2762 255 2791 nos
291 2761 358 2798 per
383 2751 525 2788 diversa
552 2750 680 2787 domus
711 2754 827 2800 §patin
861 2757 1076 2797 constituit,
1106 2754 1175 2790 hoa
1198 2764 1282 2788 vero
1314 2755 1473 2788 exterius
1503 2753 1634 2792 fistulis
