1832 3152
563 142 944 189 ffls'romAmJM
983 148 1037 189 v.
1073 149 1142 192 ιο.
1319 158 1321 160 ·
1495 140 1612 198 299

154 251 214 310 τῷ
245 249 404 308 ἀπείρῳ
431 249 554 291 αιάἲνι
585 250 885 305 συμφέρεσθαι
916 251 1100 304 λέγουσι·
1135 246 1211 290 νῦν
1235 247 1314 301 μὲν
1340 240 1507 301 ἇγαθάς
1533 242 1651 288 καίΑ.
1667 253 1704 288 C.
1731 252 1805 291 558

155 317 434 369 εὖδαιζιιονας,
479 315 556 358 νῦν
592 315 640 357 δὲ
667 313 890 371 μοχθηρὰς
915 314 988 356 καί
1010 310 1284 372 ἀποφράδας,
1322 309 1436 355 εἶναι’
1461 327 1506 354 τε
1530 301 1686 366 τὴνῙᾸ·
1712 302 1757 338 3²

159 382 378 438 παροῦσαν
408 379 646 438 περιφοράν
671 382 718 423 ἐκ
756 383 842 424 τῶν
871 382 1073 423 κακίστων
1089 380 1258 423 ἐκείνων
1287 378 1361 421 καὶ
1390 375 1616 420 ἀπαισίων·

161 450 354 492 ἐντεῦθεν
384 449 607 503 τοιγαροῦν
642 450 854 501 πολέμους
885 464 928 489 τε
963 447 1211 501 ἁπανταχοῦ
1238 445 1514 498 ξυνίστασθαι
1543 444 1615 486 καί
1624 451 1653 484 Β

131 512 328 563 ὅστάσεις
363 519 457 564 ταῖς
487 512 657 567 πόλεσι,
697 517 769 556 καί
792 513 844 557 τὰ
875 512 1060 569 λοιμώδη
1095 513 1215 569 πάθη
1248 510 1406 566 μόνιμά
1432 527 1478 552 τε
1508 507 1618 552 εἶναι

159 582 235 624 καί
269 582 529 636 συνημμένα.
578 581 710 637 ἕτεροι
742 583 788 623 δὲ
822 578 947 638 ὀργὴν
982 582 1062 622 τοῦ
1079 579 1310 636 κρείττονος
1342 579 1479 621 αἰτίαν
1510 574 1624 619 εἶναι’

161 663 272 704 φασι
302 649 374 702 τῆς
407 648 596 703 φθορᾶς,
638 648 868 700 μετιοῦσαν
900 644 1028 699 ἀξίως
1055 645 1107 688 τὰ
1138 647 1216 688 τοῦ
1247 643 1516 701 ἀνθρωπείου
1549 643 1620 697 γέ-

161 729 260 764 νους
286 711 553 769 ἀδικήματα,
587 715 662 755 καί
689 712 735 755 τὸ
754 715 914 768 πλῆθος
936 713 1288 768 ὑποτεμνομένην.
1318 710 1415 764 ἐμοὶ
1438 712 1484 751 δὲ
1507 712 1621 751 διαι-

162 781 240 837 τᾷν
268 777 446 837 ἑκατέρᾳ
476 778 575 837 δόξῃ
609 777 684 820 καί
717 779 1034 836 ἀποφαίνεσθαι
1082 777 1159 834 τὴν
1207 774 1497 832 ἀληθεστάτην
1545 775 1622 816 οῦκ

113 847 410 902 ιοέγχειρητέα
423 879 436 899 ,
466 843 598 900 τυχὸν
622 847 702 899 μὲν
723 846 824 888 οὐδὲ
851 847 1127 904 ἐπισταμένῳ,
1157 843 1290 899 τυχὸν
1319 845 1378 897 δὲ,
1403 844 1442 885 εἰ
1469 841 1542 884 καί
1562 843 1623 884 εἰ-

164 911 302 968 δείην,
346 908 439 953 ἀλλ’
469 912 546 953 οὔκ
579 912 807 966 ἀναγκαῖον
839 910 963 954 τοῦτό
998 928 1044 967 γε
1074 909 1180 953 εἶναι
1217 911 1380 964 δοκοῦν,
1430 906 1529 951 οῦδὲ
1566 909 1623 965 τῷ

163 975 344 1034 παρόντι
366 976 475 1035 λόγῳ
499 979 724 1034 προσῆκον·
762 977 896 1031 μόνου
931 977 1007 1034 γάρ
1041 994 1117 1031 μοι
1145 979 1223 1019 τοῦ
1251 975 1565 1031 συμβεβηκότος
1587 974 1627 1016 εἰ

164 1046 240 1088 καί
262 1043 332 1086 διὰ
355 1044 552 1101 βραχέων
597 1045 919 1100 ἐπιμνησθέντι,
962 1044 985 1086 ὁ
1005 1047 1079 1100 τῆς
1104 1042 1292 1100 ἱστορίας
1321 1039 1628 1099 ἑκτεθεράπευ-

165 1127 236 1155 ται
259 1108 398 1165 νόμος.

116 1174 166 1222 15
277 1177 350 1220 ια’.
410 1174 582 1219 Τούτων
607 1178 655 1219 δὲ
676 1173 790 1219 οὕτω
805 1179 1150 1232 ξυνενεχθέντων,
1180 1178 1395 1232 ἐπεγένετο
1419 1173 1493 1217 καί
1512 1168 1622 1216 ἄλλα

168 1238 273 1287 ἅττα
301 1245 350 1301 τῇ
374 1243 493 1285 πόλει
515 1245 609 1286 κατ’
636 1244 770 1286 ἐκεῖνο
797 1245 876 1286 τοῦ
905 1246 1069 1301 καιροῦ,
1098 1246 1290 1301 ταραχῆς
1317 1259 1360 1286 τε
1389 1239 1460 1283 καὶ
1493 1239 1666 1297 &ogni-C

168 1314 246 1366 βου
275 1308 490 1363 ἀνάμεστα
502 1343 515 1363 ,
566 1311 642 1352 καί
687 1310 768 1364 οὕχ
801 1305 933 1365 ἧσσον
966 1313 1052 1353 τῶν
1088 1312 1318 1367 εἰρημένων
1355 1300 1632 1366 ἆνιαρότατα.

169 1374 294 1419 ὁποῖα
319 1377 366 1418 δὲ
390 1375 524 1418 ταῦτά
543 1377 682 1429 ἐστιν,
723 1377 878 1419 αὐτίκα
901 1379 1007 1434 ἐρῶ,
1036 1376 1179 1433 βραχύ
1204 1393 1247 1418 τι
1274 1375 1480 1433 πρότερον
1522 1375 1633 1423 διεξ-

170 1441 311 1485 ελθών
337 1444 422 1485 τῶν
445 1443 751 1499 ἀρχαιοτέρων.
790 1443 829 1487 οἱ
856 1438 1012 1486 Οῦννοι
1039 1442 1085 1486 τὸ
1105 1446 1233 1498 γένος,
1259 1442 1307 1485 τὸ
1345 1445 1425 1497 μὲν
1455 1439 1634 1484 παλαιὸν

117 1507 388 1568 αοκατῴκουν
411 1510 486 1565 τῆς
513 1508 764 1559 Μαιώτιδος
795 1509 942 1566 λίμνης
968 1509 1020 1552 τά
1051 1509 1158 1568 πρὸς
1186 1508 1429 1566 ιῖπηλιαὶτην
1461 1503 1629 1561 ἄνεμον,

173 1577 248 1618 καί
270 1570 380 1631 ἦσαν
408 1576 486 1617 τοῦ
524 1574 731 1626 Τανάϊδος
762 1579 958 1630 ποταμοῦ
975 1577 1293 1634 οἷρκτικώτεροι,
1331 1575 1524 1631 καθάπερ
1560 1575 1633 1616 καί
1644 1576 1686 1613 V·
1707 1575 1772 1613 108

172 1639 224 1685 τὰ
254 1636 360 1685 ἄλλα
389 1640 591 1699 βάρβαρα
615 1641 742 1699 ἔθνη,
786 1642 921 1686 ὁπόσα
961 1641 1075 1694 ἐντὸς
1098 1643 1268 1698 Ἰμαιόυ
1300 1637 1427 1699 ὅρους
1454 1638 1534 1683 dmi
1559 1640 1636 1696 τὴν

273 1723 302 1746 ι.
327 1707 482 1757 ἀγαθὰς
515 1712 554 1744 R.
571 1737 582 1753 ,
617 1708 793 1757 ἀγαθοὺς
823 1713 918 1758 vulg.
1022 1725 1056 1749 2.
1082 1704 1286 1760 μοχθηρὰς
1310 1713 1371 1752 Β.,
1410 1705 1636 1757 μοχθηροΰς

268 1759 364 1805 vulg.
513 1771 563 1793 ιο.
586 1760 620 1792 εἰ
643 1770 712 1792 om.
742 1761 780 1794 R.
890 1772 942 1794 11.
971 1759 1044 1793 οὐκ
1073 1761 1359 1806 superscriptum
1384 1759 1423 1792 in
1448 1759 1487 1791 R.
1515 1770 1537 1792 a
1564 1769 1633 1791 ree.

269 1815 317 1839 m.
379 1816 430 1850 17.
458 1805 700 1854 ἄνιαριότατα
724 1808 763 1840 R.
837 1818 892 1841 22.
915 1807 1065 1854 Ἶμαίου
1090 1809 1129 1840 R.

176 1880 262 1909 sunt
284 1876 520 1920 peritissimi,
566 1882 770 1922 temporum
800 1876 1025 1922 quorundam
1047 1877 1294 1911 revolutiones
1315 1878 1356 1911 iu
1384 1874 1530 1908 infinito
1548 1884 1636 1907 aevo

176 1922 284 1958 simul
308 1923 396 1957 ferri
425 1931 610 1967 asserunt,
665 1924 773 1958 modo
804 1925 953 1970 quidem
983 1924 1098 1958 bonas
1130 1937 1170 1958 ac
1198 1925 1342 1965 felices,
1378 1922 1486 1957 modo
1516 1925 1644 1968 autem·

178 1980 305 2018 pravas
326 1976 364 2004 et
387 1972 586 2005 infaustas:
629 1983 707 2005 esse
741 1981 824 2005 vero
843 1979 1073 2016 praesentem
1094 1973 1359 2007 revolutionem
1392 1982 1437 2004 ex
1468 1968 1637 2015 pessimis

181 2018 256 2053 iuis
274 2023 382 2062 atque
406 2019 587 2053 infaustis.
622 2019 715 2053 Hinc
742 2030 824 2063 ergo
851 2025 887 2052 et
911 2019 1008 2052 bella
1035 2020 1168 2064 passim
1196 2025 1233 2052 et
1258 2018 1456 2052 seditiones
1482 2016 1637 2050 urbibus

181 2064 271 2100 oriri
305 2070 415 2110 atque
439 2066 682 2108 invalescere,
725 2072 762 2099 et
791 2067 1007 2112 pestilentes
1038 2066 1183 2100 morbos
1214 2078 1280 2111 per
1308 2066 1465 2099 multum
1492 2069 1637 2108 tempus

183 2113 314 2147 durare
339 2118 448 2159 atque
476 2112 746 2150 adhaerescere.
802 2114 876 2146 Alii
906 2123 991 2146 vero
1027 2114 1200 2147 interitus
1233 2122 1375 2146 causam
1405 2112 1450 2145 ad
1475 2110 1638 2144 divinam

184 2161 274 2194 iram
290 2159 470 2200 referunt,
495 2171 587 2206 quae
609 2159 759 2194 humani
783 2161 923 2205 generis
946 2166 1092 2205 peccata
1112 2162 1260 2205 puniat,
1285 2158 1636 2203 multitudinemque

184 2206 358 2242 succidat.
405 2206 466 2240 Me
487 2218 572 2242 vero
589 2206 634 2240 de
656 2213 811 2254 utraque
837 2208 1011 2253 opinione
1035 2207 1196 2241 iudicare
1237 2209 1490 2252 verioremque
1510 2205 1637 2239 decer-

185 2265 275 2288 nere
295 2251 391 2288 nihil
407 2254 550 2295 attinet,
574 2255 634 2288 vel
655 2255 754 2300 quod
769 2255 928 2288 nesciam
948 2255 1113 2296 fortasse,
1129 2254 1209 2300 {veh
1230 2256 1374 2288 etiamsi
1396 2254 1489 2288 forte
1512 2252 1637 2292 sciam,

185 2312 315 2348 parum
338 2306 462 2335 tamen
489 2302 733 2335 necessarium
771 2301 810 2335 id
836 2314 1026 2344 censeam,
1062 2313 1183 2347 neque
1215 2302 1399 2347 praesenti
1426 2300 1637 2335 tractationi

188 2354 483 2383 consentaneum.
533 2349 573 2382 Si
603 2349 703 2382 enim
727 2348 888 2384 breviter
909 2361 1001 2395 quae
1022 2349 1234 2383 acciderunt
1262 2350 1551 2390 commemoravi,
1573 2346 1637 2380 hi-

186 2399 322 2434 storiae
338 2397 411 2443 legi
423 2396 591 2430 satisfeci.

285 2457 336 2480 ιι.
385 2444 484 2477 Haec
512 2455 596 2478 vero
636 2454 716 2476 cum
758 2445 810 2478 ita
845 2442 1081 2486 accidissent,
1119 2444 1192 2478 alia
1219 2446 1330 2478 etiam
1363 2441 1543 2490 quaedam
1569 2453 1637 2487 per

187 2492 229 2528 id
246 2498 388 2537 tempus
408 2491 447 2524 in
466 2490 556 2524 urbe
573 2497 772 2526 evenerunt
791 2492 966 2524 tumultus
988 2503 1028 2524 ae
1047 2491 1482 2537 perturbationis‘plena‚
1515 2499 1638 2535 neque

186 2541 325 2581 minus,
349 2549 457 2584 quam
476 2549 568 2584 quae
585 2536 754 2579 diximus,
775 2538 914 2572 acerba.
941 2538 1075 2584 Qualia
1094 2544 1216 2573 autem
1234 2538 1324 2572 haec
1342 2539 1492 2578 fuerint,
1512 2537 1637 2570 statim

193 2587 310 2622 dicam
326 2613 335 2629 ‚
362 2585 391 2618 si
411 2584 512 2629 prius
535 2584 694 2618 breviter
721 2587 920 2619 vetustiora
943 2586 1121 2631 quaedam
1149 2595 1482 2619 commemoravero.
1532 2583 1637 2617 Hun-

190 2645 322 2668 norum
338 2643 427 2680 gens
449 2632 537 2666 olim
563 2632 708 2678 quidem
735 2633 915 2667 habitavit
934 2634 1028 2667 circa
1049 2645 1128 2667 eam
1152 2632 1348 2666 Maeotidis
1382 2630 1526 2676 paludis
1551 2641 1635 2676 par-

192 2686 281 2722 tem,
295 2675 389 2727 quae
412 2679 648 2713 subsolanum
661 2684 809 2714 ventum
821 2691 944 2714 versus
960 2686 1119 2725 spectat,
1149 2686 1326 2726 erantque
1352 2678 1467 2712 Tanai
1486 2676 1636 2711 flumine

173 2729 306 2774 ,magis
339 2729 665 2775 septentrionales3
714 2728 1017 2774 quemadmodum
1054 2733 1091 2762 et
1127 2727 1222 2760 aliae
1251 2727 1427 2762 barbarae
1455 2725 1635 2765 nationes,

197 2780 379 2825 quotquot
398 2778 493 2816 intra
527 2775 663 2811 Imaum
690 2780 849 2811 montem
873 2777 913 2811 in
930 2774 1014 2811 Asia
1031 2774 1282 2810 consederunt.
1331 2773 1379 2808 Hi
1400 2782 1485 2808 vero
1510 2782 1635 2808 omnes
