1794 3112
317 100 418 155 168
891 118 1160 163 AGATHIAE

121 223 209 261 A;C.
234 224 298 268 554
304 215 541 267 χαλεπαίνει
574 215 646 267 τῆς
672 214 740 255 ἐπὶ
762 215 816 270 τῷ
843 220 1010 274 κειμένῳ
1036 219 1310 274 παρανομίας,
1351 222 1424 262 καί
1443 221 1567 277 ταύτῃ
1593 220 1706 262 κεκά-

163 285 185 315 1-
211 286 237 319 1.
250 287 457 319 28κωνται
470 309 484 328 ,
510 277 556 317 τί
567 278 634 316 δεῖ
644 279 714 318 καί
727 277 839 331 ἡμᾶς
856 286 1047 334 παρεῖναι
1071 282 1142 324 καί
1163 283 1539 337 συνεπιλαμβάνειν,
1567 280 1712 338 οἵσπερ,

272 372 273 375 ,
308 335 380 379 οὐκ
398 339 671 393 ἐπαρκοῦντος
698 341 849 382 ἐκείνου
875 341 923 383 τά
947 343 1085 385 δίκαια
1110 347 1280 400 δρᾶσαι,
1307 345 1409 389 ἀλλά
1431 349 1565 402 τῆςλέξ
1591 347 1714 401 ἡμῶν,

307 402 546 456 ἐπικουρίας
572 405 896 457 προσδεομένους
933 407 1029 447 ποία
1056 409 1102 448 δέ
1125 425 1186 456 τις
1208 405 1257 451 ἂν
1288 410 1473 464 ἀσεβείας
1496 410 1702 464 ὑπερβολὴ

303 464 456 520 ἑτέροις
477 468 720 519 λελείψεται,
757 467 801 509 εἴ
819 485 862 522 γε
885 466 976 509 τόδε
1003 468 1050 511 τὸ
1077 471 1232 524 ιῖγαθὸν
1258 469 1532 526 οἷτιμάσαιμεν
1548 475 1605 529 ,τῇ
1627 474 1728 526 με-5

303 529 508 582 ταστάσει,
538 527 636 586 ὅπερ
662 530 734 572 καί
752 532 1002 587 ἠρεμούντων
1018 531 1134 588 ἡμῶν
1157 536 1392 591 ὖπερμαχεῖ
1402 537 1705 591 προσηκόντωςς

302 594 444 646 μηδείς
477 593 614 636 τοίνυν
645 595 743 648 ἡμῖν
768 594 841 637 τὸν
872 599 1080 638 τεθνεῶτα
1109 601 1334 654 παραγέτω,
1353 602 1477 655 δῆθεν
1507 603 1565 657 τῷ
1598 599 1703 656 λόγῳ

302 656 395 698 λίαν
417 657 591 710 ἆγεννῶς
614 658 941 714 ὀλοφυρόμενον,
977 664 1049 702 καί
1083 660 1311 704 ἱκετεύοντα
1342 662 1436 713 τοὺς
1471 662 1711 719 ὁμοφύλους

303 717 439 761 οἴκτου
462 726 602 774 τυχεῖν
621 724 676 778 τῷ
695 721 769 776 τήν
795 722 956 778 σφαγήν
970 724 1253 768 ἐπιδεικνύναι.
1288 729 1419 768 ταῦτα
1444 726 1520 782 γὰρ
1540 731 1704 782 μοχθη-

301 791 393 839 ραῖς
415 787 493 836 μὲν
517 793 675 838 ψυχαῖς
694 788 765 828 καί
789 784 1002 843 ἀνάνδροις
1022 787 1119 838 ἴσως
1137 787 1327 844 ἁρμόσει,
1368 791 1417 832 οὔ
1441 789 1525 846 μὴν
1549 806 1758 846 novom-10

271 850 425 890 (ἶπτέον
443 848 548 890 αὐτὰ
573 853 741 902 βασιλεῖ
756 852 827 893 καί
837 853 990 903 Λαζῶν
1006 853 1076 893 καί
1083 856 1123 894 Γ
1121 853 1286 910 ουβάζῃ,
1316 856 1353 896 εἶ
1375 854 1452 910 γάρ
1471 857 1619 903 ἐκεῖνος
1637 855 1704 896 ἕν-

302 913 438 952 ταῦθα
454 914 606 967 παρῆν,
645 913 805 963 πάντως
827 911 897 967 ἂν,
933 914 1006 957 ἅτε
1027 915 1076 971 δὴ
1100 917 1300 972 θεοφιλὴς
1319 917 1420 974 οἷνὴρ
1441 917 1611 973 γεγονώς
1634 918 1706 960 καὶ

302 973 518 1030 φρενήρης,
545 979 823 1033 κατεμέμφετο
847 981 923 1031 μὲν
943 979 1053 1034 ἡμᾶς
1075 983 1242 1022 τοιαῦτα
1264 984 1590 1034 βουλευομένους·
1614 983 1703 1024 ἐκέ-

301 1043 433 1080 λευεν·
451 1041 497 1081 δὲ
522 1038 579 1095 μὴ
613 1038 718 1083 οὕτω
754 1048 1107 1086 καταπεπτωκέναι
1135 1043 1207 1085 καί
1241 1047 1594 1098 μαλθακίζεσθαι,
1631 1046 1704 1088 καί

301 1104 584 1156 δραπετεύειν,
612 1105 798 1160 καθάπερ
822 1107 988 1159 οἰκέτας,
1019 1107 1240 1162 αἱρεῖσθαι·
1269 1107 1457 1164 φρόνημα
1479 1111 1524 1151 δὲ
1546 1111 1752 1162 μᾶλλονιό

301 1165 506 1219 Κολχικὸν
526 1167 596 1208 καί
615 1168 830 1223 ἐλεύθερον
855 1170 1156 1224 ἀναλαβόντας,
1184 1171 1368 1225 ἀντέχειν
1391 1173 1462 1226 τῆς
1479 1174 1699 1228 συμφορᾶς

299 1226 541 1284 θαρῥαλέως
554 1264 566 1282 ,
603 1234 674 1273 καί
688 1231 790 1287 πρὸς
810 1235 938 1287 μηδὲν
955 1235 1031 1285 μὲν
1056 1234 1229 1289 αἰσχρὸν
1249 1234 1320 1276 καί
1340 1232 1502 1284 οἷνάξιον
1520 1237 1600 1277 τῶν
1621 1252 1701 1279 πα-

298 1295 420 1347 τρίων
438 1292 654 1347 ἐξάγεσθαι
677 1295 858 1349 τρόπων,
887 1299 1074 1348 ἐμμένειν
1099 1300 1144 1338 δὲ
1171 1304 1254 1346 τοῖς
1270 1300 1448 1353 παροῦσι
1467 1297 1540 1339 καί
1560 1314 1707 1339 nsum--

298 1357 441 1407 θέναι,
469 1355 525 1404 ὥς
550 1359 623 1397 τοῦ
646 1357 872 1412 κρείττονος
895 1356 1041 1412 ἥκιστα
1060 1359 1105 1400 τὸ
1133 1360 1253 1409 ἔθνος
1278 1361 1590 1415 περιοψομένου.
1616 1357 1706 1402 εἶτα»

301 1421 388 1467 πῶς
417 1420 465 1460 οὗ
493 1419 656 1475 σφόδρα
680 1422 928 1477 παράλογον,
969 1424 1082 1479 αὐτῷ
1104 1425 1180 1476 μὲν
1208 1426 1263 1481 τῷ
1286 1427 1431 1477 βιαίως
1463 1425 1751 1482 ἄνῃρημένῳαο

265 1486 437 1525 Βταῦτα
456 1483 557 1524 κατὰ
582 1483 628 1526 τὸ
651 1484 757 1533 εἰκὸς
779 1485 887 1539 ἔχειν
919 1487 1129 1541 δεδόχθαι·
1168 1488 1275 1543 ἡμᾶς
1292 1491 1355 1542 δὲ,
1382 1486 1479 1537 τοὺς
1499 1487 1573 1542 τὴν
1597 1487 1699 1543 πρὸς

394 1564 421 1587 1.
447 1553 509 1586 ἐπὶ
533 1554 606 1587 τῶν
632 1557 812 1600 κειμένων
834 1558 871 1588 Β.
978 1560 1010 1592 6.
1034 1556 1156 1602 ὥσπερ
1182 1559 1222 1594 R.
1332 1571 1361 1604 7.
1387 1559 1491 1605 ἡμῶν
1513 1559 1551 1592 R.
1597 1586 1599 1589 .
1646 1571 1698 1593 ιο.

390 1598 550 1643 ἁρμόσει
571 1601 609 1632 R.
635 1606 671 1634 et
683 1603 790 1645 Intpr.
811 1603 998 1648 congruit,
1023 1602 1170 1647 ἀρκέσει
1192 1605 1284 1648 vulg.
1351 1606 1406 1641 13.
1431 1603 1527 1647 ὑμᾶς
1547 1604 1638 1648 vulg.
1661 1608 1698 1636 et

390 1645 501 1687 Intpr.
622 1646 671 1680 15.
696 1648 870 1690 αἴρεσθαι
896 1649 932 1681 R.
1021 1660 1073 1682 2¹.
1094 1646 1183 1682 κατά
1207 1643 1248 1681 τὸ
1273 1649 1339 1681 stae.
1363 1649 1415 1693 ἔχ.
1438 1651 1489 1690 R„
1516 1659 1548 1681 κ.
1572 1659 1604 1686 τ.
1629 1649 1694 1682 elac.

389 1685 431 1721 εὖ
454 1690 506 1734 ἔχ.
531 1691 621 1736 vulg.
636 1715 646 1731 ‚
679 1692 787 1736 Intpr.
812 1701 851 1728 ιιι
870 1695 902 1728 is
923 1712 970 1719 —-
1000 1702 1072 1727 tam
1115 1694 1280 1730 decenter
1306 1695 1395 1729 haec
1418 1702 1570 1729 censeat.

301 1770 353 1799 est
379 1767 535 1801 infensus
569 1768 614 1802 ob
638 1770 807 1803 nefariam
842 1770 983 1804 caedem
1008 1773 1246 1813 commissam,
1279 1771 1433 1817 ideoque
1458 1771 1562 1806 ‘hisce
1591 1770 1693 1806 malis

300 1812 515 1855 afficiuntur3
559 1815 646 1858 quid
670 1827 757 1859 opus
783 1820 836 1849 est
860 1818 966 1848 etiam
989 1828 1052 1849 nos
1076 1818 1109 1849 ei
1133 1818 1274 1857 adesse,
1302 1823 1526 1862 nostramque
1550 1829 1694 1861 operam

301 1858 479 1898 conferre,
503 1860 650 1902 perinde
675 1865 780 1905 atque
803 1861 833 1893 si
858 1862 919 1893 ille
942 1872 1004 1905 per
1034 1873 1070 1894 se
1094 1863 1252 1894 iustitiae
1277 1862 1490 1895 exercendae
1513 1873 1586 1895 non
1615 1858 1691 1895 suf-

301 1903 437 1941 ficeret,
464 1904 524 1936 sed
544 1911 662 1938 nostro
688 1906 820 1938 auxilio
845 1906 1042 1952 indigeret?
1075 1906 1198 1950 Qualis
1228 1917 1312 1940 vero
1344 1907 1537 1951 impietatis
1570 1919 1690 1940 exces-

300 1958 357 1979 sus
385 1948 463 1980 aliis
495 1949 730 1995 relinquetur,
766 1952 795 1983 si
818 1956 986 1983 summam
1015 1950 1106 1983 hanc
1129 1951 1323 1984 bonitatem
1347 1958 1467 1985 nostra
1491 1953 1691 1986 desectione

300 1997 580 2034 contemnamus,
615 2006 705 2040 quae
729 1997 835 2028 etiam
859 1997 962 2029 nobis
987 1997 1250 2040 quiescentibus
1273 2008 1336 2029 nos
1361 1999 1415 2030 uti
1437 2009 1501 2041 par
1525 2003 1578 2030 est
1606 2008 1691 2040 pro-

299 2038 456 2080 pugnat?
486 2039 595 2073 Nemo
627 2042 745 2084 itaque
778 2042 880 2074 nobis
908 2046 1082 2074 mortuum
1107 2041 1283 2074 Gubazem
1317 2043 1436 2075 verbis
1467 2044 1506 2076 in
1534 2041 1691 2075 medium

300 2081 452 2116 adducat
484 2096 607 2128 parum
640 2086 790 2118 viriliter
829 2086 1037 2126 eiulantem,
1079 2092 1115 2119 et
1145 2087 1329 2131 populares
1363 2099 1442 2119 suos
1482 2088 1690 2131 suppliciter

300 2133 469 2168 orantem,
493 2135 532 2162 ut
554 2132 608 2162 sui
632 2132 877 2171 misereantur,
903 2132 1020 2175 plagas
1048 2133 1184 2175 corpori
1211 2143 1272 2164 suo
1300 2132 1448 2164 inflictas
1469 2131 1687 2166 ostentando.

300 2172 395 2204 Haec
423 2175 516 2206 enim
541 2176 675 2208 vitiosis
699 2177 997 2221 effoeminatisqhe
1021 2177 1147 2208 animis
1178 2177 1332 2209 fortassis
1359 2179 1590 2218 conveniant,
1621 2187 1688 2210 ne-

301 2228 474 2262 quaquam
515 2230 595 2253 vero
628 2221 857 2254 adscribenda
890 2227 972 2254 sunt
1005 2222 1079 2265 regi
1120 2227 1156 2254 et
1188 2221 1331 2266 quidem
1363 2223 1549 2263 Lazowm,
1583 2228 1690 2267 atque

301 2262 389 2295 adeo
415 2263 585 2297 Gubazae.
634 2266 670 2298 Si
695 2267 788 2298 enim
820 2267 881 2299 ille
906 2277 1019 2299 coram
1049 2266 1207 2306 adesset,
1248 2267 1393 2310 graviter
1417 2273 1528 2307 certe,
1563 2266 1691 2312 utpote⁴

301 2308 380 2351 pius
405 2313 440 2340 et
463 2310 621 2343 cordatus
642 2312 717 2351 vir,
747 2323 810 2344 nos
834 2311 1046 2344 eiuscemodi
1083 2312 1230 2344 consilia
1254 2313 1422 2355 agitantes
1455 2313 1688 2351 insimularet,

301 2353 510 2397 iuberetque
539 2366 610 2387 non
641 2356 691 2387 ita
727 2357 852 2389 animis
889 2356 1010 2389 cadere
1037 2362 1142 2401 atque
1167 2357 1427 2401 elanguescere,
1461 2363 1498 2391 et
1525 2358 1686 2390 servilem

303 2398 342 2429 in
363 2397 503 2430 modum
520 2401 701 2444 aufugere:
726 2403 812 2445 quin
829 2402 946 2445 potius
969 2403 1084 2434 animo
1108 2402 1274 2434 Colchico
1299 2407 1334 2435 et
1348 2403 1486 2436 liberali
1507 2406 1685 2445 resumpto

303 2453 500 2476 aerumnam
524 2445 662 2478 fortiter
685 2447 857 2479 sustinere
871 2471 880 2487 ‚
905 2451 941 2479 et
962 2446 1055 2479 nihil
1078 2451 1180 2490 turpe
1196 2449 1391 2492 patriIsque
1414 2446 1569 2480 moribus
1586 2445 1685 2478 indi-

302 2499 407 2535 gnum
441 2491 677 2531 committere3
718 2491 780 2524 sed
821 2493 997 2535 praesenti
1035 2503 1148 2523 rerum
1188 2493 1294 2525 statui
1327 2493 1507 2532 insistere,
1556 2495 1692 2535 certam,

301 2533 463 2566 fiduciam
486 2536 724 2578 concipientes
748 2536 906 2569 divinum
937 2537 1105 2569 auxilium
1134 2537 1318 2570 Colchicae
1342 2538 1438 2580 genti
1459 2546 1685 2580 nequaquam

301 2577 515 2616 defuturum.
571 2581 719 2613 Proinde
751 2593 820 2626 quo
851 2587 953 2625 paeto
987 2593 1057 2613 non
1089 2581 1313 2615 vehementer
1345 2581 1530 2615 absurdum
1566 2580 1683 2618 fuerit,

302 2623 370 2673 ipsi
403 2626 543 2669 quidem
574 2627 746 2663 violenter
778 2627 964 2666 interfecto
998 2628 1233 2661 verisimiliter
1257 2628 1343 2665 hacc
1378 2626 1538 2677 probari,
1581 2625 1682 2663 uobis
