1832 3152
596 122 973 180 ms'romAmm
1009 126 1082 165 111.
1108 124 1177 169 28.
1497 98 1607 156 203

164 221 406 291 ammeio
433 226 704 285 παγχρύσους
732 225 805 269 καί
827 226 1074 283 περιδέραια
1098 223 1172 267 καὶ
1191 224 1378 279 ἐλλόβια,
1416 219 1488 264 καὶ
1505 215 1716 264 ἄλλαΑ-(ἓ-
1731 223 1798 258 555

170 293 275 340 ἄττα
299 294 444 341 τοιάδε
473 294 728 350 θηλυπρεπῆ
749 291 1003 346 ποικίλματα
1027 293 1099 334 καί
1126 290 1348 348 περίεργα,
1389 287 1546 338 ὂποιόις
1570 285 1610 328 οἱ
1621 270 1750 315 I·I·²9

167 358 424 416 ἐντιμότεροι
476 360 559 402 τῶν
594 357 762 413 ΙΙἸήὸων
808 358 1144 412 ἐναγλαΐζονται,
1200 357 1275 398 τοῦ
1305 355 1465 409 μᾶλλον
1505 349 1614 395 εἶναι

166 423 359 482 ἆρίδηλοι
397 427 470 474 καί
503 427 580 466 τοῦ
615 419 742 466 ἄλλου
768 423 916 478 ὁμίλου
939 420 1252 479 ἀποκεκρίσθαι.
1288 420 1310 462 ὅ
1335 422 1381 463 δὲ
1410 423 1657 476 Ναχορα-Ι)

137 489 254 551 §yda
291 489 437 547 ἐπειδὴ
470 488 600 533 αὖτὸν
632 491 685 532 τά
714 506 760 531 τε
787 489 1000 545 ἐπιτήδεια
1023 489 1235 540 ἐλελοίπει,
1263 490 1336 529 καί
1353 481 1434 542 ἤδη
1456 485 1615 540 χειμῶ-

165 573 234 607 νος
267 553 358 613 ὥρα
389 559 647 612 ἐπεγίγνετο,
688 555 804 614 ἐῴκει
830 558 908 609 μὲν
939 549 1068 604 αὖθις
1096 552 1434 609 πολεμησείοντι,
1477 550 1550 593 καί
1571 552 1615 600 ἐς

162 620 258 665 τόδε
285 624 648 680 συσκευαζομένην.
683 622 731 663 οὖ
747 620 831 677 μὴν
851 619 956 679 ἔργῳ
979 618 1026 662 τὸ
1048 619 1264 673 βούλευμα
1283 620 1481 675 ἐπετέλει,
1509 615 1615 670 ἀλλὰ

163 687 212 731 τὸ
235 691 319 731 τῶν
341 690 597 742 Διλιμνιτῶν
619 694 768 745 στῖφος
789 689 839 744 τῇ
857 687 1060 745 ὑστεραίᾳ
1090 687 1307 738 ἐκπέμψας
1333 683 1415 725 ἀνὰ
1439 683 1486 725 τὸ
1513 681 1615 724 στά-

166 755 256 797 διον
273 789 285 809 ,
314 754 386 796 καί
415 755 457 805 ἐς
484 756 665 804 ἐκείνους
692 752 794 812 ὄρᾷν
815 752 914 804 τούς
953 751 1189 806 Ῥωμαίους
1213 747 1455 802 ἀναπείσας,
1482 745 1613 806 ταύτῃ

115 835 210 864 ποτε
243 819 414 877 δόκησιν
435 821 752 877 παρασχόμενος
775 821 851 861 τοῦ
874 818 1204 870 ἐπελεύσεσθαι,
1235 815 1386 862 αὐτίκα
1416 812 1482 869 ὅγε
1513 829 1616 867 σχο-

161 886 354 942 λαίτερον
389 882 477 940 ἅμα
517 892 604 936 τοῖς
642 882 785 936 ἄλλοις
825 885 1141 942 στρατεύμασιν
1182 883 1253 926 ἐπὶ
1296 880 1508 924 Κοτάϊσιν
1546 878 1621 922 καί

161 951 452 1008 Μουχείρισιν
481 949 716 1007 ἐπορεύετο.
765 949 822 1002 ὥς
847 953 893 993 δὲ
925 955 1116 992 πλεῖστον
1149 945 1229 1005 ἤδη
1262 950 1336 1003 τῆς
1370 947 1471 989 ὁδοῦ
1493 962 1618 1002 προε-

159 1015 336 1073 ληλύθει
351 1051 364 1071 ,
404 1015 494 1060 τότε
518 1018 568 1074 δὴ
593 1017 664 1060 καί
682 1017 719 1060 οῖ
738 1020 986 1071 Λιλιμνῖται
1010 1015 1210 1066 λύσαντες
1229 1014 1304 1071 τήν
1332 1013 1470 1067 τάξιν,
1499 1013 1618 1054 εὔκο-

161 1083 326 1125 λαὶτατα
353 1081 631 1139 α’πεχώρουν,
663 1080 736 1124 ἅτε
767 1082 817 1138 δι’]
843 1081 1013 1139 κούφως
1040 1078 1109 1123 da*
1133 1082 1405 1133 ἐσταλμένοι,
1435 1077 1509 1120 καί
1541 1072 1618 1118 ἄλ-

113 1153 247 1199 ι5λως
275 1144 444 1202 ἄλκιμοι
486 1149 559 1191 καί
592 1147 810 1199 ποδώκεις.
857 1150 1052 1203 παρῆσαν
1090 1149 1136 1189 δε
1174 1145 1306 1189 adzo&
1335 1144 1409 1187 καὶ
1443 1145 1470 1200 ἦ
1512 1139 1617 1199 ἄλλη

159 1213 350 1272 Περσικὴ
372 1213 583 1272 ἆπόμοιρα
598 1250 611 1269 ,
650 1216 692 1258 οἳ
716 1214 768 1271 δὴ
793 1212 1022 1269 ἐτύγχανον
1044 1213 1160 1270 παρὰ
1181 1212 1252 1255 τὸν
1285 1214 1467 1258 Νέοκνον
1488 1227 1617 1252 ποτα-

159 1279 242 1335 μὸν
269 1282 471 1337 πρότερον
507 1282 811 1335 ἀπεσταλμένοι
842 1280 913 1323 διὰ
943 1279 1020 1335 τήν
1044 1279 1270 1336 ΖΠαρτίνου
1300 1275 1478 1332 ἀπάτην,
1508 1272 1611 1333 ᾗπέρ
1626 1285 1661 1321 Ρ.
1673 1283 1741 1322 106

159 1363 232 1401 μοι
250 1341 330 1402 ἤδη
356 1344 529 1402 ἐρρήθη.
569 1344 733 1401 γνόντες
757 1345 838 1401 γάρ
865 1343 921 1395 ὦς
943 1345 1171 1400 ἐνενίκηντο
1197 1346 1275 1398 μὲν
1297 1342 1334 1385 οἱ
1352 1344 1547 1397 Πέρσαι,
1577 1339 1616 1382 οἱ

162 1413 209 1455 δὲ
248 1413 459 1465 “Ρωμαΐοι
492 1410 656 1467 ἁπάσης
684 1407 763 1467 ἤδη
794 1413 867 1466 τῆς
897 1411 1043 1468 χώρας
1074 1408 1305 1466 ἐκράτουν,
1349 1409 1499 1450 αὐτίκα
1531 1409 1616 1462 οἵγε

107 1478 335 1533 αοπορείαν
377 1475 472 1519 τινὰ
506 1475 870 1518 διαλανθάνουσαν
910 1475 982 1518 καί
1021 1477 1105 1518 τῶν
1132 1473 1362 1532 λεωφόρων
1396 1470 1616 1530 ἆποκεκρι-

158 1544 286 1598 μένην
309 1540 580 1591 διανύσαντες
618 1544 677 1592 εἰς
701 1544 987 1597 Μουχείρισιν
1031 1543 1166 1583 ἵκοντο
1181 1575 1193 1594 ,
1235 1542 1320 1582 τῶν
1343 1542 1422 1593 μὲν
1443 1539 1615 1594 ἀγώνων

158 1604 308 1664 ἥκιστα
343 1607 650 1663 μετασχόντες,
697 1610 772 1650 τοῦ
801 1610 847 1650 δὲ
880 1609 952 1663 τῆς
994 1608 1130 1664 φυγῆς
1163 1604 1341 1661 αἴσχους
1379 1607 1516 1662 πολλῷ
1550 1603 1615 1647 ἔτι

257 1710 285 1733 ι.
310 1696 561 1746 περιδεῤῥαῖα
584 1698 676 1743 vulg.
738 1709 771 1732 2.
798 1696 957 1734 ὁποίους
984 1696 1062 1742 sph.
1089 1698 1163 1731 Par.
1221 1698 1255 1731 6.
1281 1695 1389 1740 ἐῴκει
1413 1699 1613 1729 correctum

250 1751 306 1779 est
337 1747 376 1780 in
408 1757 479 1790 mg.
507 1745 640 1790 Lugd„
671 1743 799 1778 ἐδόκει
836 1745 935 1778 idem
977 1745 1018 1777 in
1054 1744 1128 1777 ord.
1161 1748 1198 1777 et
1221 1744 1285 1784 R.,
1310 1744 1421 1787 Intpr.
1454 1741 1612 1776 videba-

249 1801 318 1827 tur.
421 1804 470 1827 ιο.
498 1790 769 1837 σχολαιότερον
793 1793 830 1824 Β.
896 1803 945 1826 ιι.
968 1793 1179 1824 Κοταίσιον
1201 1789 1290 1823 Edd.
1351 1801 1400 1823 12.
1428 1789 1612 1835 ἐπορεύε-

245 1850 288 1872 το
317 1840 371 1880 R„
396 1838 625 1883 ἐπορεύοντο
650 1839 743 1884 vulg.
824 1838 874 1874 ¹5.
903 1836 1023 1872 αὐτοῦ
1051 1848 1084 1870 κ.
1113 1837 1132 1880 ἢ
1158 1835 1250 1879 ἄλλη
1275 1838 1329 1877 R„
1355 1848 1388 1869 κ.
1417 1837 1438 1879 ἤ
1465 1835 1499 1869 ἄ.
1527 1833 1610 1871 αὐτ.

247 1886 341 1931 vulg.
426 1897 485 1921 20.
517 1883 863 1932 ἀποκεκρυμμένην
885 1886 923 1918 R.
1304 1894 1307 1896 ’

155 1979 298 2015 menta,
323 1974 491 2021 qualibus
526 1974 767 2008 notabiliores
802 1973 1126 2019 honoratim-esque
1157 1972 1258 2007 Medi
1292 1973 1413 2007 ornari
1459 1973 1604 2015 solent,

155 2026 198 2054 ut
231 2022 504 2066 spectabiliores
535 2023 632 2062 sint,
669 2027 706 2054 et
736 2033 756 2054 a
787 2022 894 2066 vulgo
930 2026 1174 2055 secernantur.
1232 2020 1467 2066 Nachoragan
1497 2031 1607 2062 vero,

156 2077 236 2100 cum
266 2068 336 2100 iam
368 2069 485 2112 ipsum
517 2074 737 2101 commeatus
774 2068 918 2114 aliaque
958 2068 1160 2101 necessaria
1197 2067 1394 2100 deficerent
1415 2092 1425 2108 ‚
1463 2072 1501 2100 et
1535 2067 1607 2100 iam

155 2113 282 2147 bruma
305 2114 526 2155 immineret,
557 2115 765 2159 proeliandi
792 2114 941 2161 quidem
978 2114 1200 2148 desiderium
1234 2125 1319 2157 prae
1358 2125 1397 2147 se
1434 2113 1604 2155 ferebat,

156 2165 196 2193 et
227 2160 273 2194 ad
301 2158 371 2194 hoc
396 2171 435 2194 se
469 2161 722 2206 comparabat3
758 2173 796 2194 re
831 2167 951 2194 tamen
982 2162 1060 2206 ipsa
1087 2162 1281 2194 consilium
1307 2159 1603 2206 desideriumque

155 2217 260 2239 suum
292 2218 365 2240 non
389 2207 620 2252 praestabat;
652 2207 717 2241 sed
747 2208 1022 2242 Dilimnitarum
1061 2208 1201 2253 agmine
1238 2207 1414 2252 postridie
1446 2206 1492 2240 ad
1527 2213 1603 2240 sta-

155 2251 257 2286 dium
283 2254 432 2294 emisso,
459 2258 496 2286 et
523 2254 668 2287 adversa
691 2255 730 2288 in
749 2255 924 2287 Romanos
948 2254 1068 2287 fronte
1093 2260 1186 2287 stare
1211 2254 1310 2287 iusso
1331 2279 1341 2295 ,
1378 2265 1496 2299 eoque
1519 2255 1600 2299 ipso

153 2298 285 2344 proelii
308 2299 370 2333 abs
394 2311 431 2333 se
456 2301 704 2334 committendi
727 2302 1015 2345 expectationem
1041 2303 1220 2342 excitans,
1254 2301 1387 2335 sensim
1413 2301 1491 2344 ipse
1517 2312 1599 2333 cum

154 2346 307 2391 reliquis
333 2346 446 2391 copiis
479 2347 686 2381 Cotaesium
712 2353 749 2390 et
767 2347 1041 2380 Muchirisidem
1070 2358 1192 2381 versus
1220 2347 1340 2381 movit.
1391 2347 1481 2380 Cum
1511 2358 1596 2380 vero

151 2393 223 2424 iam
260 2393 449 2425 maximam
483 2394 562 2427 viae
591 2399 728 2438 partem
759 2394 974 2427 confecisset
996 2419 1006 2434 ,
1037 2399 1114 2426 tum
1152 2400 1189 2427 et
1228 2394 1443 2427 Dilimnitae
1484 2394 1599 2427 soluta

151 2440 230 2472 acie
259 2439 431 2471 facillime
457 2439 727 2480 abscesserunt,
758 2446 887 2484 utpote
913 2441 1043 2473 leviter
1068 2451 1209 2485 semper
1239 2442 1366 2474 armati
1395 2439 1601 2484 expeditio-

151 2496 301 2530 resque‚
334 2491 370 2518 et
399 2491 585 2531 praeterea
621 2487 761 2520 robusti
799 2486 1030 2532 pedibusque
1064 2488 1211 2521 celeres.
1270 2487 1500 2520 Adventabat
1532 2498 1599 2519 au-

149 2536 224 2565 tem
248 2532 358 2564 etiam
382 2532 453 2565 alia
477 2531 589 2576 ipsius
614 2533 744 2566 Persici
781 2534 959 2566 exercitus
984 2545 1063 2578 pars
1079 2559 1088 2575 ,
1125 2545 1218 2579 quae
1243 2532 1289 2566 ad
1316 2533 1502 2577 Neognum
1529 2533 1599 2565 flu·-

149 2578 248 2611 vium
281 2584 388 2612 antea
429 2579 538 2611 missa
570 2579 688 2613 fuerat
718 2585 868 2625 propter
903 2579 1053 2614 Martini
1101 2580 1247 2620 dolum,
1295 2578 1597 2625 quemadmodum

149 2634 258 2669 supra
286 2636 307 2657 a
329 2636 386 2658 me
414 2624 548 2658 dictum
573 2630 636 2658 est.
685 2625 775 2659 Cum
801 2627 899 2660 enim
930 2627 1180 2671 cognovissent
1206 2628 1319 2659 victos
1346 2625 1493 2671 quidem
1517 2637 1596 2659 esse

149 2670 298 2711 Persas,
336 2672 512 2704 Romanos
542 2682 627 2705 vero
663 2671 830 2706 universa
859 2672 931 2706 iam
968 2675 1115 2718 regione
1147 2672 1286 2717 potiri,
1320 2672 1511 2706 confestim
1539 2683 1600 2706 oc-

151 2716 305 2752 mitiore
331 2718 462 2752 itinere
490 2723 527 2752 et
557 2729 577 2750 a
604 2717 762 2764 publicis
787 2718 854 2757 viis
882 2724 1020 2755 remoto
1047 2717 1319 2754 Muchirisidem
1345 2723 1601 2766 pervenerunt,
