1722 3146
179 137 301 177 XXIV
438 131 690 202 SPECnlEN
728 130 998 172 VERSIONIS
1036 129 1320 172 PERSONAE.

179 239 305 268 natura
327 234 602 272 contentiosior,
625 241 728 275 saepe
752 233 859 265 etiam
885 243 947 275 pro
970 232 1074 276 regiis
1093 232 1289 275 porticlbus
1306 232 1396 276 ipsis
1424 233 1573 276 astabat,

177 292 386 334 plerumque
400 291 438 322 in
457 289 682 321 librariorum
699 287 854 320 tabernis
868 288 1046 320 venalitiis
1061 286 1250 328 assidebat,
1274 294 1310 321 et
1329 289 1374 322 ad
1389 289 1574 324 hominum

177 351 306 377 turmas
329 356 364 377 se
382 344 505 376 codem
524 345 743 388 cogentium,
765 344 872 376 verba
898 343 1081 387 magnilica
1110 343 1258 386 perinde
1282 344 1511 378 mirabundus
1538 349 1575 378 et

176 401 337 443 stupidus
356 399 552 439 factitabat,
579 404 746 432 consueta
764 399 936 443 quaedam
957 398 1000 430 de
1019 399 1098 439 deo,
1121 397 1234 443 longis
1250 399 1435 433 verborum
1449 401 1577 444 amba-v

175 456 289 499 gibus,
312 455 386 495 his,
411 456 473 499 qui
494 466 530 487 se
556 455 852 488 circumsisterent
874 454 1156 498 postulantibus,
1192 455 1307 499 qualis
1331 467 1412 488 nam
1439 457 1573 489 scilicet

175 518 267 544 esset
288 512 342 542 illi
362 517 501 551 natura,
526 523 616 555 quae
631 522 712 543 nam
733 511 942 549 substantia,
966 515 1084 542 utrum
1107 511 1303 551 afliciatur,
1327 516 1445 544 utrum
1468 522 1572 544 curae

175 568 221 600 sit
242 578 362 610 expers
380 592 389 607 ‚
415 572 450 600 et
479 568 548 599 alia
565 567 738 611 quaedam
763 566 949 606 eiusmodi⁷
975 567 1037 610 qui
1060 577 1141 599 vero
1166 567 1233 611 ista
1260 556 1502 611 profitebatur,
1525 577 1571 600 ne

175 623 434 666 grammaticum
459 623 602 666 quidem
633 622 761 654 adiisse
786 632 944 665 unquam
977 621 1205 661 crediderim,
1245 632 1310 654 nec
1338 622 1446 655 vitam
1480 622 1570 654 forte

173 679 359 711 rectiorem
394 679 517 721 egisse.
587 677 737 711 Proinde
766 681 896 720 putent
930 675 969 708 hi
1003 677 1108 709 facilc
1137 676 1275 721 aliquid
1299 687 1372 709 esse
1402 682 1437 710 et
1464 678 1571 722 plane

171 734 492 778 promptissimum,
517 738 578 766 aut
595 734 724 777 cuique
742 732 920 776 pervium,
945 731 1042 776 quod
1059 732 1163 776 vulgo
1184 733 1312 771 fertur,
1333 731 1460 775 pedem
1485 743 1570 776 por-

172 790 264 833 rige,
298 794 334 822 et
365 788 594 831 Theologiam
618 789 771 832 attinge:
806 799 914 833 quum
936 787 1027 820 hanc
1060 793 1196 820 constet
1223 798 1296 820 rem
1321 798 1395 820 esse
1428 792 1464 820 et
1489 797 1578 831 pro-.

171 844 302 884 batam,
327 849 362 876 et
382 844 687 887 inexplicabilem,
717 848 754 875 et
771 843 875 886 longe
893 844 1122 885 superiorem,
1149 854 1254 888 quam
1277 847 1315 875 ut
1337 853 1412 875 eam
1431 843 1571 887 assequi

173 901 337 944 cogitatio
369 905 476 944 queat
499 899 759 942 imperitorum,
785 898 846 944 qui
873 898 1066 942 ignorando
1092 898 1184 931 hanc
1207 898 1436 931 demirentur.
1483 898 1575 931 Sunt

171 966 344 999 namque,
377 955 439 999 qui
475 955 612 999 vesperi
637 965 680 987 ex
709 955 785 997 ipsa
812 955 930 987 statim
966 954 1137 988 ebrietate
1168 959 1204 987 et
1238 954 1382 997 crapula
1407 953 1572 997 impediti

172 1010 389 1055 quammulta
409 1009 649 1049 deblaterent,
673 1009 791 1054 deque
810 1010 1113 1043 excellentissimis
1131 1009 1236 1042 rebus
1262 1009 1344 1049 illis,
1370 1009 1571 1053 divinisque

173 1065 439 1111 quaestionibus
467 1077 644 1099 sermones
671 1065 876 1099 indecenter
905 1067 1131 1109 incoeptent,
1166 1070 1202 1098 et
1235 1067 1275 1099 in
1304 1064 1478 1098 eiusmodi
1501 1076 1571 1097 nu-

171 1122 285 1166 gando
304 1121 478 1162 delirent,
503 1127 540 1155 et
561 1121 656 1154 haud
674 1131 772 1154 secus
794 1131 835 1155 ac
854 1123 917 1166 qui
933 1122 1044 1154 aleam
1067 1120 1198 1154 ludunt
1211 1145 1220 1162 ,
1254 1121 1422 1155 rixentur.
1466 1121 1572 1154 Hisce

171 1179 210 1211 in
252 1179 357 1211 rebus
398 1179 638 1223 principatum
681 1182 804 1211 nactus
855 1178 1024 1219 Uranius,
1069 1177 1216 1222 perinde
1262 1177 1466 1210 Homericus
1508 1176 1572 1209 ille

171 1234 351 1268 Thersites
389 1234 476 1266 alios
517 1233 711 1277 arguebat,
749 1232 1008 1278 extrahereque
1048 1234 1087 1266 in
1117 1233 1261 1276 longum
1295 1242 1472 1265 sermones
1505 1231 1574 1264 mi-

169 1291 266 1323 nime
305 1288 519 1330 desistebat,
553 1289 620 1322 etsi
658 1289 744 1322 alias
778 1288 822 1322 de
855 1288 921 1322 deo
955 1287 1049 1322 haud
1075 1288 1157 1321 satis
1180 1293 1274 1321 recte
1299 1289 1466 1321 sentiret:
1506 1297 1574 1319 nee

171 1336 254 1379 sane
292 1345 586 1390 disceptationem
632 1345 792 1384 sinebat,
826 1344 958 1377 iamdiu
1011 1350 1232 1388 occoeptam,
1285 1343 1410 1377 ordine
1447 1343 1574 1376 saltem

169 1414 232 1435 suo
262 1401 475 1447 procedere;
510 1400 573 1434 sed
598 1401 773 1448 apertiora
802 1402 923 1445 potius
958 1400 1219 1440 confundebat,
1256 1405 1292 1433 et
1316 1399 1498 1444 quaesitae
1521 1397 1572 1431 rei

169 1457 398 1501 propulsabat
431 1458 684 1490 inventionem.
731 1457 886 1490 Volebat
913 1456 972 1489 hie
1003 1457 1152 1490 forsitan
1184 1455 1338 1489 Platonis
1362 1453 1571 1497 Pythonem,

170 1514 386 1558 Sextumque
411 1512 567 1557 denique
591 1513 743 1553 imitari,
780 1518 817 1545 et
841 1510 962 1544 eorum
984 1522 1080 1544 more
1102 1512 1349 1556 responsiones
1372 1515 1413 1543 ut
1435 1511 1574 1551 fierent,

170 1574 210 1601 ut
236 1570 314 1601 finis
342 1575 433 1601 esset
458 1569 511 1601 nil
537 1568 733 1609 obturbari,
760 1569 844 1612 quia
870 1568 908 1600 id
933 1568 1049 1600 animo
1074 1572 1337 1611 praesumptum
1366 1567 1438 1598 iam
1469 1570 1572 1604 esset,

168 1625 262 1658 nihil
293 1636 368 1657 esse
401 1626 544 1668 penitus
577 1626 820 1657 constitutum.
868 1623 938 1656 Sed
962 1624 1140 1655 Platonica
1163 1623 1231 1654 ista
1258 1621 1354 1654 haud
1389 1621 1474 1653 satis
1507 1621 1572 1653 ille

168 1681 351 1718 didicerat,
376 1682 415 1712 ni
439 1680 529 1713 forte
556 1679 718 1712 alicunde
740 1683 889 1711 venatus
908 1688 1081 1721 perpauca
1101 1677 1314 1720 collegisset,
1339 1676 1467 1721 quibus
1489 1686 1574 1720 pos-

167 1741 222 1769 set
252 1734 449 1768 ineruditos
480 1735 550 1768 iam
585 1735 716 1767 fallere.
763 1734 808 1766 Et
839 1731 1134 1779 quemadmodum
1166 1733 1349 1766 literarum
1381 1738 1456 1765 erat
1477 1733 1507 1764 is
1531 1743 1570 1765 re

167 1793 329 1836 ignarus,
362 1793 415 1823 ita
446 1795 483 1823 et
513 1790 687 1823 bonorum
722 1800 856 1822 morum
882 1789 1040 1822 omnium
1067 1799 1199 1832 expers.
1232 1788 1436 1822 Istiusmodi
1460 1799 1569 1833 quum

167 1853 260 1881 esset
284 1847 448 1886 Uranius,
469 1846 514 1879 ad
530 1847 648 1880 Persas
673 1857 709 1878 se
734 1846 897 1886 contulit,
921 1856 985 1889 per
1008 1844 1250 1878 Areobindum
1275 1845 1426 1884 Persam,
1452 1850 1488 1877 et
1511 1855 1569 1877 re-

165 1905 217 1947 gis
239 1908 324 1935 tunc
349 1907 541 1942 oratorem,
577 1907 617 1934 ut
639 1901 830 1934 cothurnus
856 1907 892 1934 et
915 1902 1047 1934 nebulo
1072 1900 1214 1941 duetus,
1248 1902 1415 1933 nimirum
1441 1901 1503 1945 qui
1527 1911 1570 1933 ea

165 1958 234 1991 sibi
259 1963 464 1991 ornamenta
488 1957 617 1990 stolide
644 1957 878 1997 vendicasset,
904 1957 1032 2002 quibus
1056 1957 1198 1989 omnino
1222 1962 1375 1996 careret,
1399 1956 1568 2000 pallium-

165 2025 236 2059 que
261 2015 422 2057 protinus
453 2013 591 2053 induit,
629 2011 725 2058 quod
748 2013 1014 2055 disciplinarum
1045 2013 1203 2056 magistri
1229 2017 1362 2056 gestare
1387 2011 1480 2055 apud
1503 2023 1567 2044 nos

164 2071 289 2104 solent.
338 2070 395 2102 Sic
426 2071 546 2115 itaque
580 2069 720 2113 obstipa
750 2068 972 2114 superbaque
1000 2068 1090 2101 facie
1118 2067 1307 2100 Chosroem
1337 2067 1456 2100 adivit.
1489 2072 1566 2100 tum

164 2128 228 2159 illc
251 2127 436 2170 inopinato
465 2126 637 2158 miraculo
670 2125 825 2169 percitus
840 2149 850 2164 ‚
874 2129 910 2156 et
933 2135 1071 2158 sacrum
1094 2122 1232 2168 aliquid
1253 2134 1327 2156 esse
1343 2123 1567 2167 imaginatus,

163 2184 434 2226 suspicatusque
457 2192 579 2215 verum
602 2180 698 2214 hunc
717 2191 791 2214 esse
813 2179 1084 2225 philosophum,
1111 2178 1207 2225 (nam
1237 2183 1273 2212 et
1292 2180 1343 2212 ita
1366 2178 1460 2222 apud
1483 2179 1566 2211 Per-

164 2250 218 2271 sas
241 2237 488 2282 vocitabatur),
517 2236 671 2270 eundem
703 2236 799 2269 hunc
823 2241 858 2269 et
880 2236 996 2269 libens
1020 2235 1126 2275 vidit,
1156 2245 1196 2267 ac
1219 2234 1372 2278 benigne
1397 2235 1562 2278 suscepit.

164 2294 284 2338 Magos
309 2291 440 2326 deinde
468 2292 513 2324 ad
536 2303 573 2325 se
596 2297 823 2331 convocatos,
858 2302 937 2324 cum
966 2302 1057 2324 novo
1086 2289 1302 2334 philosopho
1326 2295 1366 2322 ut
1389 2300 1565 2322 sermones

163 2350 381 2386 conferrent,
398 2388 404 2395 Ι
421 2349 623 2391 constituit3
658 2347 774 2393 deque
801 2357 920 2380 rerum
953 2352 1033 2379 ortu
1064 2352 1262 2391 naturaque
1289 2350 1329 2378 ut
1355 2345 1565 2388 disceptatio

162 2406 364 2445 haberetur,
389 2405 560 2447 iniunxit3
594 2408 631 2437 et
655 2409 773 2437 utrum
796 2403 835 2436 id
859 2413 978 2442 omne,
1005 2402 1102 2447 quod
1123 2403 1268 2440 visitur,
1300 2401 1405 2433 finem
1429 2401 1476 2434 sit
1495 2399 1565 2433 ha-

163 2462 346 2505 biturum3
371 2470 495 2494 uumve
510 2471 619 2494 unum
643 2470 718 2493 esse
741 2459 896 2492 omnium
920 2469 1034 2491 rerum
1056 2458 1272 2503 principium
1292 2455 1488 2501 putandum
1507 2455 1565 2488 uit.
