1794 3112
277 150 305 182 2
315 149 347 182 O
846 146 1116 187 AGATfflAE

90 248 128 281 A.
142 249 178 282 C.
193 250 257 282 552
268 247 381 296 μάλα
415 246 485 286 ἑπί
511 239 740 297 τῶνῶμων
771 243 810 285 οἱ
842 245 1050 296 πλόκαμοι·
1089 243 1180 286 ἐπεὶ
1205 243 1277 285 καὶ
1299 244 1337 287 οἱ
1359 245 1599 300 ἒμπρόσθιοι
1623 246 1668 286 ἐκ

135 295 160 326 ¹·
179 296 203 327 1·
219 293 261 328 ²6
272 311 346 350 τοῦ
365 308 552 360 μετώπου
573 307 821 361 σχιζόμενοι,
852 309 919 363 ἐφ’
941 306 1114 363 ἑκάτερα
1132 310 1339 363 φέρονται.
1365 306 1414 348 οὗ
1430 306 1513 361 μην
1533 305 1668 361 ὥσπερ

276 371 313 412 οἱ
337 373 416 412 τῶν
454 371 646 426 Τοόρκων
678 387 721 413 τε
739 371 812 412 καὶ
843 368 1034 426 Ἀβάρων
1049 368 1262 425 ἆπέκτητοι
1287 374 1358 412 καί
1377 372 1585 426 αὐχμηροὶ
1603 371 1674 412 καὶ

274 432 504 489 ῥυπῶντες,
539 437 611 475 καί
631 436 784 489 ἐνέρσει
819 435 1008 489 α’πρέπως
1035 432 1398 488 ἀναπεπλεγμένοι,
1440 431 1544 475 ἄλλα
1566 435 1673 490 ῥόμ-

272 514 385 549 ματα
425 496 503 553 γὰρ
541 496 829 551 ἐπιβάλλουσιν
860 495 1002 546 αὐτοῖς
1033 497 1218 548 ποικίλα,
1269 497 1341 538 καί
1361 500 1404 546 ἐς
1433 497 1477 539 τὸ
1504 495 1695 553 ἆκριβὲς5

275 561 542 611 διαξαίνουσι.
579 563 698 602 τοῦτο
736 563 782 602 δὲ
813 557 946 614 ὥσπερ
979 576 1019 602 τι
1038 560 1248 614 γνώρισμα
1283 561 1354 602 καὶ
1371 560 1494 615 γέρας
1517 561 1674 615 ἐξαίρε-

242 635 348 667 Οτον
371 629 428 682 τῷ
445 625 638 682 βασιλείῳ
667 628 773 679 γένει
805 625 995 666 ἀνεῖσθαι
1026 623 1269 675 νενόμισται·
1308 623 1398 665 έπεί
1423 623 1469 666 τό
1490 640 1540 678 γε
1567 622 1674 678 ὑπή-

271 704 365 730 κοον
402 690 623 744 περίτροχα
656 692 882 743 κείρονται,
930 687 1002 728 καὶ
1037 690 1167 742 κομᾷν
1193 688 1334 736 αὐτοῖς
1365 689 1589 742 περαιτέρω
1624 689 1672 728 οὗ

269 754 382 805 μάλα
402 754 576 807 ἐφεῖται.
610 752 702 792 τότε
731 751 779 805 δὴ
804 747 878 792 οὖν
903 753 978 791 τοῦ
1009 751 1295 805 Χλωθομὴρου
1331 746 1403 804 τὴν
1425 750 1605 806 κεφαλὴν
1636 749 1674 791 οἶ

269 815 601 870 Βουργουζίωνες
630 812 923 867 ἀποτεμόντες,
966 814 1038 855 καί
1067 820 1152 862 τοῖς
1179 811 1286 869 ἀμφ’
1317 812 1441 855 αὐτὸν
1473 813 1723 868 στρατεύ-ιο

268 894 394 932 μασιν
417 879 713 931 ἀναδείξαντες,
739 881 958 933 ψοφοδεεῖς
979 879 1125 919 αὐτίκα
1149 878 1382 932 πεποίηνται
1398 874 1582 926 ἅπαντας
1606 876 1677 918 καί

272 945 530 995 δυσέλπιδας,
558 944 630 984 καί
647 940 822 996 κατεάγη
845 943 986 990 αὐτοῖς
1006 939 1180 995 ἀγεννῶς
1206 941 1255 983 τὰ
1277 942 1532 997 φρονήματα,
1556 957 1674 982 κατε-

267 1006 460 1060 πτηχότες
497 1023 541 1047 τε
566 1003 690 1060 ἦσαν,
727 1008 800 1047 καί
828 1003 907 1048 οἶοι
934 1003 1009 1046 οὖκ
1035 1005 1097 1046 ἔτι
1128 1007 1286 1047 ἐθέλειν
1315 1006 1671 1059 ἀναμαχέσασθαι.

268 1073 338 1112 καί
367 1070 416 1125 δὴ
438 1076 521 1119 τοῖς
547 1073 624 1123 μὲν
652 1069 926 1125 νενικηκόσιν,
963 1067 1066 1126 ᾗπερ
1087 1066 1237 1125 ἄριστα
1267 1067 1406 1119 αὐτοῖς
1438 1069 1549 1123 ἔχειν
1577 1069 1669 1110 ἐδό-

267 1151 340 1186 κει,
367 1135 439 1175 καί
457 1137 524 1189 ἐφ’
541 1132 606 1183 αἷς
635 1130 756 1190 ᾤοντο
771 1136 922 1189 χρῆναι
948 1133 1184 1189 συνθήκαις,
1214 1133 1236 1174 ὅ
1256 1133 1429 1186 πόλεμος
1453 1135 1723 1176 διελέλυτοΛό
1778 1135 1781 1138 ’

266 1201 344 1239 τοῦ
371 1200 416 1239 δὲ
437 1201 669 1252 Φραγγικοῦ
692 1197 837 1250 ὁμίλου
865 1195 902 1250 ὅ,
931 1214 970 1238 τι
993 1199 1212 1250 ἐσέσωστο,
1241 1192 1408 1249 ἄσμενοι
1433 1199 1475 1245 ἐς
1496 1197 1547 1238 τὰ
1567 1200 1670 1252 σφέ-

267 1279 366 1316 τερα
385 1261 623 1317 ἐπανῄεσαν.
645 1259 749 1303 οῧτω
775 1264 820 1304 δὲ
846 1263 921 1303 τοῦ
936 1261 1220 1316 Χλωθομὴρου
1248 1261 1566 1316 διαφθαρέντος,
1594 1259 1672 1302 αὖ-

266 1327 359 1366 τίκα
386 1326 428 1374 ές
449 1325 544 1373 τοὺς
566 1325 773 1380 ἀδελφούς
798 1323 865 1380 (οὗ
888 1324 965 1380 γάρ
987 1324 1037 1378 δὴ
1059 1331 1155 1372 παῖς
1173 1324 1283 1380 αὐτῷ
1310 1324 1498 1380 ἐγεγόνει)
1521 1324 1548 1379 ἦ
1566 1327 1669 1366 ἐκεί-

267 1404 340 1429 νου
364 1388 473 1444 ιῖρχὴ
500 1388 720 1445 ἐμερίζετο.
759 1390 832 1430 οὐκ
862 1391 903 1437 ἐς
928 1387 1093 1442 μακρὰν
1119 1390 1164 1429 δὲ
1194 1387 1266 1429 καί
1294 1389 1543 1442 Θευδέριχος
1563 1388 1668 1445 νόσῳ

227 1451 392 1500 Βὰλούς
423 1449 606 1505 ἁπεβίω,
657 1451 891 1494 καταλιπών
928 1453 1185 1508 Θευδιβέρτῳ
1218 1452 1274 1506 τῷ
1302 1450 1379 1507 υἱῷ
1411 1451 1463 1492 τά
1490 1467 1533 1492 τε
1562 1447 1719 1493 &nuzo

267 1512 406 1568 ἀγαθὰ
430 1515 503 1556 καί
528 1517 606 1568 μὲν
627 1515 676 1569 δὴ
701 1515 772 1556 καί
799 1514 844 1555 τό
876 1517 946 1570 τῆς
971 1516 1187 1569 ἡγεμονίας
1214 1514 1388 1566 ἀξίωμα.

375 1578 426 1620 δ’.
452 1579 721 1634 Παραλαβὼν
743 1581 786 1620 δὲ
807 1578 879 1632 την
899 1578 1087 1635 πατρῴαν
1107 1576 1241 1632 ἀρχὴν
1263 1577 1285 1618 ό
1300 1579 1568 1633 Θευδιβερτος
1580 1578 1674 1627 τούς

266 1659 310 1685 τε
347 1641 604 1694 Ἀλαμανούς
627 1643 926 1696 κατεστρέψατο
956 1645 1027 1682 καί
1050 1638 1154 1682 ἄλλα
1187 1637 1286 1682 ἄττα
1329 1641 1527 1696 πρόσοικα
1560 1643 1671 1698 ἔθνη.

358 1710 388 1742 3.
411 1707 573 1752 Ἁβιέρων
590 1709 626 1740 R.
651 1714 688 1741 et
711 1709 832 1751 Intpr.,
854 1709 944 1752 vulg.
967 1706 1167 1754 βαρβάρων.
1263 1711 1270 1715 χ
1285 1709 1316 1744 5.
1339 1706 1464 1744 αὐτοῖς
1503 1712 1563 1750 Β.,
1588 1709 1672 1742 ἑαυ-

356 1758 435 1789 τοῖς
457 1755 548 1797 vulg.
637 1755 669 1786 6.
694 1755 803 1797 γέρας
826 1754 1010 1797 ἐξαίρετον
1035 1755 1098 1786 καὶ
1122 1751 1317 1798 γνώρισμα
1341 1754 1380 1786 fr.
1517 1758 1548 1790 8.
1570 1759 1675 1800 περί-

357 1809 472 1842 τροχα
498 1800 533 1830 R.
561 1803 596 1830 et
626 1798 681 1837 fr„
706 1801 930 1842 περίτροχον
954 1800 1043 1842 vulg.
1141 1810 1187 1832 ια.
1218 1797 1383 1841 α’γεννιῦς
1408 1799 1486 1831 add.
1520 1812 1563 1833 ex
1583 1803 1620 1834 R.
1639 1807 1675 1834 et

358 1845 466 1887 Intpr.
488 1843 685 1886 ignaviter.
820 1856 868 1887 ¹9·
897 1843 993 1886 νόσῳ
1018 1843 1096 1876 add.
1121 1855 1163 1876 ex
1185 1845 1219 1876 R.
1245 1849 1282 1876 et
1305 1846 1412 1890 Intpr.
1444 1846 1564 1880 morbo
1588 1859 1672 1881 cor-

363 1898 508 1933 reptus„
524 1889 613 1932 vulg.
638 1889 702 1921 lac.
818 1891 870 1922 23.
895 1886 1099 1934 ’Λλαμνοὺς
1113 1891 1150 1922 R.

269 1956 386 1983 coma,
410 1945 466 1977 vel
493 1944 764 1986 complicatione
785 1944 992 1976 indecenter
1020 1945 1168 1984 cirrata,
1202 1944 1263 1977 sed
1287 1946 1468 1989 smigmata
1489 1946 1582 1979 varia
1602 1947 1670 1990 ipsi

270 1991 339 2023 sibi
365 1989 560 2028 adhibent,
601 1989 858 2033 diligenterque
896 1995 1037 2030 curant3
1064 1990 1172 2035 idque
1193 1991 1290 2022 velut
1322 1991 1458 2034 insigne
1493 1991 1671 2036 quoddam

271 2037 469 2080 eximiaque
505 2034 648 2067 honoris
681 2035 920 2078 praerogativa
963 2036 1058 2079 regio
1099 2035 1218 2079 generi
1257 2034 1351 2079 apud
1387 2046 1447 2068 eos
1490 2036 1671 2070 tribuitur.

271 2081 414 2114 Subditi
446 2079 541 2112 enim
566 2079 790 2113 orbiculatim
813 2079 1026 2120 tondentur,
1058 2091 1174 2126 neque
1207 2081 1257 2113 eis
1283 2080 1510 2122 prolixiorem
1539 2093 1671 2116 comam

271 2127 365 2158 alere
402 2125 506 2157 facile
538 2125 763 2167 permittitur.
821 2126 1050 2167 Burgusiones
1085 2127 1205 2171 itaque
1236 2126 1392 2168 praeciso
1430 2127 1672 2159 Chlothomeri

271 2171 387 2214 capite
402 2195 412 2210 ‚
437 2182 514 2202 cum
533 2169 623 2201 illud
643 2171 754 2213 copiis
774 2181 864 2214 quae
882 2172 1010 2203 circum
1025 2181 1104 2203 eum
1123 2176 1222 2203 erant
1244 2175 1489 2212 ostentassent,
1513 2183 1671 2216 magnam

271 2216 389 2248 statim
415 2215 689 2259 trepidationem
713 2215 1060 2260 desperationemque
1090 2218 1307 2255 iniecerunt,
1331 2215 1490 2262 adeoque
1515 2218 1566 2250 eis
1591 2218 1671 2250 ani-

271 2262 320 2293 mi
343 2266 439 2294 metu
460 2260 681 2299 ceciderunt,
706 2266 746 2292 ut
767 2262 805 2292 in
828 2266 1007 2304 posterum
1028 2261 1162 2294 bellum
1185 2261 1439 2294 detrectarent:
1465 2268 1501 2295 et
1524 2264 1670 2296 victores

273 2305 419 2352 quidem
444 2316 487 2338 ex
512 2306 621 2337 animi
642 2307 696 2337 sui
719 2307 911 2346 sententia,
943 2311 979 2338 et
1003 2307 1131 2351 quibus
1156 2313 1318 2350 oportere
1340 2306 1525 2340 videbatur
1547 2306 1671 2342 condi·-

274 2352 432 2384 tionibus
463 2356 499 2383 et
520 2351 650 2394 pactis,
683 2350 779 2384 bello
802 2362 876 2383 sese
904 2352 1134 2384 exsolverunt.
1182 2353 1208 2384 E
1234 2352 1400 2384 Francico
1429 2354 1583 2386 exercitu
1609 2353 1671 2396 qui

274 2401 498 2440 supererant,
523 2396 675 2428 libentes
700 2397 738 2427 in
762 2407 822 2428 sua
848 2407 883 2428 se
908 2403 1126 2440 receperunt.
1160 2397 1269 2430 Caeso
1296 2398 1417 2441 itaque
1442 2397 1671 2432 Chlothome-

275 2454 327 2481 ro,
363 2442 478 2474 statim
512 2440 634 2474 fratres
660 2441 792 2484 ipsius,
826 2441 956 2486 (neque
981 2443 1074 2474 enim
1100 2443 1188 2475 ullos
1214 2441 1327 2475 adhuc
1358 2442 1488 2478 liberos
1507 2453 1672 2486 suscepe-

275 2486 355 2531 rat‚)
379 2497 522 2529 regnum
551 2486 646 2518 illius
672 2487 764 2518 inter
787 2497 822 2517 se
847 2492 928 2518 sunt
950 2488 1093 2531 partiti3
1127 2499 1244 2532 neque
1267 2488 1377 2521 multo
1400 2493 1480 2531 post
1505 2487 1671 2522 Theode-

275 2533 366 2565 ricus
399 2531 520 2565 morbo
553 2537 729 2574 correptus
763 2532 921 2571 interiit,
956 2532 1196 2567 Theodiberto
1220 2533 1294 2567 filio
1316 2538 1456 2577 praeter
1478 2533 1545 2566 alia
1578 2533 1673 2567 bona

275 2578 382 2609 etiam
408 2577 624 2620 principatus
649 2576 820 2620 dignitate
844 2577 974 2610 relicta.

367 2622 398 2664 4.
447 2621 706 2655 Theodibertus
740 2627 882 2665 accepto
911 2629 1057 2666 paterno
1087 2634 1193 2668 regno
1230 2629 1266 2658 et
1286 2623 1493 2657 Alemannos
1526 2627 1562 2655 et
1586 2623 1672 2666 alias

278 2667 461 2709 nonnullas
485 2668 655 2701 finitimas
678 2672 797 2712 gentes
823 2668 971 2713 subegit.
1030 2670 1112 2703 Erat
1137 2670 1232 2703 enim
1259 2679 1478 2714 summopere
1501 2673 1538 2702 et
1561 2667 1674 2702 audax
