1832 3152
303 145 408 199 230
882 160 1155 204 AGA‘rmAE

109 274 147 308 Δ,
174 275 209 308 ς,
223 274 291 309 555
409 257 468 300 ιά.
519 257 757 313 Εἷρημὲνων
779 260 826 300 δὲ
857 259 928 301 καὶ
953 259 1107 304 τούτων
1133 261 1155 303 ὅ
1187 258 1444 312 Ἀθανάσιος
1469 261 1516 304 τὸ
1539 265 1616 316 μὲν
1637 277 1717 305 πα-

170 323 196 353 1.
209 321 234 353 Ῑ·
249 333 292 364 29
302 323 477 377 ραυτίκα
495 318 572 375 οὐχ
593 318 721 375 ἧσσον
742 320 838 372 τούς
872 323 1107 366 Ῥουστίκου
1134 322 1350 379 ἀπεδέχετο
1373 325 1527 380 λόγους.
1564 327 1717 368 συστά-

299 402 374 440 σης
400 387 445 427 δὲ
470 387 541 426 καί
561 387 624 434 δίς
643 385 839 439 ἀγωνίας,
868 387 1007 440 ἐπειδὴ
1029 386 1186 430 ἅπαντα
1213 392 1256 438 ἐς
1281 389 1327 431 τὸ
1360 386 1524 444 ἀκριβὲς
1547 406 1711 443 γνωμα-

303 449 435 490 τεύων
455 448 525 489 καί
547 448 892 504 ἄνερευνώμενος,
932 447 1053 492 οὖὸέν
1085 468 1126 492 τι
1162 449 1274 508 αὐτῷ
1298 455 1462 508 ἐναργὲς
1492 454 1715 509 προδοσίας

255 509 330 566 Βῆ
353 512 593 567 τυραννίδος
630 513 853 567 ἐγχειρηιιια
881 513 1148 568 ἡμαρτῆσθαι
1177 515 1258 556 ὑπὸ
1286 518 1358 557 τοῦ
1384 519 1425 558 Γ
1423 516 1598 570 ουβὰζου
1623 518 1739 563 &de-5

299 578 453 627 ὁέικτο,
491 570 632 624 ἄδικος
659 578 703 617 δὲ
739 579 894 628 μᾶλλον
921 580 992 619 καί
1012 577 1354 633 παρανομώτατος
1381 579 1403 621 ὅ
1439 579 1562 636 φόνος
1595 597 1708 635 γεγε-

297 642 491 694 νημένος,
533 639 590 689 ὥς
612 641 682 681 καί
698 642 767 694 τῆς
791 642 861 682 ἐπὶ
882 639 956 695 την
992 640 1229 698 Ὀνόγουριν
1253 644 1523 699 συστρατείας
1553 645 1602 685 οὔ
1626 661 1708 699 μη·-

297 705 448 756 ὃισμοῦ
472 704 596 759 χάριν
630 700 1003 760 ἆπαγορευθείσης,
1050 706 1154 748 ἀλλὰ
1183 709 1240 764 τῷ
1265 703 1480 760 ἄχθεσθαί
1505 724 1549 762 γε
1580 707 1711 750 αὐτὸν

290 768 399 810 ’κατὰ
423 769 504 810 τῶν
528 770 787 823 στρατηγῶν,
843 765 938 811 ἄνθ’
967 765 1027 812 ὧν
1059 772 1190 826 αὕτῆς
1232 772 1303 813 καί
1333 769 1606 828 ἆπεστέρηντο
1642 771 1715 830 ῥᾳ-

293 831 424 890 στώνῃ
464 835 591 888 πολλῇ
623 832 694 874 καὶ
721 833 906 891 ἐκμελεία
939 837 1253 888 κεχαυνωμένον
1292 835 1432 890 ἐπειδὴ
1475 832 1549 879 οὖν
1574 837 1760 881 ταῦταῐο

293 897 530 950 ἐγίγνωσκε,
560 896 652 939 τότε
677 895 726 952 δὴ
749 896 792 939 τὸ
813 899 892 950 μὲν
915 899 985 940 ἐπί
1010 901 1216 957 Μαρτίνῳ
1235 903 1407 954 λεχθὲν,
1445 901 1503 950 ὥς
1533 895 1616 956 ἄρα
1640 903 1711 942 καὶ

294 961 430 1017 ἐκείνῳ
456 962 584 1016 μετῆν
605 962 687 1003 τῶν
722 963 764 1011 ἐς
793 964 913 1005 τοῦτο
947 966 1305 1018 βεβουλευμένων,
1344 962 1520 1007 ἀνοίσειν
1552 969 1720 1019 βασιλεῖ’

291 1026 500 1066 διενοεῖτο.
526 1032 612 1074 τοῖς
632 1041 677 1079 γε
693 1025 777 1080 μὴν
803 1024 849 1067 τὸ
873 1023 1134 1070 ἀπεκτονέναι
1167 1032 1403 1084 περιφανῶς
1436 1028 1713 1084 ὥμολογηκόσι

292 1089 428 1144 κρίσιν
449 1090 594 1143 ἐπῆγεν
615 1090 895 1145 ἀνάγραπτον,
933 1092 977 1132 ἐν
1002 1087 1031 1147 ᾖ
1057 1093 1238 1133 διέταττε
1259 1095 1414 1135 θᾶττον
1442 1090 1593 1142 αὖτοὺς
1619 1094 1712 1134 δια-

170 1154 527 1208 Ρ,19οφθαρῆιάι,
573 1152 655 1194 ὑπὸ
688 1152 764 1208 τὴν
801 1154 1037 1209 δικαστικην
1063 1155 1282 1211 μάχαιραν
1311 1158 1590 1210 γιγνομένους,
1639 1157 1760 1203 καίιδ

289 1215 366 1266 τὰς
385 1216 568 1273 κεφαλὰς
592 1214 936 1273 ἀφαιρουμένους.
966 1219 1038 1260 καί
1061 1218 1100 1262 οἱ
1124 1222 1203 1273 μὲν
1226 1219 1297 1262 ἐπὶ
1315 1226 1400 1270 τοῖς
1427 1221 1590 1275 ὀρεῦσιν
1607 1217 1709 1274 ἥμε-

289 1296 376 1333 νοι,
403 1281 475 1322 καί
498 1278 575 1322 ἀνὰ
602 1281 678 1331 τὰς
701 1281 935 1338 λεωφόρους
966 1285 1320 1338 περιενεχθέντες,
1347 1287 1536 1338 μέγιστον
1568 1280 1709 1336 θέαμα

289 1351 374 1394 τοῖς
402 1346 586 1399 Κόλχοις
622 1342 728 1388 εἶναι
762 1345 956 1399 ἐδόκουν,
1005 1347 1075 1389 καί
1106 1349 1296 1402 πλείστης
1338 1345 1452 1397 ἄξιον
1484 1345 1709 1401 εὐλαβείας.

292 1410 545 1464 ἐτεθήπεσαν
570 1425 614 1451 τε
645 1411 716 1451 καί
748 1409 818 1451 ἐπὶ
846 1413 903 1466 τῷ
933 1409 1077 1465 κηρυκι
1098 1410 1222 1467 τορόν
1251 1427 1292 1452 τι
1323 1412 1436 1465 μάλα
1461 1414 1610 1465 βοῶντι
1638 1412 1712 1453 καί

289 1473 548 1528 διαπρύσιον,
577 1475 650 1514 καί
675 1477 956 1529 παρεγγυῶντι
979 1477 1156 1516 δεδιέναι
1179 1475 1278 1524 τούς
1299 1474 1463 1528 νόμους,
1487 1474 1558 1517 καὶ
1573 1475 1760 1532 φόνωναο

290 1536 442 1578 ἀδίκων
467 1533 711 1590 ἀπέχεσθαι.
764 1540 854 1580 ἐπεὶ
885 1541 930 1580 δὲ
961 1539 1103 1587 αὐτοῖς
1130 1538 1201 1580 καὶ
1218 1540 1490 1594 ἀπετέτμηντο
1513 1538 1551 1582 οἱ
1579 1537 1709 1592 αὖχέ-

386 1605 413 1627 ι.
440 1594 510 1637 εἰρ.
529 1593 569 1626 δὲ
588 1604 620 1626 κ.
646 1594 744 1627 τούτ.
770 1595 822 1635 Γι.,
838 1594 980 1628 τούτων
1008 1594 1124 1632 οὕτως
1149 1597 1352 1640 εἰρημένων
1374 1597 1464 1640 vulg.
1557 1607 1588 1630 α.
1614 1596 1707 1628 ἀπε-

381 1637 508 1682 δέχετο
533 1641 584 1680 R„
607 1642 785 1684 προσίετο
807 1641 898 1686 vulg.
925 1646 960 1674 et
989 1642 1097 1684 Intpr.
1122 1640 1276 1674 admisit.
1429 1642 1460 1676 5.
1485 1641 1548 1675 Pro
1580 1641 1706 1686 ἐγχεί-

381 1694 480 1729 ρημα
505 1686 542 1721 R.
577 1685 858 1730 ἐπεχειρνῖσθαι.
969 1688 1003 1721 6.
1027 1687 1350 1732 παρανομώτατον
1371 1687 1411 1724 R.
1549 1689 1580 1723 8.
1606 1687 1706 1718 ἀπα·-

377 1731 599 1774 γορευθείσε
625 1732 662 1764 R.
702 1731 878 1764 constanti
914 1731 990 1766 sere
1023 1732 1124 1766 vitio.
1237 1743 1269 1776 9.
1295 1733 1358 1766 Pro
1389 1729 1477 1766 ἀνθ’
1501 1723 1554 1766 ὧν
1577 1733 1614 1766 Β.
1638 1731 1705 1765 ἄν·
1756 1757 1758 1761 .

378 1775 537 1812 θώκους.
691 1788 740 1821 ¹7·
767 1779 934 1810 θεᾶσθαι
959 1779 997 1810 R.
1125 1789 1175 1822 ¹9·
1201 1777 1400 1818 ἐτεθήπεσε
1424 1778 1462 1811 R.
1487 1778 1550 1823 qui
1573 1778 1701 1821 passim

373 1831 438 1865 pro
463 1832 510 1854 αν
532 1821 630 1854 finali
650 1829 667 1852 ε
690 1822 803 1866 ponit.
921 1834 977 1858 αι.
1001 1820 1221 1868 ἀπέχεσθαι.
1247 1826 1360 1868 lntpr.
1399 1822 1501 1856 addit
1521 1822 1698 1857 ἕκαστονε

375 1875 416 1899 ut
441 1867 503 1900 vel
524 1867 665 1912 singuli
687 1867 919 1902 abstinerent.

379 1933 430 1956 ιι.
478 1922 542 1955 His
574 1923 624 1955 ita
647 1924 843 1967 peroratis,
881 1922 1090 1957 Athanasius
1115 1924 1221 1957 initio
1253 1923 1398 1969 quidem
1433 1922 1550 1958 nihilo
1582 1923 1699 1956 minus

283 1969 420 2000 Rustici
447 1967 550 2001 dictis
575 1979 694 2000 aurem
720 1969 1024 2011 accommodabat3
1056 1970 1315 2002 consultatione
1346 1979 1428 2002 vero
1466 1970 1698 2013 disceptatio-

283 2024 401 2058 neque
426 2013 482 2046 bis
514 2025 555 2046 ea
581 2013 625 2046 de
649 2025 686 2046 re
718 2013 865 2055 habita,
897 2025 976 2047 cum
1005 2016 1082 2058 ipse
1107 2016 1225 2047 omnia
1251 2015 1445 2047 accuratius
1470 2015 1699 2058 expendisset

283 2065 392 2103 atque
419 2060 685 2104 investigasset,
707 2061 821 2093 visum
844 2060 878 2092 ei
902 2065 955 2093 est
979 2060 1114 2092 nullam
1137 2071 1156 2091 a
1194 2059 1338 2092 Gubaze
1362 2059 1606 2103 proditionem
1634 2065 1698 2093 aut

282 2104 506 2146 tyrannidem
533 2110 689 2149 apertam
713 2110 887 2139 tentatam
912 2106 1040 2146 fuisse,
1065 2116 1105 2137 ac
1126 2105 1276 2149 proinde
1305 2103 1447 2137 caedem
1471 2105 1596 2150 inique
1624 2115 1692 2138 ne-

282 2150 445 2194 farieque
474 2155 738 2194 perpetratam:
774 2151 862 2184 adeo
890 2156 932 2184 ut
966 2151 1062 2197 quod
1091 2151 1208 2194 copias
1237 2161 1317 2183 suas
1352 2150 1397 2183 ad
1423 2149 1696 2196 oppugnandam

283 2195 466 2239 Onogurin
505 2207 584 2228 cum
622 2198 674 2229 eis
705 2198 917 2241 coniungere
962 2196 1196 2235 recusaverit,
1237 2207 1310 2228 non
1355 2196 1465 2239 ipsius
1500 2196 1544 2228 ad
1572 2196 1695 2228 Medos

283 2239 436 2273 defectio
464 2239 502 2272 in
528 2253 629 2274 causa
654 2242 781 2282 fuerit,
815 2241 876 2274 sed
903 2242 999 2287 quod
1022 2241 1211 2286 praefectis
1238 2242 1412 2275 exercitus
1436 2241 1614 2274 infensior
1636 2252 1694 2274 es-

281 2290 353 2327 set,
381 2286 477 2331 quod
502 2286 644 2320 illorum
674 2287 838 2321 vecordia
871 2293 907 2320 et
933 2287 1150 2332 negligentia
1183 2287 1485 2332 propugnaculum
1516 2287 1606 2319 illud
1635 2297 1696 2319 ει·-

281 2337 336 2363 set
371 2332 544 2364 amissum.
607 2332 746 2376 Quibus
784 2333 888 2366 rebus
928 2333 1090 2365 omnibus
1123 2344 1143 2364 a
1171 2332 1289 2365 iudice
1316 2332 1487 2377 cognitis,
1524 2331 1568 2365 ‹le
1597 2331 1695 2364 Mar-

280 2378 358 2409 tino
401 2377 496 2421 quod
533 2376 663 2410 dictum
702 2379 839 2418 fuerat,
879 2379 983 2411 etiam
1023 2379 1138 2422 ipsum
1177 2379 1355 2411 conscium
1398 2378 1508 2411 fuisse
1544 2377 1694 2422 partici-

280 2433 434 2466 pemque
470 2421 597 2455 horum
629 2425 885 2463 consiliorum,
920 2423 964 2456 ad
1002 2424 1251 2466 Imperatorem
1287 2422 1510 2456 referendum
1543 2423 1690 2456 censuit.

280 2468 334 2500 De
363 2467 460 2500 hisce
504 2478 586 2500 vero
617 2492 626 2508 ,
666 2474 791 2512 utpote
827 2474 948 2513 aperte
980 2469 1121 2501 caedem
1155 2469 1198 2501 ab
1236 2480 1272 2502 se
1303 2474 1540 2512 perpetratam
1575 2467 1694 2508 fassis,

282 2525 324 2546 ex
346 2514 475 2556 scripto
499 2514 709 2547 sententiam
747 2514 845 2554 tulit,
884 2525 954 2558 qua
978 2514 1175 2554 mandavit,
1222 2520 1263 2548 ut
1287 2515 1541 2559 quamprimum
1575 2513 1692 2546 inter-

280 2560 485 2598 ficerentur,
517 2563 552 2591 et
585 2558 700 2603 gladio
732 2559 894 2592 iudiciali
922 2559 1086 2592 submissi
1121 2560 1236 2604 capite
1269 2564 1522 2594 truncarentur.
1571 2558 1688 2604 Atque

279 2604 318 2636 hi
342 2602 488 2648 quidem
513 2604 619 2636 mulis
642 2604 850 2644 insidentes,
879 2611 916 2637 et
934 2616 997 2648 per
1017 2605 1176 2649 publicas
1193 2606 1265 2638 vias
1292 2605 1513 2638 circumvecti
1536 2604 1689 2637 maximo

279 2649 420 2683 Colchis
442 2649 641 2692 spectaculo
660 2650 857 2695 terrorique
881 2650 991 2683 futuri
1013 2650 1235 2683 videbantur.
1284 2649 1568 2683 percellebantur
1592 2649 1687 2677 cuim

277 2704 361 2728 voce
384 2695 570 2739 praeconis
594 2695 704 2728 altum
728 2694 1014 2741 horrendumque
1038 2697 1076 2729 in
1097 2697 1238 2730 modum
1262 2694 1531 2740 proclamantis,
1555 2694 1592 2723 et
1605 2700 1685 2722 mo-
