1794 3112
326 151 343 185 1
360 134 426 204 74
910 152 1180 196 Aenum:

137 241 300 286 A.C.555
427 251 488 297 ις’.
550 250 689 289 Ταῦτα·
734 248 782 301 δὴ
815 250 855 289 οῖ
896 253 1148 304 Μισιμιανοί
1182 251 1259 295 εἴτε
1298 255 1457 307 γνόντες
1481 286 1493 305 ,
1534 254 1625 296 εἴτε
1651 259 1722 298 καὶ

178 297 665 366 1“Ῑ·29ιῖποτοπήσαντι*ες,
703 315 939 356 στέλλουσιν
965 311 1116 371 ἄνδρας
1152 316 1224 358 δύο
1254 321 1337 359 τῶν
1361 318 1471 374 παρὰ
1491 320 1619 373 ,σφίσι
1649 308 1722 362 λυζ-

314 375 456 429 γιζιιων,
485 375 628 416 Χάδον
652 371 778 428 ὄνομα
801 376 874 417 καὶ
892 377 1075 432 Θυάνην.
1105 379 1143 420 οἱ
1166 382 1211 421 δὲ
1233 379 1420 436 εὑρόντες
1440 378 1567 424 αὐτὸν
1587 384 1719 436 οἷγχοῦ

313 455 392 480 που
422 439 577 480 ἐκείνου
605 437 654 494 δή
678 442 750 481 τοῦ
776 439 976 495 ἐρύματος
1001 444 1329 497 ἐναυλιζὸμενον,
1357 448 1428 487 καί
1445 447 1566 488 πλέον
1588 449 1631 495 ἐς
1642 445 1718 501 τήν

314 502 479 558 δόκησιν
504 500 849 558 ἐπιρρωσθέντες,
877 506 997 557 ,,α’λλ’
1022 503 1070 547 οὗ
1085 509 1223 549 δίκαια
1255 509 1419 563 δράσειν
1437 510 1575 563 ἧμᾶς”
1610 509 1743 566 ἔφα-5

312 583 391 609 σαν
415 562 479 620 „ui
501 570 710 623 στρατηγὲ,
740 568 965 623 διενοήθης·
991 570 1074 625 χρὴ
1094 570 1172 626 γάρ
1200 587 1246 613 σε
1263 574 1367 627 μηδὲ
1392 568 1500 629 ἄλλῳ
1522 589 1579 631 τῳ
1601 575 1716 630 ἐφιέ-

311 648 381 673 ναι
399 630 448 673 τοὶ
474 629 648 687 ἡμέτερα
669 633 985 690 παραιρουμένῳ
998 667 1010 685 ,
1037 635 1138 688 μήτι
1165 650 1210 689 γε
1231 638 1301 677 καί
1324 633 1449 678 αὗτὸν
1469 634 1598 686 οὕτως
1621 639 1719 679 ἐθέ-

311 699 407 736 λειν.
445 696 484 736 εἰ
506 695 553 736 δέ
570 710 616 735 σε
641 696 698 743 ὥς
718 694 882 750 άληθῶς
900 696 955 751 μή
979 699 1105 739 ταῦτα
1121 699 1296 753 ἀρέσκει,
1321 695 1390 752 ἄγε
1418 697 1527 749 ὅπως
1549 702 1717 743 ἐνθένδε

277 758 370 805 (ἶαῖς
387 756 438 799 τά
439 774 564 811 χιστα
585 758 790 812 μεταβὰς,
819 762 863 801 ἐν
896 759 1020 817 ἑτέρῳ
1049 762 1362 817 ἅποδιατριῖμεις
1387 763 1549 820 χωρίῳ,
1575 766 1650 805 καί
1665 779 1714 804 σε

307 819 361 862 τοὶ
387 821 593 876 ἐπιτήδεια
628 820 774 877 ἥκιστα
811 825 1113 878 ἐπιλείψουσιν,
1151 826 1240 866 ἀλλ’
1263 825 1380 880 ἡμεῖς
1405 824 1564 869 ἅπαντα
1600 826 1709 868 οἴσο-
1719 844 1767 872 10

306 901 406 937 μεν.
436 887 619 927 ἐνταῦθα
654 885 732 941 γάρ
759 902 823 928 σοι
856 885 904 928 οὗ
926 891 1095 940 μενετέα
1126 889 1406 942 παντάπασιν,
1445 891 1541 932 οὐδὲ
1573 887 1713 940 ἆνεξό-

305 949 416 1001 μεθά
437 964 513 991 σου
538 952 754 1002 μέλλοντος
775 952 817 1000 ἐς
834 951 928 992 τόδε
949 952 1020 993 καί
1037 956 1351 1007 σκηπτομένου.”
1379 951 1496 995 οὕτωΔ
1509 955 1554 996 δὲ
1573 956 1713 997 αὕτῶν

308 1010 702 1066 αὖθαδιαζομένων,
747 1013 820 1056 οὗκ
856 1015 1002 1058 ἀνεκτὰ
1039 1017 1293 1071 ἡγησάμενος
1325 1017 1351 1059 ὅ
1378 1018 1634 1074 Σωτήριχος,
1674 1020 1714 1060 εἰ.

306 1081 390 1124 τοῖς
407 1079 487 1118 τῶν
515 1077 695 1130 Κόλχων
713 1076 922 1132 κατηκόοις
942 1081 1047 1133 ἐξείη
1065 1078 1164 1122 κατὰ
1187 1079 1408 1133 “Ρωμαι’ων
1426 1082 1715 1138 θρασύνεσθαι·

305 1142 387 1181 τῶν
406 1138 482 1195 ὑφ’
505 1139 578 1188 οὓς
601 1140 639 1182 οἱ
670 1140 830 1195 Κόλχοι
861 1142 1111 1196 τετάχαται,
1147 1145 1461 1200 παρακελεύεται
1487 1152 1573 1194 τοῖς
1607 1142 1760 1191 ὄπα-15
1788 1138 1791 1142 .

304 1206 390 1252 δοῖς
404 1207 540 1246 παίειν
562 1202 714 1254 αῧτοῦς
734 1203 802 1255 αἷς
822 1208 1066 1262 ἐπεφέροντο
1084 1211 1334 1263 βακτηρίαις.
1364 1209 1403 1250 οἱ
1427 1211 1473 1251 δὲ
1489 1209 1711 1251 καθίκοντο-

301 1268 440 1310 αὐτῶν
460 1265 667 1324 ἀφειδῶς,
697 1269 768 1310 καί
790 1271 832 1318 ἐς
859 1267 1040 1312 τοῦπῖσω
1067 1269 1296 1325 ἡμιθνῆτας
1327 1273 1586 1325 οἷπέπεμψαν.
1611 1273 1710 1315 vov'-¹

300 1346 384 1372 του·
414 1333 460 1372 δὲ
502 1335 785 1386 γεγενημένου,
825 1332 1060 1388 Σωτήριχος
1087 1336 1163 1387 μὲν
1194 1330 1294 1391 ᾤετο
1320 1337 1451 1390 μηδὲν
1487 1337 1709 1378 ἀντίπαλον

299 1392 492 1446 ἔσεσθαι,
535 1392 626 1436 ἀλλ’
658 1393 792 1451 ὥσπερ
835 1394 978 1447 ἀμέλει
1018 1400 1174 1446 οἰκέτας
1223 1399 1391 1448 οἰκείους
1421 1397 1709 1454 ἡμαρτηκότας

297 1458 650 1513 διαχειρισάμενος
672 1493 684 1511 ,
721 1462 792 1500 καί
821 1461 942 1501 οὐδὲν
975 1460 1115 1503 ὁτιοῦν
1149 1462 1392 1516 εὐλαβητέον
1422 1460 1551 1519 αὐτῷ,
1589 1462 1761 1516 ἐμενέαο

293 1537 336 1562 τε
356 1521 458 1564 κατὰ
479 1522 634 1578 χώραν,
662 1522 735 1564 καί
753 1521 855 1575 εἶτα,
885 1524 1029 1574 νυκτὸς
1049 1526 1344 1580 ἐπιγενομένης,
1371 1525 1569 1567 ἐκάθευδε
1602 1527 1705 1582 σφό-

251 1598 284 1631 D
307 1586 388 1642 δρα
413 1583 544 1634 ἆδεῶς
569 1588 640 1628 καί
670 1582 924 1641 ἀφυλάκτως·
954 1585 1063 1630 οὕτω
1099 1591 1144 1631 δὲ
1169 1592 1272 1631 οἵτε
1295 1591 1437 1637 παῖδες
1470 1589 1541 1631 καί
1565 1589 1605 1631 οἱ
1633 1592 1704 1634 δο-,

380 1680 413 1723 4.
437 1677 684 1725 αὐλιζόμενον
707 1682 743 1713 R.
855 1682 886 1715 5.
917 1680 1018 1714 δίκαι
1045 1681 1181 1725 δράσαι
1203 1683 1241 1714 Β.
1356 1693 1386 1726 7.
1412 1679 1506 1716 οὕτω
1525 1684 1562 1715 Β.
1665 1695 1700 1727 9.

380 1723 668 1770 οἷποδιατρίψεις
689 1728 740 1767 R„
762 1725 1036 1772 ἅποδιατρίψῃς
1059 1727 1150 1771 vulg.
1225 1739 1273 1761 ιο.
1298 1727 1492 1770 λείψουσιν
1515 1729 1552 1760 Β.
1647 1729 1701 1771 14.

380 1770 474 1810 ἐξείη
499 1771 537 1803 R.
552 1795 562 1811 ,
587 1771 683 1812 ἐξὴει
709 1772 800 1816 vulg.
876 1783 925 1815 ¹7·
948 1773 1011 1805 Pro
1036 1774 1099 1804 καὶ
1122 1774 1158 1804 R.
1185 1770 1257 1808 οὓς.
1310 1774 1357 1805 18.
1381 1771 1469 1816 ᾤετο
1491 1771 1607 1818 μηδὲν
1632 1772 1698 1808 ἅν·-

383 1815 541 1850 τίπαλον
564 1817 624 1857 R„
652 1814 765 1851 ου’δὲν
788 1815 867 1851 α’ντ.
889 1817 978 1861 ᾤετο
1004 1817 1093 1861 vulg.

391 1906 440 1939 16.
470 1903 566 1936 Haec
596 1914 674 1936 cum
698 1903 893 1936 Misimiani
925 1905 998 1936 sive
1028 1905 1272 1947 cognovissent
1290 1905 1362 1935 sive
1378 1905 1547 1948 suspicati
1562 1910 1706 1945 essent‚·

291 1948 379 1983 duos
399 1960 443 1982 ex
467 1950 539 1982 suis
556 1949 709 1994 insignes
719 1950 829 1989 viros,
846 1948 1004 1981 Chadum
1021 1948 1162 1981 nomine
1181 1954 1217 1981 et
1233 1948 1427 1989 Thuanem,
1451 1952 1610 1990 mittunt,
1633 1952 1697 1994 qui

292 2007 372 2030 cum
382 1995 499 2040 ipsum
516 1995 731 2038 reperissent
753 1995 851 2026 iuxta
869 1994 959 2027 illud
971 1994 1269 2038 propugnaculum
1289 1995 1473 2026 stationem
1492 1994 1696 2035 habentem,

291 2040 494 2085 suspicione
508 2039 660 2072 validius
672 2040 898 2072 confirmata:
924 2039 1096 2078 ,‚1niuria,
1125 2039 1352 2082 inquiebant,
1375 2050 1439 2072 nos
1473 2039 1606 2072 afficere
1634 2051 1694 2073 co-

288 2086 398 2130 gitas,
423 2085 614 2129 praefecte.
662 2084 812 2128 Oportet
835 2085 929 2117 enim
951 2089 986 2116 te
1009 2094 1126 2128 neque
1158 2085 1260 2116 alteri
1292 2084 1455 2127 cuiquam
1478 2086 1694 2128 permittere,

288 2136 331 2163 ut
356 2136 476 2163 nostra
502 2131 606 2163 nohis
630 2129 811 2169 adimant,
836 2130 967 2163 nedum
990 2129 1106 2172 ipsum
1130 2127 1198 2161 hoc
1215 2129 1315 2161 velle.
1365 2129 1402 2161 Si
1425 2139 1508 2162 vero
1533 2129 1602 2162 hoc
1624 2130 1701 2163 tibi·

287 2177 512 2229 propositum
542 2187 615 2208 non
640 2181 716 2215 est,
748 2175 804 2207 fac
828 2185 889 2219 age
915 2179 955 2206 ut
979 2185 1083 2218 quam
1109 2174 1277 2207 citissime
1305 2173 1390 2206 hinc
1413 2173 1594 2208 discedens
1621 2175 1694 2208 alio

288 2231 329 2254 ln
352 2222 431 2254 loco
460 2221 693 2253 commoreris.
727 2220 851 2264 Neque
883 2219 951 2253 tibi
982 2219 1148 2251 defutura
1181 2224 1263 2251 sunt
1292 2220 1510 2259 necessaria,
1543 2219 1606 2252 sed
1627 2231 1695 2253 nos

287 2267 407 2300 omnia
430 2265 639 2298 deferemus.
688 2265 755 2298 Hic
784 2266 879 2298 enim
903 2264 1002 2296 nullo
1033 2264 1138 2296 modo
1170 2264 1239 2296 tibi
1273 2269 1326 2297 est
1363 2264 1595 2305 manendum,
1626 2275 1698 2298 xie-2

287 2322 359 2357 que
387 2312 540 2344 feremus
558 2315 595 2342 te
621 2310 681 2343 hic
702 2321 815 2343 moras
847 2309 1044 2342 trahentem
1074 2314 1111 2342 et
1140 2311 1462 2353 tergiversantem.“
1495 2309 1584 2353 Ipsis
1607 2321 1689 2343 vero

284 2356 338 2389 ita
362 2356 556 2400 procaciter
580 2355 830 2399 loquentibus,
858 2354 1058 2388 Soterichus
1083 2365 1307 2399 nequaquam
1335 2353 1557 2387 tolerandum
1582 2358 1689 2394 ratus,

285 2403 317 2435 si
340 2400 550 2434 Colchorum
575 2399 727 2432 subditis
754 2401 804 2433 ita
839 2399 1000 2431 adversus
1026 2402 1207 2440 Romanos,
1232 2399 1360 2443 quibus
1395 2405 1532 2443 parent,
1566 2399 1688 2432 liceret

283 2447 444 2487 ferocire,
470 2445 700 2489 stipatoribus
722 2446 792 2477 suis
815 2444 957 2477 mandat
978 2450 1019 2477 ut
1043 2444 1190 2484 baculis,
1214 2455 1300 2488 quos
1319 2444 1512 2488 gestabant,
1530 2455 1588 2478 eos
1606 2455 1686 2476 cae-

285 2491 422 2528 derent.
459 2491 533 2535 Qui
558 2491 725 2522 atrociter
749 2491 786 2522 in
810 2491 904 2533 ipsos
929 2491 1082 2529 invecti,
1119 2491 1308 2523 semineces
1333 2490 1549 2522 remiserunt.
1596 2488 1690 2532 Qui-

283 2537 350 2570 bus
376 2538 546 2581 peractis,
579 2534 781 2568 Soterichus
806 2535 947 2580 quidem
979 2536 1070 2567 nihil
1105 2535 1234 2568 hostile
1269 2539 1472 2576 eventurum
1504 2539 1618 2572 ratus,
1651 2540 1688 2566 et

282 2581 432 2626 perinde
452 2582 525 2614 fere
547 2591 588 2613 ac
606 2581 637 2613 si
651 2590 767 2612 servos
789 2591 869 2613 suos
891 2580 1137 2624 delinquentes
1155 2581 1265 2625 plagis
1280 2580 1483 2622 excepisset,
1494 2578 1588 2611 nihil
1601 2578 1694 2611 inde·

283 2628 352 2659 sibi
375 2626 566 2660 verendum
591 2626 818 2663 existimans,
856 2637 898 2658 eo
923 2626 991 2658 loci
1019 2626 1162 2666 mansit3
1196 2630 1232 2657 et
1267 2624 1395 2657 deinde
1430 2624 1554 2657 oborta
1581 2629 1686 2656 nocte

282 2672 384 2706 valde
408 2671 591 2717 intrepide
615 2670 747 2716 absque
772 2671 855 2704 ullis
881 2671 1038 2704 excubiis
1064 2671 1118 2703 ihi
1144 2669 1331 2705 dormivit:
1359 2669 1523 2702 similiter
1546 2677 1627 2703 vero
1652 2673 1688 2706 et
