1794 3112
213 179 312 233 152
771 191 1044 233 ‘AGATHIAE

15 296 54 343 A.
82 308 121 341 C.
135 296 427 349 554ὃιαγνῶναι
448 288 737 344 οἷναμείναντες
758 288 791 343 ὅ,
817 307 857 332 τι
881 292 979 332 ποτέ
997 293 1082 332 ἐστι
1101 288 1147 331 τὸ
1165 290 1437 343 γεγενημέιόν,
1462 283 1488 342 ἢ
1505 284 1610 329 ὅπόῶ

76 353 138 391 Ῑ-’Ῑ-
155 355 269 401 28σοι
293 353 402 406 ὅντες
435 353 577 407 αῦτοί,
605 352 694 396 εἶτα
718 353 795 408 ὑφ’
821 351 924 395 ὅσων
955 356 1203 395 ἐλαύνονται.
1231 351 1316 393 ἀλλ’
1345 348 1468 408 ᾔεσαν
1495 348 1606 394 οὕτω

203 424 394 476 δρομαῖοι
415 419 487 460 καί
504 416 826 473 ὃιεταράττοντο,
854 416 1041 471 καθάπερ
1070 418 1242 457 πανικοῦ
1268 418 1459 468 δείματος
1480 417 1604 468 ἐμπε-

203 482 367 532 σόντος.
407 481 446 523 οἱ
488 483 533 523 δὲ
563 483 732 536 Πέρσαι
762 478 865 522 κατά
889 478 934 522 τὸ
959 483 1116 532 μᾶλλον
1144 479 1446 534 θαρσήσαντες,
1483 480 1604 521 πλέον

203 542 380 591 ἓδάυκον.
410 546 500 588 ἐπεὶ
530 545 602 586 καί
626 544 665 586 οἱ
692 548 736 587 ἐν
767 546 824 601 τῷ
851 543 1033 600 φρουρίῳ
1067 545 1258 599 (ἐθεῶντο
1281 541 1358 598 γὰρ
1387 541 1438 584 τὰ
1462 539 1629 584 ποιοῦ-5

202 614 339 667 μενα,>
372 609 558 664 ἐκβάντες
586 608 742 665 ἀθρόον
766 606 1029 661 ἀνεμίγνυντο
1053 612 1134 656 τοῖς
1157 602 1304 658 ἄλλοις,
1333 604 1456 659 ὁμόσε
1479 624 1520 650 τε
1538 623 1607 650 το-

201 674 345 719 λοιπὸν
382 674 644 727 ἐπισπόμενοι
655 707 668 727 ,
706 674 995 728 λαμπροτέραν
1030 670 1103 726 τὴν
1134 669 1268 726 φυγὴν
1300 673 1381 712 τῶν
1410 671 1606 714 ἐναντίων

200 740 453 796 εἰργάσαντο.
481 738 552 779 καί
574 735 670 779 ὅσον
692 739 769 790 μὲν
785 734 946 777 ἱππικὸν
969 737 1051 777 τῶν
1068 734 1293 786 Ῥωμαίων,
1322 732 1470 792 ῥᾳδίως
1496 735 1602 776 ἐκεῖ-

164 804 262 846 Βνοι
286 802 364 854 ἔξω
399 804 529 855 βελῶν
564 800 922 856 οἷπεκομίσθησαν,
963 796 1150 841 ὠκύτατα
1186 800 1430 848 διαθέοντες·
1456 800 1531 841 τοῦ
1562 801 1609 840 δὲ

199 868 326 918 πεζοῦ
347 864 493 918 ὁμίλου
526 865 667 906 πολλοὶ
692 862 973 906 άπεκτείνοντο
1009 862 1241 916 πιεζόμενοι
1274 865 1323 919 τῇ
1349 863 1508 919 γεφύρᾳ
1532 866 1662 906 roffio

204 932 414 984 Καθαροῦ
432 930 650 983 λεγομένου
670 930 870 981 ποταμοῦ,
899 930 954 969 δι’
976 923 1026 983 ἧς
1055 926 1137 968 ἔδει
1163 926 1323 976 πάντως
1347 926 1608 982 πορεύεσθαι.

203 996 387 1035 ἐνταῦθα
415 993 495 1049 γάρ
528 991 598 1034 διὰ
627 992 703 1047 τὴν
724 990 942 1047 στενότητα
969 994 1112 1034 notam*
1124 988 1210 1044 ἅμα
1235 993 1509 1047 περαιοῦσθαι
1532 987 1610 1044 οῦχ

202 1055 344 1100 οἷοίτε
377 1052 508 1110 ὄντες,
546 1056 744 1107 αἷθίζοντο
779 1053 978 1110 ἀλλήλους
1011 1057 1082 1097 καί
1109 1054 1339 1098 dyved-some.
1367 1056 1437 1097 καὶ
1461 1053 1499 1095 οἱ
1531 1055 1608 1107 μὲν

201 1118 342 1162 αὐτῶν
366 1123 409 1170 ἐς
430 1119 481 1163 τά
512 1122 588 1162 τοῦ
611 1124 800 1173 ποταμοῦ
829 1122 1038 1170 ἐξέπιπτον
1058 1118 1232 1175 ῥεῖθρα,
1271 1117 1309 1161 οἱ
1337 1121 1382 1161 δὲ
1406 1116 1610 1160 οἷνελιττό·

199 1201 315 1237 μενοι
339 1186 380 1235 ἐς
406 1183 456 1227 τά
489 1181 617 1227 ὀπίσω
646 1187 717 1226 καί
743 1185 1079 1236 ὖπονοστοῦντες,
1107 1182 1187 1224 ’ὑπὸ
1209 1183 1282 1232 τὰς
1307 1186 1388 1225 τῶν
1405 1183 1665 1235 noa-metm&

201 1251 399 1302 ἐγίγνοντο
432 1253 588 1304 χεῖρας.
625 1250 697 1290 καί
724 1243 774 1302 ἦν
806 1249 1048 1300 ἁπανταχοῦ
1074 1248 1245 1289 κάκιστα
1276 1248 1485 1295 κακίστοις
1507 1245 1610 1287 οἷνα-

201 1314 438 1367 κεκραμένα.
477 1311 576 1362 ἴσως
602 1314 648 1354 δὲ
683 1309 734 1354 ἂν
759 1309 934 1361 ἅπαντες
967 1313 1011 1353 ἐν
1043 1313 1098 1367 τῷ
1122 1310 1214 1352 τότε
1241 1310 1502 1366 πανωλεθρίᾳ
1526 1313 1610 1351 διε-

202 1375 435 1432 φθάρησαν,
463 1377 504 1417 εἰ
519 1375 578 1430 μὴ
602 1377 767 1430 Βούζης
790 1375 811 1417 ὅ
837 1374 1067 1430 στρατηγὸς,
1096 1373 1287 1429 βοώντων
1311 1391 1355 1429 γε
1383 1371 1522 1416 αὐτῶν
1541 1372 1614 1415 καὶ

203 1439 547 1495 ὀλοφυρομένων,
575 1439 705 1489 ξυνεὶς
730 1439 775 1482 τό
797 1441 973 1494 μέγεθος
999 1441 1074 1481 τοῦ
1106 1440 1294 1481 κινδύνου
1309 1473 1320 1492 ,
1361 1440 1612 1494 ἐπιστρέψας

167 1501 291 1556 (ζᾶμα
320 1506 369 1560 τῇ
401 1503 527 1560 οἰκείᾳ
555 1505 751 1557 δυνάμει,
802 1504 873 1546 καί
907 1503 1222 1557 ἀντιταξάμενος
1251 1509 1337 1552 τοῖς
1369 1502 1664 1559 βαρβάροιςρι)

201 1568 400 1621 ἀνέκοψεν
426 1564 562 1623 ἧρέμα
586 1567 662 1622 τήν
682 1570 841 1622 δίωξιν,
870 1570 947 1617 ἕως
969 1570 1114 1611 ἐκεῖνοι
1137 1566 1212 1622 τὴν
1227 1569 1414 1623 γέφυραν
1439 1565 1610 1620 διαβάν-

290 1673 324 1696 2.
350 1661 413 1694 Pro
430 1656 533 1694 ὀὕτω
558 1662 594 1693 Β.
619 1661 742 1695 τοῦτο.
854 1674 886 1706 7.
908 1661 1158 1706 ἐπισπόμενοι
1181 1662 1219 1696 R.
1251 1666 1288 1693 et
1309 1660 1417 1706 Lugd.
1445 1671 1548 1702 corr„
1570 1661 1620 1695 ἐ-’

290 1706 533 1751 πισπιόμενοι
557 1705 636 1740 edd.
777 1719 829 1742 ιι.
877 1707 1019 1742 Ciclzari
1039 1708 1204 1751 fluminis
1225 1706 1336 1751 Intpr.
1427 1717 1480 1751 ²7·
1506 1706 1547 1742 ἐν
1567 1705 1610 1752 τῇ

292 1751 376 1785 τότε
401 1753 437 1784 R.
552 1752 782 1798 πανολεθρίςι
807 1754 844 1786 Β.
927 1764 980 1786 20.
1007 1755 1071 1786 καὶ
1095 1763 1161 1786 om.
1186 1753 1223 1788 R.

204 1842 365 1886 neglecta
395 1840 583 1874 obsidione
622 1851 784 1886 quaeque
813 1840 956 1876 iamiam
983 1841 1101 1874 futura
1127 1839 1332 1884 sperabatur
1356 1839 1610 1884 propugnaculi

205 1888 478 1931 expugnatione,
501 1897 571 1918 una
593 1898 671 1918 cum
693 1887 778 1929 ipsis
795 1886 982 1930 praesectis
1000 1886 1227 1930 aufugerunt;
1251 1896 1296 1919 ne
1311 1886 1446 1918 tantula
1465 1885 1610 1930 quidem

202 1943 301 1965 mora
319 1933 422 1973 facta,
446 1933 531 1965 dum
552 1932 777 1964 resciscerent
795 1931 883 1976 quid
903 1937 1073 1976 ageretur,
1101 1937 1162 1963 aut
1184 1932 1262 1976 quis
1285 1931 1508 1974 fugientium,
1530 1930 1610 1975 quis

203 1979 403 2022 fugantium
417 1983 508 2010 esset
522 1989 708 2018 numerus;
733 1977 795 2010 sed
815 1979 864 2009 ita
885 1978 1073 2020 praecipiti
1095 1978 1373 2021 turbulentoque
1395 1987 1496 2008 cursu
1516 1975 1610 2008 fere-2

202 2022 355 2064 bantur,
379 2022 528 2067 perinde
553 2034 594 2054 ac
611 2024 640 2055 si
667 2034 727 2055 eos
753 2024 898 2066 panicus
924 2033 1032 2066 pavor
1058 2023 1248 2054 invasisset.
1290 2022 1409 2054 Persae
1451 2031 1534 2053 vero
1566 2031 1608 2053 eo

202 2069 279 2113 ipso
300 2069 411 2102 multo
426 2068 648 2101 audentiores
670 2068 767 2108 facti,
793 2068 905 2100 acrius
922 2068 1210 2111 insequebantur.
1259 2066 1481 2100 Praesidiarii
1503 2067 1610 2106 enim,

204 2115 267 2158 qui
286 2114 323 2146 in
342 2114 603 2158 propugnaculo
630 2118 731 2147 erant
750 2113 970 2158 (spectabant
998 2115 1092 2145 enim
1112 2124 1202 2158 quae
1224 2112 1437 2156 agebantur)
1463 2117 1610 2155 repente

202 2165 426 2202 erumpentes
447 2160 593 2204 reliquis
616 2154 727 2192 Pe'rsis
747 2170 783 2192 se
803 2159 1070 2198 coniunxerant,
1105 2159 1280 2202 simulque
1307 2158 1472 2201 deinceps
1486 2159 1611 2189 Roma-

203 2215 268 2237 nos
290 2203 536 2248 insequentes,
568 2205 845 2236 manifestiorem
873 2214 994 2236 eorum
1024 2204 1141 2248 fugam
1168 2205 1339 2245 fccerunt3
1374 2209 1480 2248 atque
1505 2203 1610 2246 equi-

204 2254 299 2282 tatus
327 2250 470 2294 quidem
493 2251 727 2283 Romanorum
750 2250 931 2282 universus
954 2249 1058 2282 facile
1084 2250 1356 2282 concitatissimo
1385 2260 1486 2281 cursu
1511 2253 1610 2280 extra

203 2295 354 2327 telorum
377 2296 505 2328 iactum
527 2301 580 2327 est
595 2295 752 2336 delatus3
776 2306 819 2327 ex
837 2295 998 2338 peditatu
1024 2305 1106 2327 vero
1135 2295 1238 2326 multi
1258 2295 1349 2327 caesi
1375 2299 1477 2334 sunt,
1499 2298 1609 2336 ponte

202 2340 359 2373 fluminis
379 2339 521 2373 Cathari
545 2341 631 2373 dicti
652 2351 710 2372 eos
727 2339 943 2380 retardante,
967 2351 1031 2384 por
1053 2351 1158 2384 quem
1179 2342 1322 2372 omnino
1348 2340 1398 2372 eis
1420 2345 1608 2371 transeun-

204 2384 288 2419 dum
319 2390 404 2418 erat.
459 2386 538 2418 Illic
564 2387 658 2418 enim
683 2397 760 2417 cum
781 2386 827 2418 ob
851 2387 1046 2429 angustiam
1067 2387 1170 2418 multi
1195 2386 1299 2417 simul
1323 2396 1402 2416 eum
1428 2383 1608 2417 transmit—

202 2435 278 2463 tere
309 2432 518 2476 nequirent,
549 2430 741 2463 trudebant
767 2442 841 2463 sese
867 2437 1011 2471 mutuo,
1053 2437 1245 2476 contraque
1287 2430 1535 2463 trudebantur:
1572 2432 1610 2460 et

201 2477 369 2510 nonnulli
401 2476 544 2522 quidem
572 2487 694 2510 eorum
724 2476 762 2508 in
794 2487 926 2508 amnem
953 2476 1187 2520 proruebant,
1222 2476 1389 2508 nonnulli
1420 2479 1609 2506 retrorsum

199 2522 294 2565 pulsi
313 2527 350 2554 et
368 2534 439 2566 qua
459 2527 631 2554 venerant
646 2521 850 2561 redeuntes,
875 2522 911 2553 in
930 2520 1083 2554 hostium
1102 2533 1224 2554 manus
1241 2520 1462 2561 incidebant3
1487 2523 1608 2551 erant-

201 2578 270 2610 que
298 2569 394 2600 omui
417 2578 460 2600 ex
479 2573 579 2611 parte
607 2568 759 2611 pessima
787 2567 945 2610 pessimis
972 2569 1096 2608 mixta3
1128 2568 1284 2599 fortassis
1309 2572 1424 2598 autem
1455 2563 1610 2598 universi

200 2616 274 2645 tum
298 2612 464 2657 temporis
489 2613 534 2645 ad
555 2613 833 2645 internecionem
855 2613 1054 2656 periissent,
1078 2613 1145 2644 nisi
1163 2614 1270 2644 Buzes
1297 2611 1506 2654 praefectus,
1531 2609 1609 2641 cla-

200 2657 357 2690 moribus
413 2658 744 2702 eiulationibusquc
798 2659 954 2702 ipsorum
991 2657 1167 2690 exauditis
1211 2658 1420 2701 cognitaque
1457 2653 1608 2698 periculi

201 2703 464 2746 magnitudine,
503 2700 689 2740 conversus
729 2714 806 2736 cum
837 2703 907 2735 suis
935 2704 1045 2747 copiis
1085 2709 1120 2735 ct
1154 2701 1379 2736 barbaris.se
1412 2709 1607 2746 opponens,
