1832 3152
606 130 982 176 HISTORIARUM
1021 137 1073 175 v.
1087 134 1127 174 2.
1325 150 1327 152 -
1507 114 1579 171 28
1591 134 1610 169 1

175 231 451 290 παράφρονας
478 232 559 275 ὖπὸ
571 235 654 275 τοῦ
672 235 792 284 δέους
818 237 1127 291 γεγενημένους,
1150 235 1285 295 ῥᾷστα
1307 231 1704 291 διεχειριζοντο,Α,σ,
1722 249 1787 295 557

175 298 249 341 καὶ
278 300 508 352 δισχιλίους
534 301 613 352 μὲν
643 298 785 342 αὐτῶν
819 298 1092 356 ἀπεκτόνασι,
1128 301 1248 345 τὸ-δὲ
1281 300 1516 355 λειπόμενον
1541 294 1650 342 ἷῖλ-Ῑ·
1666 297 1746 332 [31

173 369 244 414 λος
272 360 418 407 ἄλλοθι
444 363 748 408 ἐσκεδάννυντο.
804 363 914 407 οὕτω
937 368 983 408 δὲ
1017 364 1096 411 dm*
1130 369 1276 425 κράτος
1301 364 1411 409 ἅπαν
1430 365 1477 408 τὸ
1500 366 1616 421 γένος

171 428 336 487 ᾑρηκώς
361 429 383 471 ὅ
411 429 651 486 Θεόδωρος,
695 430 719 472 ὅ
748 433 795 473 δὲ
817 435 990 485 βασιλεῖ
1007 432 1208 489 διήγγειλε
1233 433 1286 476 τὰ
1309 435 1634 486 ξυνενεχθέντα,-

143 497 245 540 5καί
263 496 584 550 ἀνεπυνθάνετο,
610 494 647 550 δ’,
673 513 716 538 τι
737 497 809 538 καὶ
829 498 1021 551 βούλοιτο
1046 500 1117 541 ἐπὶ
1134 498 1307 549 τούτοις,
1337 496 1358 539 ὃ
1382 500 1427 540 δὲ
1456 501 1615 551 δασμο-

169 561 324 620 φορίαν
352 559 496 612 αὐτοῖς
516 565 725 605 ἐπιθεῖναι
748 562 900 619 τακτὴν
925 563 1210 607 διακελεύεται
1242 564 1309 607 ἄν’
1321 566 1494 607 ἕκαστον
1519 562 1612 613 ἔτος

165 629 212 677 ἐς
235 626 308 670 τὸν
329 626 472 671 ἔπειτα
499 628 651 684 χρόνον
675 631 1057 686 τελεσθησομένην,
1085 631 1142 680 ὥς
1162 632 1207 673 ἐν
1235 629 1366 687 ταύτῃ
1391 631 1492 684 γοῦν
1515 631 1646 674 δια-Β

165 698 301 748 γνοῖεν
329 694 560 750 κατηκόους
597 696 711 751 σφᾶς
739 692 847 737 εἶναι
903 698 976 738 καί
1012 695 1224 746 ὑποτελεῖς
1268 697 1341 737 καί
1371 695 1612 737 παντάπασι

166 763 517 815 δεδουλωμένους.
565 761 643 803 καί
671 762 810 803 τοίνυν
855 752 1120 819 ἆνάγραπτοί
1141 779 1187 818 γε
1229 763 1383 804 αὐτίκα
1410 760 1611 816 ἐγίγνοντο

117 818 346 876 rufinam&
360 861 372 880 ,
409 825 482 867 καί
498 825 632 883 φόρου
666 827 865 884 ἀπαγωγῇ
892 829 1116 879 ἐπιέζοντο·
1154 831 1198 879 ἐξ
1225 827 1384 870 ἐκείνου
1411 842 1456 868 τε
1480 827 1610 881 μέχρι

164 893 238 934 καί
259 894 337 934 νῦν
366 887 473 933 οὕτω
507 891 586 941 τὰς
620 891 821 949 εἰσφορὰς
857 888 1023 948 ἄγοντες
1050 895 1299 936 διατελοῦσι.
1353 894 1530 947 βασιλέα
1562 892 1610 933 δὲ

155 956 450 1001 Ἰουστινιανὸν
475 953 614 1013 ὥσπερ
632 975 686 1012 τι,
716 955 844 1012 οἶμαι,
859 962 940 1001 τῶν
961 959 1167 1014 μεγίστων
1188 959 1320 1016 ἔργων
1345 958 1459 1013 μάλα
1484 952 1609 1013 ἤρεσε

161 1021 210 1066 τὸ
241 1025 518 1079 γεγενημένον.
549 1020 759 1079 τοιγάρτοι
785 1023 831 1066 ἕν
862 1042 945 1067 τινι
967 1028 1051 1068 τῶν
1081 1026 1242 1068 οἰκείων
1271 1024 1410 1079 νόμων
1418 1059 1431 1078 ,
1461 1022 1534 1072 οὒς
1556 1022 1606 1078 δὴ

161 1089 334 1146 νεαροὺς
369 1087 701 1143 ἐπονομάζομεν,
729 1089 803 1140 τὰς
828 1084 957 1140 ἶὶλλας
990 1090 1363 1147 ἀπαριθμούμενος
1387 1090 1502 1139 νίκας
1538 1091 1610 1131 καί

109 1154 284 1198 ῐ5τοῦδε
322 1157 401 1197 τοῦ
429 1155 578 1205 ἔθνους
611 1156 656 1197 ἐν
690 1160 778 1206 τοῖς
810 1155 996 1210 μάλιστα
1028 1157 1282 1212 ἐπεμνήσθη.
1339 1156 1392 1198 τὰ
1417 1159 1496 1210 μὲν
1530 1150 1606 1198 οὖν

157 1222 231 1276 τῆς
270 1222 493 1277 Τζαννικῆς
527 1221 772 1272 ἀλαζονείας
806 1217 891 1264 οἶδε’
924 1239 1012 1272 πως
1047 1221 1278 1276 ἐτελεύτα,
1317 1221 1391 1264 καί
1428 1216 1553 1271 αὖθις
1581 1219 1603 1262 ὅ

159 1285 374 1343 Θεόδωρος
405 1283 483 1329 ἇνὰ
504 1285 580 1343 τὴν
601 1288 686 1329 τῶν
714 1289 873 1340 Λαζῶν
896 1287 1045 1344 χώραν
1075 1287 1190 1345 παρὰ
1211 1287 1310 1338 τοὺς
1342 1287 1602 1345 στρατηγούς

156 1353 346 1409 ἐπανῆκε.

265 1416 313 1474 γ’.
376 1417 539 1461 Τούτων
575 1421 622 1461 δὲ
651 1419 700 1461 οὗ
729 1421 864 1478 πολλῷ
891 1417 1126 1477 ἔμπροσθεν
1152 1420 1280 1463 πάλιν
1306 1423 1352 1463 ἕν
1380 1420 1632 1479 Βυζαντίῳρ

102 1485 339 1536 αοέξαίσιόν
359 1501 402 1526 τι
421 1487 595 1538 σεισμοῦ
615 1487 763 1541 χρῆμα
786 1487 1024 1541 ἐνέσκηψεν,
1056 1487 1114 1535 ὦς
1132 1487 1287 1542 μικροῦ
1316 1483 1484 1528 ἅπασαν
1497 1483 1599 1528 οἰνα-

155 1550 394 1607 τετράφθαι
419 1550 492 1592 καί
514 1551 769 1607 διαῤῥυῆναι
789 1550 862 1607 τὴν
886 1549 1022 1594 πόλιν.
1044 1553 1183 1606 γέγονε
1203 1554 1283 1604 μὲν
1305 1550 1384 1606 γὰρ
1411 1551 1482 1592 καί
1500 1553 1608 1627 καθὶ

153 1614 281 1657 αὗτὸν
295 1618 491 1671 μέγιστος
513 1616 673 1672 ἡλίκος,
702 1617 774 1659 καί
795 1615 942 1671 ὁποῖος,
974 1614 1104 1672 οἶμαι,
1128 1615 1346 1660 οὐπώποτε
1383 1617 1598 1674 πρότερον,

151 1682 207 1738 τῇ
235 1697 278 1724 τε
301 1680 531 1738 τραχύτητι
563 1685 637 1725 τοῦ
665 1683 860 1740 βρασμοῦ
887 1682 961 1725 καί
985 1684 1042 1742 τῷ
1063 1683 1226 1742 μονιζιιῳ
1256 1686 1332 1725 τοῦ
1362 1683 1508 1725 σάλου.
1536 1682 1600 1725 ἔτι

242 1773 274 1806 7.
302 1759 351 1796 ἄν
376 1761 489 1808 ταύτῃ
515 1767 552 1796 et
580 1774 630 1796 ιο.
645 1762 854 1808 ἀπαγωγῆς
892 1762 972 1808 sph.
997 1764 1070 1797 Par.
1170 1775 1222 1798 12.
1249 1761 1406 1809 ἤρεσκεν
1434 1765 1473 1797 R.
1544 1764 1593 1808 14.

242 1809 296 1862 Pr.
321 1807 409 1842 Nov.
442 1820 470 1843 1.
495 1815 533 1844 et
560 1811 615 1846 38.
714 1821 766 1855 ¹7-
797 1810 872 1845 τῶν
895 1810 975 1844 add.
1004 1821 1048 1844 ex
1073 1811 1114 1845 R.

150 1899 236 1934 pem
260 1889 378 1934 fugam
403 1900 596 1934 capessere.
647 1890 799 1923 Romani
823 1899 906 1923 vero
933 1901 992 1923 eos
1017 1891 1069 1924 ita
1101 1889 1281 1936 fugientes
1311 1894 1349 1923 et
1380 1901 1466 1935 prae
1499 1894 1598 1923 metu

153 1940 251 1970 extra
276 1947 313 1969 se
339 1935 602 1981 quodammodo
627 1937 788 1980 positos,
816 1937 987 1969 facillime
1015 1936 1266 1979 trucidarunt3
1292 1943 1329 1970 et
1351 1936 1422 1970 (luo
1450 1936 1599 1983 quidem
1634 1958 1638 1962 -

153 1992 277 2015 eorum
301 1983 418 2018 millia
442 1988 526 2016 sunt
550 1994 650 2016 caesa
665 2008 674 2024 ,
710 1983 864 2029 reliqui,
889 1983 988 2016 alius.
1004 1984 1100 2024 alio,
1138 1990 1222 2017 sunt
1247 1984 1422 2028 dissipati.
1474 1983 1598 2016 Theo-

152 2027 259 2063 dorus
296 2030 432 2075 itaque,
471 2030 639 2064 universa
672 2035 776 2074 gente
814 2030 959 2070 domita,
995 2030 1206 2075 Imperatori
1246 2042 1336 2076 quae
1362 2035 1458 2075 gesta
1489 2034 1592 2063 orant

150 2076 345 2116 nuntiavit,
370 2077 564 2122 simulque,
594 2076 686 2123 quid
709 2077 749 2109 in
774 2088 834 2110 eos
860 2078 972 2110 statui
987 2078 1109 2118 vellet,
1136 2077 1333 2110 sciscitatus
1355 2083 1418 2110 est.
1467 2077 1499 2109 Is
1518 2088 1597 2110 cer-

150 2126 228 2154 tum
253 2122 304 2156 eis
329 2121 508 2156 tributum
533 2135 692 2156 annuum
706 2148 716 2164 ,
745 2123 842 2169 quod
868 2123 1038 2167 deinceps
1063 2123 1288 2167 penderent,
1316 2123 1455 2169 imponi
1479 2123 1596 2166 iussit3

151 2173 195 2202 ut
229 2179 274 2201 ex
313 2180 356 2203 eo
388 2170 662 2214 intelligerent,
698 2181 735 2203 se
759 2170 924 2203 subditos
951 2176 988 2203 et
1017 2170 1229 2204 tributarios
1263 2182 1339 2204 esse
1375 2171 1596 2216 penitusque

150 2214 327 2250 subactos.
377 2215 576 2250 Confestim
605 2218 729 2262 itaque
763 2228 930 2250 recensus
962 2218 1123 2251 omnium
1154 2223 1208 2251 est
1238 2216 1408 2263 habitus,
1444 2222 1482 2251 et
1504 2228 1595 2250 onus

149 2261 333 2296 inferendi
358 2262 488 2296 tributi
514 2263 564 2296 eis
590 2263 821 2308 impositum,
854 2268 891 2297 et
915 2263 1048 2297 exinde
1073 2265 1113 2297 in
1137 2263 1235 2297 hunc
1259 2276 1374 2310 usque
1402 2264 1499 2298 diem
1523 2265 1596 2296 Ro-

147 2309 263 2341 manis
297 2313 380 2342 sunt
414 2310 614 2355 vectigales.
664 2309 865 2344 Iustiniano
901 2321 984 2344 vero
1011 2310 1220 2354 Imperatori
1243 2311 1375 2344 factum
1398 2310 1479 2351 hoc,
1509 2316 1594 2344 tan-

149 2365 259 2399 quam
293 2366 338 2389 ex
365 2356 526 2390 maximis
559 2356 665 2390 rebus
703 2359 824 2402 gestis,
855 2357 960 2390 valde
998 2358 1146 2402 placuit.
1203 2358 1381 2403 Quocirca
1405 2358 1512 2391 etiarn
1552 2357 1592 2389 in

149 2401 301 2446 quadam
328 2413 472 2434 suarum
507 2404 828 2445 constitutionum,
867 2416 953 2449 quas
979 2404 1139 2438 novellas
1165 2406 1400 2450 appellamus,
1426 2404 1512 2437 alias
1535 2403 1594 2434 vi-

148 2449 278 2482 ctorias
304 2459 513 2489 recensens,
537 2449 644 2483 huius
672 2452 782 2484 etiam
808 2452 922 2496 gentis
949 2452 1045 2484 inter
1068 2453 1198 2496 primas
1222 2452 1400 2485 meminit.
1449 2451 1592 2483 Zanno-

147 2506 227 2528 rum
260 2495 382 2540 itaque
415 2500 581 2540 proterva
617 2497 810 2530 insolentia
844 2497 940 2531 hunc
976 2497 1107 2531 habuit
1131 2499 1292 2539 exitum,
1318 2503 1355 2531 et
1380 2495 1592 2530 Theodorus

146 2552 213 2587 per
239 2541 403 2576 Lazicam
427 2543 609 2587 regionem
642 2543 687 2576 ad
710 2544 911 2589 praefectos
938 2544 1116 2578 exercitus
1143 2545 1263 2578 rediit.

238 2589 270 2623 3.
320 2588 402 2622 Non
429 2589 544 2633 multo
566 2600 649 2624 vero
674 2596 780 2624 antea
806 2595 967 2635 tempore
993 2603 1112 2624 rursus
1137 2592 1300 2635 Byzantii
1329 2591 1455 2635 ingens
1475 2594 1590 2623 terrae

98 2663 104 2675 Ι
146 2637 263 2668 motus
288 2636 384 2676 fuit,
409 2635 498 2668 adeo
527 2640 569 2669 ut
600 2647 726 2680 parum
752 2637 921 2678 abfuerit,
952 2639 1043 2683 quin
1075 2643 1153 2671 tota
1187 2638 1272 2671 urbs
1304 2637 1473 2670 subversa
1511 2648 1590 2669 cor—

147 2681 269 2715 ruerit.
317 2683 408 2716 Nam
431 2687 469 2715 et
487 2692 550 2726 per
578 2693 615 2715 se
639 2683 817 2717 maximus
843 2685 913 2717 fuit
936 2690 973 2718 et
993 2685 1108 2730 qualis
1129 2690 1223 2724 autc,
1249 2689 1291 2717 ut
1315 2683 1483 2724 arbitror,
1508 2683 1591 2715 nul-

147 2726 230 2769 lut,
260 2740 340 2764 cum
364 2727 594 2765 vehementia
617 2731 879 2771 succussionis,
904 2737 981 2765 tum
1009 2729 1201 2764 duratione
1237 2731 1458 2775 agitationis5
1493 2730 1587 2762 mul-
