1832 3152
306 122 412 193 372
870 139 1140 182 AGATHIAE

301 239 375 278 νῦν
398 237 518 288 μόλις
546 231 639 291 εὗρε
673 238 872 288 μέλαιναν
896 237 976 278 ἀπὸ
998 239 1215 294 κροτάφων
1242 242 1363 294 τρίχα
1391 239 1543 292 κόψαι,

379 301 480 354 θῆκε
505 301 550 342 δὲ
582 316 644 341 σοι
671 302 868 355 προτέρης
891 301 1084 354 λείψανον
1113 303 1283 356 ἡλικίης

301 361 352 404 οἷ)
354 362 404 403 λὰ
429 361 508 403 θεά
526 394 538 415 ,
579 364 755 405 δυ’νασαι
779 363 857 419 γάρ
872 397 884 416 ,
921 361 948 418 ἢ
974 365 1157 418 ἦβητῆρά
1178 382 1230 417 με
1252 367 1411 419 τεῧξον,

379 443 404 479 η
431 442 498 467 και
524 425 600 481 τὴν
629 425 771 482 πολιὴν
801 427 857 476 ὥς
880 426 1040 482 νεότητα
1070 424 1208 480 δέχου.

854 524 911 561 35·
938 523 1031 568 (VI)
1056 524 1129 570 79·)

288 582 478 641 ’Ἀσπορα
492 620 503 638 ,
537 586 638 629 Πάν
659 589 854 643 λοφιῆτα,
892 588 991 628 τάδε
1012 587 1280 643 Στρατόνικος
1311 585 1502 644 ἄροτρεύς

382 651 470 692 ἄντ’
501 647 728 705 εὖεργεσίης
757 647 903 692 ἄνθετο
930 651 997 692 σοι’
1014 653 1169 706 τεμένη.

298 714 447 768 ,,βόσκε
476 716 514 755 δ’
526 716 550 734 ”
579 713 658 769 ἔφη
685 714 872 769 ,,χαίρων
890 715 939 756 τά
962 713 1014 756 σὰ
1039 717 1219 768 ποιζανια,
1247 714 1320 757 καί
1338 717 1406 757 σέο
1432 715 1570 771 χώρην

377 779 535 833 δέρκεο,
575 777 649 833 τὴν
672 779 812 834 χαλκῷ
834 782 976 833 μηκέτι
1009 778 1266 833 τεμνομένην.

296 841 429 887 αἴσιον
459 840 644 895 εὑρήσεις
675 839 721 881 τό
749 840 954 884 ἐπαύλιον·
995 842 1142 884 ἐνθάδε
1172 840 1249 897 γάρ
1285 857 1350 883 σοι

371 903 483 958 Ἠχώ
506 907 732 961 τερπομένη
758 909 828 950 καί
860 908 992 960 γάμον
1021 906 1258 948 ἐκτελέσει.”

850 1003 905 1041 36·
935 1005 1027 1049 (VI,
1054 1005 1124 1050 80.)

293 1069 543 1123 Δαφνιακῶν
570 1067 721 1124 βιβλων
751 1069 948 1122 Ἀγαθιόυ
976 1069 1114 1116 ἕννεάς
1139 1071 1237 1119 εἶμι·

376 1128 481 1172 ἄλλά
505 1134 551 1184 μ’
572 1131 594 1173 ὅ
624 1132 817 1186 τεκτήνας
845 1127 992 1174 ἄνθετο
1019 1133 1105 1183 ool,
1145 1134 1310 1186 Παφίη.

293 1195 342 1235 οὗ
366 1195 443 1250 γάρ
471 1196 715 1251 Πιερίδεσσι
739 1195 858 1238 τόσον
882 1198 1018 1248 μέλω,
1055 1192 1175 1236 ὅσσον
1205 1191 1371 1250 ”Ερωτι,

374 1275 490 1312 οργια
517 1259 738 1300 τοσσατίων
765 1256 1032 1313 οἷμφιέπουσα
1056 1257 1208 1299 πόθων.

294 1321 406 1363 αιτεῖ
425 1323 464 1362 δ’
490 1321 582 1363 οἷντί
603 1322 758 1374 πόνων,
807 1338 874 1363 ιια
906 1321 943 1362 οἱ
977 1321 1045 1362 δια
1066 1326 1151 1362 σεῖο
1180 1323 1329 1376 παρείη

370 1380 398 1439 ἦ
422 1401 512 1427 τινα
541 1384 598 1440 μὴ
621 1387 799 1441 φιλέειν,
838 1381 865 1440 ἢ
884 1384 991 1438 ταχὺ
1017 1386 1278 1439 πειθομένην.

839 1483 893 1522 37.
919 1484 1011 1529 (VI,
1048 1484 1136 1529 ¹67·)

293 1546 388 1600 Σοὶ,
413 1546 551 1604 μάκαρ
580 1547 814 1602 αἶγίκναμε,
853 1547 1076 1603 παράκτιον
1097 1549 1139 1595 ἐς
1161 1548 1372 1602 περιωπὰν

371 1612 443 1654 τὸν
466 1611 634 1668 τράγον,
675 1608 710 1654 ὦ
739 1614 882 1662 δισσᾶς
914 1613 1039 1665 οἷγέτα
1064 1613 1299 1667 θηροσύνας
1321 1636 1374 1645 -—-·

292 1675 361 1717 σοί
387 1675 465 1732 γάρ
495 1679 744 1732 καστορίδων
769 1674 902 1717 ὖλακά
925 1675 996 1717 καὶ
1020 1677 1236 1730 τρίστομος
1266 1675 1396 1730 αἰχμὴ

370 1736 513 1791 εὔαδε,
553 1740 625 1781 καί
650 1741 821 1793 ταχινῆς
845 1739 944 1794 ἔργα
975 1738 1276 1794 λαγωσφαγίης,

294 1805 437 1845 δίκτυά
466 1806 502 1845 τ’
531 1805 573 1845 ἐν
597 1802 753 1858 ῥοθίοις
778 1804 1014 1855 ἁπλούμενα
1028 1836 1041 1854 ,
1081 1803 1154 1843 καί
1171 1801 1430 1853 καλαμευτὰς

374 1868 563 1919 κάμνων,
591 1866 661 1907 καί
682 1868 866 1921 μογερῶν
887 1871 1040 1917 πεῖσμα
1071 1863 1356 1918 σαγηνοβόλων
1374 1889 1428 1899 -·

294 1925 441 1971 ἄνθετο
467 1932 510 1972 δὲ
533 1931 774 1982 Κλεόνικος,
814 1930 905 1970 ἐπεὶ
929 1930 999 1969 καί
1018 1927 1178 1970 πόντιον
1202 1923 1332 1982 όῖγραν

371 1989 494 2046 ἄνυε,
522 1995 593 2035 καί
616 1995 778 2042 πτῶκας
810 1993 1001 2040 πολλάκις
1033 1990 1222 2045 ἐξεσόβει.

823 2089 880 2129 38.
907 2090 995 2135 (VI,
1024 2090 1113 2135 172.)

401 2158 485 2191 Sine
509 2158 661 2191 auctoris
684 2157 826 2191 nomine
855 2157 893 2190 in
918 2156 993 2189 cod.
1011 2156 1185 2199 Palatin03
1207 2155 1378 2200 Agathiae
1395 2155 1567 2190 tributum

804 2217 843 2249 in
863 2214 967 2249 Anth.
981 2215 1166 2249 Planudea.

287 2281 510 2334 Πορφυρίς
538 2280 562 2334 ἦ
591 2279 743 2333 Κνιδίη
774 2279 824 2320 τὰ
846 2279 1082 2332 στέμματα,
1125 2278 1196 2319 καί
1219 2277 1265 2319 τὸ
1297 2280 1496 2335 δι’θυρσον

365 2346 487 2385 τοῦτο
512 2342 557 2384 τὸ
589 2341 810 2396 λογχωτὸν,
851 2342 923 2383 καί
950 2341 996 2383 τὸ
1027 2342 1320 2398 περισφύριον,

287 2404 346 2457 οἷς
376 2404 521 2461 οἷνέδην
552 2405 775 2459 βάκχευεν,
814 2402 870 2446 ὅτ’
896 2409 938 2453 ἐς
964 2407 1166 2448 Διόνυσον
1189 2406 1359 2461 ἐφοίτα,

364 2469 563 2524 κισσωτην
588 2471 769 2525 στέρνοις
795 2472 946 2524 νεβρίδ’
981 2470 1259 2524 ιῖναπτομένη,

287 2533 493 2590 ἆβροκόμη
519 2534 714 2586 Διόνυσε,
753 2532 830 2588 πρὸ
859 2535 1061 2582 παστάδος
1085 2534 1269 2590 ᾗώρησεν

364 2599 492 2641 ταῦτα
517 2597 568 2640 τὰ
594 2599 667 2639 τοῦ
693 2598 862 2646 κάλλευς
886 2596 1036 2649 κόσμια
1063 2597 1133 2640 καὶ
1157 2599 1330 2653 μανίηςῷ
