1832 3152
248 101 356 166 264
832 117 1101 162 AGATmAE

53 224 96 261 A.
116 225 149 257 C.
172 217 263 260 5566
282 223 389 268 παῖς,
418 215 459 265 ὃς
480 216 529 270 δη
554 214 626 257 καὶ
649 217 878 271 Κερμασαοὶ
902 218 1146 270 ὠνομάζετο.
1179 220 1259 261 τῶν
1279 221 1323 261 δὲ
1341 220 1531 263 τοιούτων
1552 223 1640 263 ἑπι-

104 270 129 302 Ῑ·
146 271 170 302 1·
188 272 232 306 3⁰
244 278 419 334 κλήσεων
441 279 467 333 ἦ
498 279 608 321 αἰτία
635 275 712 334 ἤδη
737 295 809 332 μοι
827 279 999 335 εἴρηται.
1036 282 1200 339 καὶγὰρ
1226 283 1370 339 Κερμά
1401 283 1547 334 ἔθνους
1569 303 1640 327 τυ-

241 342 320 396 χὸν
341 339 368 397 ἢ
384 341 522 396 χώρας
539 342 723 399 ὖπῆρχεν
745 344 966 396 ἐπωνυμία·
977 345 1125 400 ταύτης
1144 348 1188 388 δὲ
1213 349 1268 403 τῷ
1288 347 1412 403 πατρὶ
1430 350 1502 390 τοῦ
1527 349 1640 391 Oda-

209 408 425 462 Οραράνου
449 408 775 461 δεδουλωμένης,
811 405 975 457 εἰκότως
1001 407 1021 451 ὃ
1044 416 1140 458 παῖς
1164 409 1237 465 την
1259 411 1492 464 ἐπωνυμίαν
1524 411 1642 467 ἐκτή-

244 486 369 522 σατο,
406 470 594 516 καθάποτυ
618 471 812 527 πρότερον
843 474 914 512 καί
939 471 1050 527 παρὰ
1084 474 1308 525 ζΡωμαιόις
1336 475 1358 516 ὅ
1384 479 1461 528 μὲν
1491 477 1665 532 Ἀφρι-5

239 532 359 583 κανὸς
377 534 524 588 τυχὸν,
554 535 575 576 ὁ
600 537 644 576 δὲ
665 534 942 590 Γερμανικὸς,
971 533 992 577 ὅ
1014 538 1060 577 δὲ
1085 539 1128 587 ἐξ
1159 531 1284 581 ἄλλον
1312 555 1386 582 του
1409 541 1550 593 γένους
1573 557 1639 582 νε·-4

239 599 452 652 νικημὲνου
482 599 695 653 ἐπεκλήθη.
732 598 801 640 ἐπὶ
823 598 980 647 τούτοις
1011 599 1265 655 Ἰσδιγέρδης
1288 599 1308 641 ὅ
1335 603 1534 657 Σαβιόρου
1566 604 1642 658 τὴν

239 662 451 717 Περσικὴν
479 661 697 717 ἡγεμονίαν
723 662 1060 718 παραλαμβάνει,
1089 663 1111 704 ὅ
1132 663 1255 713 πολὺς
1274 665 1384 720 παρὰ
1413 667 1640 720 “Ρωμαιὀις

127 727 167 761 V·
180 729 224 771 96
238 729 309 766 καί
338 726 610 782 περιλάλητος.
659 727 765 782 φασὶ
788 727 864 782 γάρ
907 727 1123 782 Ἀρκάδων
1156 727 1226 769 τὸν
1253 731 1424 781 βασιλέα
1458 729 1560 784 πρὸς
1584 734 1640 788 τῷ

235 790 403 848 θανάτῳ
433 792 712 845 γεγενημένον,
751 791 822 832 καί
842 790 893 832 τὰ
920 795 1011 844 μετ’
1037 789 1186 845 αὐτὸν,
1223 789 1338 849 ὥσπη
1368 799 1453 842 τοῖς
1478 795 1692 850 ἀνθρώ-ιο

236 869 328 903 ποις
349 852 606 907 νενόμισται,
644 853 933 909 διατάττοντα,
971 857 1098 913 τούτῳ
1121 856 1170 911 δὴ
1198 857 1353 912 φύλακι
1383 855 1640 914 χρήσασθαι,

236 917 307 957 καί
334 919 525 972 κηδεμόνι
554 920 629 960 ἐπί
658 936 702 961 τε
732 922 788 976 τῷ
816 919 937 960 παιδὶ
965 921 1170 977 Θεοδοσίῳ
1203 919 1275 962 καί
1310 922 1420 979 πάσῃ
1447 924 1499 977 τῇ
1531 923 1642 964 ‘Pm-

235 985 365 1037 μαϊκῇ
393 982 647 1024 καταστάσει.
689 979 831 1041 ᾄδεται
858 983 936 1039 γάρ
966 979 1079 1033 οὗτος
1110 983 1130 1026 ὃ
1161 982 1273 1038 λόγος
1303 987 1559 1031 ἐπιπλεῖστον
1597 986 1642 1028 ἐν

235 1045 334 1098 ἡμῖν
357 1046 402 1087 ἐκ
426 1050 604 1088 παλαιοῦ
625 1049 674 1104 τῇ
701 1048 839 1104 μνήμῃ
861 1050 1113 1104 παραδοθείς
1139 1055 1225 1097 τοῖς
1241 1050 1399 1104 ἐφεξῆς,
1427 1050 1497 1095 καί
1512 1051 1640 1104 μέχρι

199 1112 315 1151 Βνῦν
342 1113 455 1166 παρά
477 1127 520 1152 τε
541 1117 626 1161 τοῖς
645 1111 823 1165 λογιζιιοις
845 1112 916 1154 καί
941 1115 998 1169 τῷ
1021 1113 1136 1170 δήμῳ
1162 1112 1464 1168 περιαγόμενος·
1497 1114 1640 1169 γραφῇ
1647 1117 1692 1157 15

236 1176 282 1215 δέ
303 1190 383 1215 τινι
406 1177 476 1216 καί
501 1175 634 1229 λόγοις
651 1174 870 1231 ἱστορικοῖς
899 1177 974 1219 οὐκ
996 1174 1087 1219 οἶδα
1109 1175 1241 1232 εὖρών
1260 1179 1377 1218 τοῦτο
1405 1176 1640 1232 φερόμενον,

235 1239 334 1279 οὐδὲ
352 1241 451 1294 παρ’
472 1234 530 1287 οἷς
549 1239 673 1292 τυχὸν
694 1239 743 1281 τὰ
774 1242 845 1295 τῆς
872 1241 1092 1295 Ἀρκαδιόυ
1120 1242 1306 1295 τελευτῆς
1333 1241 1639 1295 ἄπεμνημόνευ-ι,

234 1319 326 1355 ται,
351 1298 413 1344 ὅτι
436 1302 493 1356 μη
519 1302 646 1355 μόνον
669 1305 713 1344 ἐν
733 1310 818 1352 τοῖς
846 1303 1071 1361 Προκοπιζο
1091 1305 1145 1360 τῷ
1173 1303 1312 1359 ῥήτορι
1334 1305 1640 1358 συγγεγραμμέ-

233 1381 330 1415 νοις.
342 1366 413 1407 καί
434 1367 568 1419 οὐδὲν,
594 1363 722 1420 οἶμαι,
748 1367 1004 1420 θαυμαστὸν,
1026 1369 1178 1410 ἐκεῖνον
1199 1369 1275 1420 μὲν
1305 1366 1360 1417 ὥς
1382 1371 1548 1409 πλεῖστα
1566 1381 1640 1420 με·-

230 1428 474 1484 μαθηκότα,
518 1429 589 1471 καί
623 1433 783 1483 πᾶσαν,
823 1430 880 1480 ὥς
911 1433 1063 1485 εἰπεῖν,
1110 1431 1296 1488 ἱστορίαν
1332 1430 1694 1485 ἄναλεξάμενον,αο

232 1493 303 1535 καί
324 1493 442 1547 τήνδε
481 1497 733 1549 παραλαβεῖν
756 1493 830 1549 τὴν
858 1492 1061 1550 ἀφήγησιν
1097 1492 1218 1553 ἑτέρῳ
1245 1496 1439 1551 πρότερον
1471 1497 1640 1542 §un-sno·-

232 1560 406 1612 νημένην
421 1592 434 1610 ,
472 1560 544 1610 ἐμὲ
572 1560 616 1599 δὲ
645 1557 775 1613 αὐτὴν
800 1561 1001 1614 μηδαμῶς
1031 1557 1093 1601 ἔτι
1123 1557 1228 1602 ἑλεῖν
1262 1559 1459 1612 ἐλάχιστα
1489 1559 1641 1613 εἰδότα,

323 1648 333 1668 1
345 1660 352 1666 .
380 1636 564 1670 Cermasat
585 1638 695 1680 Intpr.
712 1637 840 1670 Verum
861 1642 913 1670 est
932 1634 1178 1682 Κερμανσαᾶε
1200 1638 1243 1670 cs.
1261 1636 1528 1670 Mifkhondium
1545 1637 1639 1680 apud

325 1681 484 1732 Saeyum,
507 1683 611 1716 Mem.
623 1694 686 1716 sur·
696 1683 746 1717 les
765 1682 963 1728 antiquite‘s
979 1682 1022 1716 de
1039 1684 1157 1723 Perse,
1173 1693 1205 1725 p.
1225 1684 1302 1716 320.
1349 1694 1380 1716 2.
1393 1682 1554 1717 Debebat
1564 1693 1639 1715 esse

323 1729 490 1771 Κερμαν.
547 1727 656 1764 ἔθνος
667 1728 703 1759 R.
755 1730 785 1763 3.
795 1730 858 1760 τοῦ
879 1726 1200 1774 Ἀραριένουιιιςᾱ.
1221 1734 1257 1761 et
1270 1727 1323 1760 ed.
1338 1739 1402 1772 pr„
1417 1727 1550 1774 Οῠραρ.
1564 1729 1639 1761 Par.

326 1783 376 1805 ιο.
401 1771 458 1804 ἐπ’
476 1766 591 1806 αὐτὸν
610 1774 662 1813 R„
682 1775 789 1816 Intpr.
811 1785 918 1819 quum
934 1792 979 1798 -
999 1786 1064 1808 sua
1089 1773 1301 1819 disponeret.
1365 1775 1414 1808 15.
1441 1774 1639 1818 λογισμοῖς

325 1818 410 1858 (sic)
427 1819 462 1850 R.
518 1830 564 1862 ¹7·
590 1817 938 1864 ἀπομνημονεύεται
951 1821 991 1855 R.
1039 1831 1091 1852 22.
1119 1820 1181 1852 Pro
1195 1818 1290 1852 ἑλεῖν
1313 1820 1402 1852 coni.
1429 1819 1478 1851 Cl.
1503 1817 1635 1863 εὑρεῖν.

232 1885 322 1925 lius,
353 1885 415 1930 qui
444 1890 480 1918 et
514 1885 693 1918 Cermasaa
729 1883 843 1921 <lictus
877 1886 955 1918 fuit.
1009 1885 1219 1918 Huiusmodi
1251 1897 1332 1918 vero
1362 1885 1637 1930 appellationum

233 1942 371 1963 causam
400 1942 505 1974 supra
527 1931 644 1963 retuli.
693 1930 816 1965 Germa
846 1932 940 1964 enim
975 1933 1087 1973 gentis
1111 1931 1229 1963 forsan
1260 1932 1410 1964 alicuius
1436 1937 1497 1963 aut
1519 1932 1636 1975 regio-

231 1977 287 2008 nis
313 1981 366 2009 est
393 1988 542 2016 nomen,
578 1988 648 2020 qua
671 1987 692 2008 a
727 1981 827 2020 patre
860 1977 1040 2009 vararane
1075 1976 1238 2016 subacta,
1271 1977 1364 2009 filius
1399 1977 1638 2010 verisimiliter

232 2033 306 2054 eam
329 2022 606 2066 appellationem
634 2027 687 2054 est
710 2026 939 2062 consecutus3
965 2020 1258 2066 quemadmodum
1287 2023 1395 2054 etiam
1425 2021 1509 2054 olim
1542 2021 1638 2066 apud

231 2067 404 2099 Romanos
428 2066 487 2100 hic
512 2067 656 2112 quidem
681 2066 886 2108 Africanus,
910 2067 972 2100 ille
995 2067 1244 2106 Germanicus,
1269 2068 1358 2099 alius
1386 2078 1468 2100 vero
1496 2078 1539 2100 ex
1566 2068 1637 2102 alla

231 2116 335 2154 gente
358 2112 497 2145 devicta
525 2118 577 2145 est
604 2112 728 2145 dietus.
785 2114 866 2146 Post
894 2112 958 2146 hos
989 2112 1183 2155 Isdigerdes
1214 2113 1356 2145 Saboris
1387 2113 1424 2144 F.
1461 2113 1638 2146 Persicum

230 2158 418 2200 imperium
449 2159 602 2201 accepit,
633 2159 731 2191 cuius
755 2159 920 2203 frequens
946 2163 982 2190 et
1003 2158 1150 2190 celebris
1175 2163 1230 2191 est
1250 2157 1344 2202 apud
1369 2159 1540 2191 Romanos
1560 2168 1637 2191 me-

230 2203 353 2236 moria.
400 2202 510 2236 Aiunt
535 2203 628 2236 enim
649 2202 840 2236 Arcadium
867 2214 982 2247 regem
1008 2204 1078 2236 iam
1107 2203 1360 2236 moribundum
1379 2228 1388 2243 ,
1421 2208 1457 2236 et
1479 2202 1636 2237 humano

229 2258 325 2280 more
349 2248 393 2281 de
417 2249 521 2281 rebus
547 2253 627 2292 post
650 2248 788 2282 obitum
814 2250 885 2282 suis
906 2248 1162 2292 disponentem,
1187 2248 1282 2282 hunc
1306 2248 1486 2282 custodem
1509 2255 1547 2282 et
1569 2259 1636 2282 cu—

230 2298 379 2327 ratorem
405 2294 470 2326 filii
497 2294 550 2326 sui
573 2293 768 2327 Theodosii
793 2295 987 2327 instituisse
1020 2295 1200 2340 totiusque
1221 2295 1367 2327 Romani
1394 2294 1534 2338 imperii
1560 2300 1634 2328 sta-

229 2343 295 2370 tus.
342 2339 409 2372 Hic
435 2339 531 2372 enim
559 2350 671 2371 sermo
697 2340 740 2373 ab
773 2340 919 2384 antiquo
949 2340 1059 2372 veluti
1087 2351 1150 2383 per
1187 2351 1309 2373 manus
1338 2340 1539 2384 posteritati
1563 2345 1636 2374 tra-

231 2385 338 2423 ditus,
361 2385 550 2428 plurimum
575 2385 682 2416 etiam
704 2385 811 2418 hodie
840 2385 933 2429 apud
959 2397 1022 2417 nos
1048 2386 1218 2426 invaluit,
1245 2391 1280 2418 et
1305 2385 1399 2430 apud
1419 2385 1540 2419 doctos
1569 2396 1632 2428 pa-

230 2431 316 2461 riter
340 2435 375 2462 et
404 2431 525 2474 vulgus
552 2429 734 2463 hominum
763 2431 1031 2472 circumfertur3
1058 2431 1186 2474 scripto
1219 2442 1302 2464 vero
1336 2431 1458 2476 aliquo
1481 2436 1541 2465 aut
1574 2429 1633 2462 hi-

230 2476 437 2507 storicorum
462 2475 562 2508 libris
589 2474 626 2507 id
650 2475 827 2520 proditum
848 2488 919 2509 non
941 2477 1097 2520 reperio,
1120 2487 1165 2508 ne
1191 2476 1227 2508 in
1257 2477 1300 2508 iis
1314 2475 1466 2520 quidem,
1497 2475 1559 2519 qui
1586 2475 1632 2509 do

230 2520 371 2554 Arcadii
406 2525 517 2553 mor-te
553 2521 788 2564 scripserunt,
831 2533 902 2555 uno
934 2526 1072 2555 tantum
1096 2521 1264 2564 Procopio
1299 2521 1439 2555 rhetore
1473 2525 1630 2564 excepto.

230 2565 354 2609 Neque
381 2576 463 2598 sane
494 2577 572 2599 meo
596 2565 728 2600 iudicio
755 2568 882 2601 mirum
912 2572 987 2606 cst,
1021 2566 1065 2599 ad
1098 2567 1266 2600 multiscii
1290 2567 1396 2600 huius
1423 2567 1514 2605 viri,
1549 2566 1631 2610 qul-

232 2621 300 2654 que
327 2613 542 2651 universam,
573 2617 611 2644 ut
629 2623 699 2644 uno
731 2613 836 2646 verbo
872 2613 1007 2652 dicam,
1045 2611 1227 2646 historiam
1258 2611 1442 2655 decerpsit,
1465 2611 1631 2644 notitiam

231 2654 322 2692 hanc
358 2658 463 2691 etiam
497 2658 735 2694 narrationem
766 2657 810 2694 ab
844 2659 915 2696 alio
952 2658 1036 2694 olim
1072 2659 1303 2703 conscriptam
1333 2657 1553 2705 pervenissc5
1586 2655 1631 2693 ad
