1832 3152
0 629 7 723 -‚.,..-
0 611 2 614 -
0 481 7 594 ·vv-w-
0 427 4 466 -‹-<
0 386 5 416 -η
0 302 9 372 «μ-ΑἾ.

608 66 1016 108 EPffiRAMMATA.

89 173 159 208 Sed
187 172 312 207 melius
341 178 499 211 taceam,
534 181 581 204 ue
605 169 762 204 Bacchus
791 167 976 208 inaudiat,
1011 177 1052 201 ac
1079 177 1123 200 ne

132 219 354 254 Concubitus
378 218 515 251 furlent
544 217 663 258 hunc,
701 217 877 257 Ariadna,
902 217 968 249 tui.

757 285 813 320 10.

88 344 180 378 'rota
198 342 287 378 mihi
312 344 351 375 in
376 343 510 387 gemitu
538 353 610 375 nox
637 342 802 378 vertitur.
849 341 913 374 Ast
936 339 1001 373 ubi
1023 336 1125 379 teuit

133 391 231 423 Dans
253 389 440 422 minimum
469 388 558 421 mihi
582 389 645 422 lux
670 388 783 432 prima
810 389 932 434 quiete
959 387 1053 427 frui,

86 436 227 470 Circum
251 446 387 481 perque
413 440 596 479 strepente
624 436 775 468 citamur
798 433 1006 470 hirundine,
1031 433 1178 466 Somnos

131 481 354 526 Abrumpens
369 507 378 520 ‚
410 481 566 514 lacrimas
591 483 745 526 integrat
773 481 838 514 illa
859 479 967 515 mihi.

87 527 188 574 Quid
212 527 302 562 mihi
327 527 510 562 vobiscum
535 527 619 561 est?
656 529 822 561 absistite
845 526 985 572 garrula
1007 524 1124 558 turba.

135 573 236 615 Nou,
268 573 483 614 Philomela,
505 574 594 607 mihi
621 575 744 620 lingua
770 579 908 607 resecta
934 578 999 606 tua
1022 576 1087 605 est.

90 620 192 655 Flete
208 621 325 665 Itylon
345 620 443 654 duris
462 622 499 654 in
521 620 705 654 montibus
718 646 728 662 ‚
752 626 860 665 atque
888 619 1011 652 sedete
1024 644 1035 660 ,

133 667 344 712 Scruposam
369 673 491 701 cautes
512 678 605 712 quae
630 666 734 702 dabit
759 667 830 700 alta
853 665 1020 705 domum,

88 713 250 748 Dormire
275 718 316 746 ut
338 713 455 750 liceat.
502 714 699 758 Surrepens
724 713 818 747 forte
836 711 1065 746 Rhodanthes

132 759 376 806 Amplexanda
399 759 490 794 mihi
513 759 680 801 brachia,
709 760 858 800 Somne,
890 758 1002 793 dabis.

759 830 822 865 11.

86 883 169 920 Non
192 895 270 918 sum
293 885 459 918 vinosus:
483 886 555 919 vin’
581 897 638 919 me
663 886 845 930 deponere
867 882 979 917 vino?

134 931 230 971 Hac,
255 931 286 964 si
311 936 351 964 tu
374 931 468 965 libes
494 932 646 978 pocula,
669 933 749 977 lege
773 931 906 965 bibam.

87 975 251 1010 Admoris
278 981 341 1010 tua
366 977 488 1019 labra,
511 978 673 1024 nequibo
698 978 840 1012 sobrius
866 988 963 1010 esse:

134 1023 210 1057 Nec
236 1023 287 1056 fas
306 1028 443 1057 temeto
470 1036 576 1068 posse
601 1035 720 1058 carere
749 1024 853 1057 mihi.

88 1068 179 1103 Nam
201 1071 404 1102 transmissa
427 1071 499 1102 tuis
524 1071 571 1103 ad
594 1081 651 1103 me
676 1071 747 1104 sert
769 1071 893 1103 suavia
922 1068 1034 1102 labris

134 1114 200 1149 nle
227 1116 340 1157 calix,
364 1127 511 1150 narrans
535 1116 631 1151 dona
654 1116 811 1162 superba
837 1127 911 1150 sua.

763 1184 824 1220 12.

89 1242 143 1275 Ne
169 1243 250 1288 quis
279 1246 464 1276 concretus
487 1241 557 1275 tibi
585 1241 714 1287 fungus
738 1246 912 1275 convocet
935 1240 1098 1274 imbres:v

135 1289 199 1322 Vir
220 1289 344 1322 venit:
368 1287 453 1321 huic
478 1288 596 1321 nullas
622 1292 749 1328 necte,
771 1288 935 1327 lucerna,
960 1297 1086 1320 moras.

89 1334 198 1368 Nulla
217 1335 312 1368 faves
339 1335 484 1368 Veneri.
532 1333 622 1367 Nam
649 1345 728 1367 cum
758 1333 969 1367 condixerat
986 1333 1086 1365 ‘Hero

135 1381 298 1415 Leandro
326 1400 371 1408 —
394 1380 440 1414 ah
454 1405 463 1420 ‚
490 1381 606 1414 anime
620 1406 630 1421 ,
655 1385 795 1414 caetera
818 1391 925 1424 parce
948 1378 1062 1425 loqui.

89 1427 250 1462 Vulcano
274 1429 395 1461 servis.
444 1426 559 1467 Hinc,
583 1438 630 1460 ne
655 1426 853 1461 adverseris
877 1426 988 1460 herili

135 1473 269 1515 Curae,
292 1479 333 1508 tu
357 1473 490 1511 Veneri
515 1484 655 1519 semper
679 1473 829 1520 iniqua,
855 1478 969 1518 puto,
993 1484 1039 1506 es.

763 1540 824 1580 13.

91 1600 158 1634 Dic
181 1599 350 1645 agedum,
377 1599 466 1646 quid
491 1598 672 1644 suspiras?
697 1599 797 1633 Amo.
824 1598 1018 1643 Quamne?
1044 1596 1211 1631 Puellam.

135 1645 343 1680 Pulchram?
366 1645 516 1679 Pulchra
539 1647 654 1680 oculis
680 1652 734 1680 est
758 1657 808 1679 ea.
823 1648 900 1679 visa
925 1646 1027 1679 meis.

89 1693 153 1727 Ast
175 1693 240 1726 ubi
269 1693 394 1727 vidisti
417 1691 535 1726 hanc?
557 1692 613 1728 Ad
637 1704 786 1726 coenam
809 1693 904 1726 forte
929 1697 1076 1725 vocatus

135 1738 230 1773 Vidi.
258 1751 480 1774 communem
498 1743 677 1784 presserat
706 1739 770 1775 illa
793 1744 923 1774 torum.

91 1785 178 1831 Spes
202 1791 256 1819 est
278 1797 384 1831 posse
408 1785 507 1819 frui?
531 1786 640 1830 Spes,
667 1797 689 1819 o
715 1785 823 1820 bone.
861 1785 1030 1831 Denique
1052 1788 1174 1829 aperte

135 1831 219 1866 Non
242 1844 342 1866 amo:
375 1832 524 1866 furtivas
549 1843 659 1865 venor
684 1833 873 1868 amicitias.

90 1876 142 1912 Le
166 1879 284 1912 itimos
310 1878 482 1912 thalamos
508 1878 603 1923 sugis
631 1878 738 1922 ergo?
772 1878 865 1912 Vera
886 1879 1035 1922 putasti.

136 1890 245 1970 guod
267 1936 342 1959 sors
365 1924 450 1958 huic
474 1925 602 1957 multas
626 1935 756 1969 nempe
780 1925 931 1971 reliquit
953 1922 1064 1968 opes?

90 1970 205 2004 Omne
228 1976 340 2008 tenes.
389 1971 501 2016 Igitur
523 1982 591 2004 nec
615 1981 710 2004 amas
734 1971 840 2005 bene.
883 1971 1033 2005 Fallere.
1059 1970 1254 2015 Nunquam

135 2018 242 2052 Recta
266 2022 396 2064 putans
421 2018 559 2051 animus
585 2018 817 2063 impatienter
841 2023 947 2052 amat.

771 2083 828 2123 14.

89 2155 197 2189 Forte
220 2155 306 2189 duas
332 2155 427 2189 inter
450 2155 545 2188 solus
570 2155 780 2200 mediusque
805 2155 979 2189 iacebam.

135 2201 238 2235 Illam
262 2201 447 2241 ardebam,
471 2200 565 2235 hanc
587 2213 662 2235 non
684 2202 829 2235 laedere
860 2207 976 2235 certus
1002 2213 1103 2234 eram.

92 2247 224 2293 Meque
248 2247 413 2283 trahebat
441 2259 578 2281 amans:
605 2259 670 2293 ego
697 2248 922 2282 furahundus
949 2254 986 2282 at
1010 2249 1071 2282 isti

136 2294 218 2328 Non
242 2295 328 2329 totis
352 2294 463 2328 labris
491 2295 610 2328 oscula
633 2306 738 2338 parca
770 2295 919 2328 dabam:

90 2340 247 2374 Alterius
272 2341 400 2374 fallens
425 2341 568 2374 ardores
594 2341 752 2382 seilicet,
777 2343 855 2374 eius

138 2387 290 2421 Discidii
314 2399 454 2421 caussas
475 2388 613 2420 aemula
638 2387 744 2420 verba
769 2388 910 2421 timens.

92 2434 271 2476 Ingemui,
297 2433 445 2479 dixique
471 2434 603 2474 simul,
628 2434 803 2468 Fortassis
826 2435 937 2469 amari

137 2479 304 2526 Undique
329 2481 546 2526 supplicium
570 2491 653 2526 par,
679 2484 715 2514 et
741 2492 858 2517 amare
882 2481 973 2516 mihi
998 2487 1062 2515 cst.

779 2559 835 2596 15.

92 2626 158 2658 nla
183 2628 280 2669 prius
303 2627 397 2661 fastu
425 2633 588 2673 turgens,
612 2629 745 2663 iactare
771 2629 919 2674 capillos

138 2672 244 2706 Sueta
270 2675 390 2718 prius,
414 2676 516 2720 pexis
542 2675 603 2709 illa
629 2674 782 2721 superba
799 2676 909 2708 comis

1409 40 1523 116 393,
