1832 3152
354 72 460 136 412

352 187 391 222 δὲ
422 189 526 222 initio
554 190 716 234 apodosis
741 193 799 236 Ag.
819 193 1005 227 usitatissi-

397 246 490 266 mum
518 247 574 275 11,
600 247 617 278 7
653 235 776 269 ὁπόσα
804 237 906 270 οὔπω
934 238 1011 272 ἑτέ-

397 291 446 324 ρῳ
469 291 514 323 τῳ
536 280 803 322 ἐκπεπόνηται,
844 283 955 316 ταῦτα
974 283 1013 318 δὲ

396 327 534 357 οἰκεῖον
565 325 771 370 ποιήσομαι
801 327 919 370 ἔργον.
961 341 1012 370 12,

396 381 416 403 2
449 367 539 405 τούς
567 366 784 412 Περσικοὺς
814 374 1011 418 πολέμους,

397 413 531 447 ὄπύσοι
545 413 917 462 δη-πεπολέμηνται,
928 419 1012 453 τού-

394 470 477 495 τους
496 459 732 505 δὲ-ἄριστα
751 461 797 496 ἄν
814 461 1011 508 διαγνοίης.

395 506 449 548 47,
481 517 529 548 17.
566 507 620 550 59,
652 509 697 541 ¹5·
731 510 787 548 65,
817 521 864 544 10.
897 512 962 554 75,
988 523 1010 555 9

397 557 433 582 ct
454 552 572 583 multis
592 552 669 584 aliis
693 553 789 586 locis.

351 593 389 627 δὲ
426 598 531 629 tertio
567 597 736 630 vocabulo
779 601 1011 644 postpositum

399 652 449 683 19,
476 642 497 684 4
523 641 590 673 οὐκ
614 641 687 675 ἄπο
712 643 855 687 τρόπον
879 644 920 678 δέ
942 656 1011 691 μοι

396 687 489 719 εἶναι
511 685 623 720 δοκεῖ.

350 731 385 747 *³*
399 731 558 777 διαῧέρω
572 733 593 763 i.
611 744 642 776 q.
659 731 910 778 διαθερμαίνω
931 746 1008 778 292,

401 779 436 811 13
476 779 542 810 τοῦ
575 775 703 814 ὕδατος
731 778 1010 824 διαθερομένου.

350 820 502 857 διαιτάω
523 825 614 862 τινὶ,
639 823 802 858 iudicare
821 823 863 857 de
886 826 1010 868 aliquo

395 879 482 910 212,
533 871 571 902 16
604 868 688 901 οὐδὲ
721 870 770 905 ὥς
801 870 1011 914 ὁμοφύλοις

392 914 468 959 μετ’
484 912 628 950 εὔνοιάς
654 913 857 956 διαιτητέον
875 916 1009 951 αὐτοῖς.

394 971 471 1003 299,
486 962 507 994 8
531 959 614 1004 ἐμοὶ
633 958 671 992 δὲ
697 959 843 1003 διαιτᾷν
860 959 1011 1005 ἑκατέρᾳ

393 1004 479 1049 δόξῃ
493 1022 537 1028 —-
552 1003 619 1036 οὐκ
642 1005 862 1049 ἐγχειρητέα.

350 1048 658 1095 διαπληκτίζομαι
700 1054 781 1091 128,
812 1063 822 1086 ι
871 1050 911 1084 ἐν
935 1055 1012 1088 τοῖς

393 1095 467 1128 τῶν
497 1096 647 1138 βιβλίων
678 1094 810 1139 ἥμενος
847 1096 1011 1137 πωλητη-

396 1143 491 1219 ρίοὲς
509 1139 771 1182 διεπληκτίζετο
797 1142 859 1174 καὶ
879 1141 1011 1186 ἐμεγα-

393 1188 412 1219 λ
507 1196 549 1219 ει.

350 1197 584 1276 διαξιῦρύςτιος,
603 1230 636 1270 ὅ,
649 1229 765 1271 ἤηῑοο.
797 1234 972 1276 pot-tam,
993 1232 1012 1265 5

393 1277 506 1322 τορόν
527 1289 562 1310 τι
581 1275 760 1322 ἐμβοήσας
775 1278 836 1308 καὶ
853 1275 1013 1318 διαπρύ-

396 1331 489 1356 σιον.
525 1325 612 1362 230,
647 1333 686 1366 19
710 1321 823 1364 τυρόν
847 1333 883 1354 τι
909 1321 1014 1367 μάλα

394 1368 525 1411 βοῶντι
541 1369 603 1400 καὶ
625 1365 861 1410 διαπρύσιον.

350 1413 368 1428 '
387 1412 556 1456 διατρίζω
593 1424 676 1456 292,
706 1414 745 1446 18
779 1411 870 1446 ὅσον
894 1410 1015 1445 διατε-

394 1460 559 1504 τριγέναι
577 1453 620 1491 τὰ
645 1457 746 1496 ξύλα,
947 1461 950 1464 “

352 1504 566 1549 διαφθονέω
595 1504 650 1548 49,
693 1515 731 1537 10
757 1495 799 1535 τὸ
827 1503 910 1537 λίαν
933 1502 1014 1536 δια-

395 1552 623 1596 φθονεῖσθαι
647 1547 895 1594 πεφεύγαμεν.

352 1595 531 1638 διαχαίνω
558 1597 629 1634 135,
652 1606 690 1628 21
721 1593 822 1639 ἀμφὶ
843 1593 956 1627 ταῦτα
970 1590 1016 1626 τοὶ

397 1643 533 1680 ξένα-
544 1642 616 1674 τῶν
631 1639 876 1685 ἀκουσμάτων
892 1638 1015 1672 διακε-

395 1686 556 1731 χηνότες.
587 1685 666 1728 284,
692 1688 734 1720 23
777 1677 875 1730 πρδς
902 1686 1016 1717 ταῦτα

398 1729 440 1773 δὴ
465 1729 510 1765 τὰ
543 1728 695 1776 περιττὰ
719 1750 765 1756 -
793 1731 1016 1775 ποικίλματα

398 1779 492 1822 πέρα
510 1778 576 1810 τοῦ
587 1778 738 1822 μετρίου
753 1775 1016 1819 διακεχηνότες,

355 1822 570 1867 δικηγόρος,
603 1822 642 1861 ὁ,
670 1834 688 1855 2
716 1822 755 1861 5,
783 1833 822 1854 ιο
856 1819 927 1854 ὕπὸ
951 1821 1014 1854 τοῦ

399 1869 567 1902 ἐναντίου
596 1867 658 1900 ἅτε
712 1865 885 1912 ικηγόρου
906 1878 1016 1900 κατα-

401 1912 696 1959 ρητορευόμενος.

356 1959 574 2004 διωλύγιος,
603 1959 635 2000 ὁ,
661 1958 704 2000 ἧ,
729 1957 783 2002 4ο,
807 1959 826 1992 5
863 1958 1018 2003 φθέγμα

399 2004 585 2050 θρηνῶδες
608 2006 670 2038 καὶ
694 2003 905 2047 διωλύγιον.

356 2051 470 2086 ‹rom›
495 2053 558 2095 76,
583 2052 602 2084 5
625 2048 670 2083 τὰ
692 2050 754 2090 τῆς
774 2050 932 2084 Ἰταλίας
949 2058 1019 2080 πο-

399 2098 557 2142 λίσματα
593 2097 757 2142 μετέωρα
786 2092 831 2137 ἦν
874 2092 1019 2128 ἅπαντα

401 2145 464 2175 καὶ
497 2140 729 2186 δεδονημένα.

356 2187 546 2234 *ἐγκαινὶς,
561 2186 652 2226 ίδος,
673 2186 704 2227 ἤ,
723 2186 863 2231 (Odyss.
873 2183 915 2226 V,
929 2183 1020 2229 254.)

401 2234 466 2268 325
481 2258 489 2271 ‚
510 2235 551 2266 23
573 2231 659 2271 ’ξύλα
677 2231 824 2272 ἰθυτενῆ
847 2229 1019 2263 καθάπου

401 2275 492 2322 ζυγὰ
527 2281 590 2310 καὶ
619 2276 834 2321 ἐγκαινίδας
859 2275 1021 2321 ὕπερθεν

402 2324 493 2358 κατὰ
510 2317 551 2357 τὸ
575 2322 776 2368 ἐγκάρσιον
798 2323 973 2358 ἐνθέντες.

356 2371 458 2404 ἕκατι
480 2370 679 2414 saepissime
703 2380 765 2412 pro
788 2367 895 2401 ἕνεκα
919 2368 961 2407 5,
986 2366 1016 2410 4.

403 2417 458 2460 47,
483 2427 513 2449 2.
555 2417 617 2454 55,
642 2415 670 2447 5.
705 2414 767 2454 65,
791 2425 844 2447 22.
878 2415 942 2458 73,
970 2423 1019 2445 11.

403 2460 527 2504 85,14.
557 2461 629 2504 104,
654 2462 684 2494 6.
715 2462 786 2498 118,
814 2460 862 2492 16.
889 2471 961 2498 121,
985 2462 1018 2493 8.

407 2507 480 2547 125,
507 2519 539 2551 9.
579 2509 652 2545 132,
688 2517 736 2538 11.
766 2506 839 2544 138,
867 2516 916 2538 12.
946 2507 1020 2542 153,

408 2555 456 2587 13.
483 2552 559 2596 247,
584 2563 636 2585 21.
663 2552 740 2590 252,
769 2562 817 2584 11.
843 2552 921 2591 261,
943 2552 974 2584 3.

359 2596 584 2639 ἔκδειματόω
613 2602 695 2639 287,
727 2596 764 2640 14
809 2592 895 2632 τοὺς
927 2595 1020 2628 πολ-

404 2637 491 2681 λούς
504 2641 767 2687 ἐξεόειμιὲτουν.
794 2651 797 2653 ’

973 95 1128 136 INDEX

1075 195 1206 236 ἐκεῖσε,
1219 195 1270 229 ad
1281 204 1435 232 mortuos
1455 199 1489 244 4,
1510 200 1529 234 5
1556 198 1739 244 ἄποβιοὸ-

1121 248 1160 274 σι
1173 239 1366 279 αὐτοῖςκαὶ
1384 245 1500 277 ἐκεῖσε
1514 246 1736 290 οἰχομένοις.

1120 289 1182 331 287
1199 312 1208 328 ,
1231 289 1250 322 5
1275 282 1341 330 τήν
1357 288 1604 331 ἀληθεστάτην
1623 291 1737 334 βάσα-

1119 332 1347 365 νον-ἐκεῖσε
1363 334 1529 372 ἐλθόντες
1549 335 1737 380 εἰσόμεθα.

1074 375 1191 408 ἐκεῖσε
1207 387 1268 420 pro
1286 378 1362 411 ἐκεῖ
1383 381 1441 422 137
1455 403 1466 419 ,
1492 392 1512 413 2
1536 379 1584 416 αἷς
1617 381 1738 414 ἐκεῖσε

1120 416 1297 454 τολοιπόν
1317 424 1550 469 βιωσόμενοι.
1576 426 1655 469 140,
1693 438 1735 459 22

1119 465 1234 498 ἐκεῖσε
1253 468 1444 503 αενοῦντα.
1467 469 1552 513 204,
1580 472 1600 504 5
1631 472 1680 506 ὥς
1699 472 1738 503 ἐ-

1121 515 1220 543 κεῖσε
1233 496 1492 558 διαχειμάσων.
1515 517 1579 549 208
1593 539 1604 555 ,
1618 528 1628 548 1
1651 515 1741 548 ταῦ-

1118 567 1161 589 τα
1174 558 1234 588 καὶ
1249 553 1334 594 τούς
1351 559 1391 591 ἐν
1405 559 1586 604 Βυζαντίῳ
1605 558 1740 596 dumbs·

1118 603 1239 634 καίτοι
1268 596 1372 648 θαμὰ
1391 603 1505 637 ἐκεῖσε
1530 604 1740 650 γιγνόμενα

1120 647 1368 689 καταπλήττει.
1393 661 1471 693 217,
1499 649 1528 699 4.

1073 689 1267 735 ἐκκρεμὴς,
1293 693 1324 733 ὁ,
1351 695 1384 735 ἧ,
1406 695 1461 739 34,
1485 706 1528 728 20
1581 691 1682 727 ἅπαν
1697 692 1738 727 τὸ

1117 743 1237 780 τεῖχος
1262 739 1433 784 ἐκκρεμές
1457 748 1493 772 τε
1522 734 1566 780 ἦν
1589 741 1651 772 καὶ
1675 748 1741 784 με·

1117 783 1262 828 τὲωρον.
1293 786 1365 828 134,
1384 786 1403 820 5
1433 783 1497 818 τοῦ
1507 783 1684 828 πώγωνος
1698 778 1740 818 τό

1117 828 1202 860 λίαν
1220 829 1402 875 ἐκκρεμές.
1426 841 1504 874 172,
1521 841 1551 873 9.
1574 841 1648 874 177,
1665 841 1718 863 20.

1072 871 1243 918 ἰμφορέω
1267 877 1304 907 τί
1326 886 1426 912 τινος
1470 875 1528 912 15,
1555 876 1594 908 18
1623 875 1731 906 πολέ-

1115 930 1198 964 μων
1213 928 1250 951 te
1263 922 1324 952 καὶ
1336 919 1504 966 ταραχῶν
1515 916 1661 954 ἅπαντα
1675 920 1741 966 ἐμ-

1119 966 1326 1008 φοροῦσιν.

1073 1007 1113 1042 ἐν
1129 1021 1192 1053 pro
1225 1009 1260 1046 ἐς
1305 1012 1390 1051 236,
1411 1022 1448 1045 21
1479 1013 1605 1056 χώραν
1629 1013 1741 1056 παρέ-

1118 1063 1212 1097 σχον
1226 1056 1352 1099 ἐκείνῳ
1366 1057 1406 1090 ἐν
1425 1060 1475 1102 τῷ
1485 1057 1639 1103 ἐρύματι
1653 1067 1740 1100 σχο-

1119 1100 1290 1180 λαίτεὲοιὲ
1320 1099 1637 1150 οἷποκομισθῆναι.
1661 1105 1739 1147 293,
1785 1104 1787 1107 “

1124 1157 1150 1178 1.
1171 1157 1214 1188 29
1241 1170 1248 1183 ,
1294 1169 1301 1177 .

1075 1188 1115 1225 ἐν
1142 1190 1358 1234 Pleonastice
1387 1191 1540 1234 positum
1594 1201 1654 1223 no
1670 1214 1680 1229 ,
1699 1202 1747 1222 20

1123 1235 1163 1268 ἐν
1181 1233 1236 1268 ἑνὶ
1250 1235 1352 1280 μόνῳ
1364 1235 1436 1268 τῶν
1447 1237 1567 1268 εἴκοσι
1579 1235 1741 1277 πλείονα.

1121 1282 1205 1320 263,
1235 1291 1273 1313 2-1
1304 1280 1344 1313 ἐν
1371 1279 1468 1313 ἔτεσι
1491 1281 1599 1314 πέντε
1623 1277 1664 1312 τὸ
1687 1280 1743 1312 ot-

1122 1330 1224 1358 κεῖον
1244 1324 1423 1370 η’ρίθμησε
1444 1325 1595 1371 κράτος,
1625 1325 1665 1358 ἐν
1686 1323 1745 1357 δι-

1122 1371 1300 1404 πλασίοσι
1331 1369 1369 1403 δὲ
1399 1370 1538 1405 τούτων
1569 1374 1649 1406 cett.
1665 1372 1741 1410 302,

1128 1418 1165 1451 13
1197 1415 1243 1460 γῆ
1282 1435 1322 1443 -—
1347 1414 1534 1463 κάρπιμος
1569 1416 1640 1450 κάν
1669 1419 1746 1451 τοῖς

1123 1462 1347 1505 ἀναγκαίοις
1365 1459 1613 1507 διαρκεστάτη.

1080 1506 1266 1546 ἐνδάπιος,
1294 1509 1354 1547 ία,
1375 1518 1458 1548 ιον,
1481 1509 1536 1552 96,
1563 1509 1583 1541 3
1618 1503 1746 1551 ὅμιλος

1123 1551 1308 1586 ἐνδαπίων
1318 1554 1380 1585 καὶ
1392 1552 1551 1598 ῖθαγενῶ
1556 1563 1577 1586 ν
1588 1549 1748 1594 ἀνδρῶν.

1080 1597 1239 1642 ἐνδημέω
1263 1597 1300 1634 h.
1322 1606 1353 1634 e.
1377 1598 1417 1633 ἐν
1435 1599 1482 1642 τῷ
1507 1596 1609 1643 δήμῳ
1636 1597 1747 1640 φέρε-

1127 1646 1219 1676 σθαι
1241 1645 1303 1687 287
1317 1667 1326 1682 ,
1345 1655 1383 1677 10
1414 1649 1594 1690 τερατεῖαι
1617 1640 1746 1682 ἐνεδηῑ-

1124 1698 1222 1734 μουν
1280 1686 1395 1725 εὐθὺς
1441 1691 1503 1722 καὶ
1536 1686 1747 1732 παράλογοι

1125 1733 1426 1778 προαγορεύσεις.

1081 1778 1259 1823 ἰνδίδωμι
1294 1790 1373 1812 cum
1429 1790 1484 1812 en.
1528 1778 1594 1823 95,
1626 1789 1665 1813 12
1724 1776 1746 1809 ὁ

1126 1822 1327 1867 πρεσβύτης
1356 1823 1451 1859 ἑκων
1482 1821 1648 1859 ἐνεδίδου
1679 1822 1747 1856 τοῦ

1125 1868 1187 1909 κλὴ
1216 1879 1269 1901 ου.

1082 1880 1268 1959 &vesugos
1287 1913 1476 1947 secundum
1498 1913 1642 1946 sormam
1661 1923 1744 1956 per-

1127 1959 1213 1992 sceti
1244 1961 1335 2003 epici
1370 1959 1580 2003 ἐπιειμένος
1609 1959 1674 1996 80,
1708 1958 1746 1990 13

1127 2004 1299 2049 θώρακας
1341 2003 1517 2048 ποδήρεις
1565 2002 1747 2047 ἐνειμένοι

1128 2052 1191 2082 καὶ
1222 2048 1336 2094 κράνη
1369 2047 1630 2093 καρτερώτατα.
1669 2049 1746 2086 206,

1129 2097 1151 2130 6
1191 2093 1360 2140 χλαμύδα
1396 2095 1601 2139 ἐνειμένος.·

1085 2139 1234 2183 ἐνριζόω
1261 2140 1345 2183 245,
1375 2140 1415 2183 14
1473 2138 1596 2184 ὥσπερ
1626 2137 1666 2172 ἐν
1697 2137 1745 2182 γῇ

1128 2185 1418 2231 ἐνεῤῥιζωμένοι.

1083 2232 1099 2249 *
1115 2231 1365 2277 ἔντροπόομαι
1397 2232 1485 2271 326,
1510 2241 1553 2273 ¹9.
1579 2227 1677 2261 πτύα
1699 2227 1747 2263 ὥς

1128 2277 1282 2310 πλεῖστα
1314 2281 1390 2312 τοῖς
1417 2275 1658 2320 ἐπικαλαμίσι
1685 2273 1747 2307 ἐν-

1130 2320 1422 2367 τροπωσιέμενοι.

1081 2367 1328 2413 ἱνωραῖζομαι
1357 2368 1415 2399 123
1431 2367 1474 2406 ,3
1507 2364 1556 2408 τιιὸ
1578 2364 1750 2407 βασιλείῳ

1127 2414 1235 2456 θώκῳ
1248 2412 1514 2457 ἐνωραῖζεσθαι
1529 2411 1592 2445 καὶ
1602 2408 1748 2448 ἱζάνειν.

1084 2456 1238 2492 ἐπειδᾶν
1268 2470 1293 2491 c.
1322 2463 1430 2501 optut.
1457 2457 1511 2499 75,
1535 2468 1558 2500 9
1597 2450 1749 2488 ἐπειδᾶν

1128 2506 1236 2538 τοῦτο
1248 2502 1366 2536 ἐσίδοι
1387 2501 1409 2534 0‘
1426 2500 1611 2545 ψράγγος.
1641 2503 1704 2538 80,
1724 2502 1746 2532 8

1098 2560 1103 2565 ·
1130 2548 1283 2584 ἐπειδὰν
1315 2547 1540 2591 scammoneae
1577 2544 1614 2579 ot
1640 2545 1749 2578 πολέ-

1129 2605 1226 2642 μιοι.
1258 2594 1333 2638 114,
1359 2605 1407 2628 ιι.
1434 2593 1519 2636 148,
1547 2603 1571 2627 ι.
1603 2592 1676 2635 193,
1695 2601 1747 2624 22-

1131 2641 1208 2685 2441
1230 2653 1264 2685 9·
