<?xml version="1.0" encoding="UTF-8"?>
<!DOCTYPE html PUBLIC "-//W3C//DTD XHTML 1.0 Transitional//EN"
    "http://www.w3.org/TR/xhtml1/DTD/xhtml1-transitional.dtd">
<html xmlns="http://www.w3.org/1999/xhtml" xml:lang="en" lang="en">
 <head>
  <title>
</title>
<meta http-equiv="Content-Type" content="text/html;charset=utf-8" />
  <meta name='ocr-system' content='tesseract 3.04.00' />
  <meta name='ocr-capabilities' content='ocr_page ocr_carea ocr_par ocr_line ocrx_word'/>
</head>
<body>
  <div class='ocr_page' id='page_1' title='image "./corpusscriptorum01niebuoft_0100.png"; bbox 0 0 1794 3112; ppageno 0'>
   <div class='ocr_carea' id='block_1_1' title="bbox 216 145 1056 210">
    <p class='ocr_par' dir='ltr' id='par_1_1' title="bbox 216 145 1056 210">
     <span class='ocr_line' id='line_1_1' title="bbox 216 145 1056 210; baseline 0.006 -10"><span class='ocrx_word' id='word_1_1' title='bbox 216 145 287 200; x_wconf 85' lang='lat'>56</span> <span class='ocrx_word' id='word_1_2' title='bbox 783 163 1056 210; x_wconf 73' lang='lat' dir='ltr'>AeATmAE</span> 
     </span>
    </p>
   </div>
   <div class='ocr_carea' id='block_1_2' title="bbox 29 257 1681 1750">
    <p class='ocr_par' dir='ltr' id='par_1_2' title="bbox 29 257 1681 1750">
     <span class='ocr_line' id='line_1_2' title="bbox 29 257 1638 320; baseline 0.001 -15"><span class='ocrx_word' id='word_1_3' title='bbox 29 272 117 310; x_wconf 51' lang='grc' dir='ltr'>ΑΟ.</span> <span class='ocrx_word' id='word_1_4' title='bbox 139 271 202 307; x_wconf 78' lang='lat'>552</span> <span class='ocrx_word' id='word_1_5' title='bbox 214 263 293 320; x_wconf 81' lang='grc' dir='ltr'>φὸς</span> <span class='ocrx_word' id='word_1_6' title='bbox 323 265 367 305; x_wconf 75' lang='grc' dir='ltr'>δὲ</span> <span class='ocrx_word' id='word_1_7' title='bbox 393 264 488 306; x_wconf 75' lang='grc' dir='ltr'>Τεΐα</span> <span class='ocrx_word' id='word_1_8' title='bbox 509 263 788 316; x_wconf 77' lang='grc' dir='ltr'>γεγενημένος,</span> <span class='ocrx_word' id='word_1_9' title='bbox 822 257 874 302; x_wconf 78' lang='grc' dir='ltr'>οὗ</span> <span class='ocrx_word' id='word_1_10' title='bbox 901 263 950 316; x_wconf 74' lang='grc' dir='ltr'>δη</span> <span class='ocrx_word' id='word_1_11' title='bbox 991 261 1062 303; x_wconf 81' lang='grc' dir='ltr'><em>καί</em></span> <span class='ocrx_word' id='word_1_12' title='bbox 1081 262 1278 318; x_wconf 82' lang='grc' dir='ltr'>πρότερον</span> <span class='ocrx_word' id='word_1_13' title='bbox 1299 263 1554 319; x_wconf 74' lang='grc' dir='ltr'>ἐπεμνήσθην</span> <span class='ocrx_word' id='word_1_14' title='bbox 1573 264 1638 306; x_wconf 68' lang='grc' dir='ltr'>ἐν’</span> 
     </span>
     <span class='ocr_line' id='line_1_3' title="bbox 80 319 1619 383; baseline 0.001 -15"><span class='ocrx_word' id='word_1_15' title='bbox 80 319 262 383; x_wconf 65' lang='grc' dir='ltr'>Ι·Ῑ·26τῇ</span> <span class='ocrx_word' id='word_1_16' title='bbox 280 329 352 380; x_wconf 76' lang='grc' dir='ltr'>τῆς</span> <span class='ocrx_word' id='word_1_17' title='bbox 383 326 533 380; x_wconf 80' lang='grc' dir='ltr'><strong><em>Κύμης</em></strong></span> <span class='ocrx_word' id='word_1_18' title='bbox 571 326 796 382; x_wconf 69' lang='grc' dir='ltr'>πολιορκίᾳ·</span> <span class='ocrx_word' id='word_1_19' title='bbox 835 321 955 374; x_wconf 75' lang='grc' dir='ltr'>οὗτος</span> <span class='ocrx_word' id='word_1_20' title='bbox 986 325 1036 380; x_wconf 74' lang='grc' dir='ltr'>δὴ</span> <span class='ocrx_word' id='word_1_21' title='bbox 1073 326 1094 366; x_wconf 81' lang='grc' dir='ltr'>ὁ</span> <span class='ocrx_word' id='word_1_22' title='bbox 1123 323 1375 382; x_wconf 72' lang='grc' dir='ltr'>Ἀλιγερνος,</span> <span class='ocrx_word' id='word_1_23' title='bbox 1417 327 1555 382; x_wconf 77' lang='grc' dir='ltr'>ἐπειδὴ</span> <span class='ocrx_word' id='word_1_24' title='bbox 1581 329 1619 370; x_wconf 78' lang='grc' dir='ltr'>οἳ</span> 
     </span>
     <span class='ocr_line' id='line_1_4' title="bbox 214 382 1621 446; baseline 0.001 -14"><span class='ocrx_word' id='word_1_25' title='bbox 214 389 398 444; x_wconf 78' lang='grc' dir='ltr'>Φράγγοι</span> <span class='ocrx_word' id='word_1_26' title='bbox 417 391 459 437; x_wconf 79' lang='grc' dir='ltr'>ἐς</span> <span class='ocrx_word' id='word_1_27' title='bbox 485 389 560 443; x_wconf 78' lang='grc' dir='ltr'>τὴν</span> <span class='ocrx_word' id='word_1_28' title='bbox 587 385 767 430; x_wconf 76' lang='grc' dir='ltr'>Ἰταλίαν</span> <span class='ocrx_word' id='word_1_29' title='bbox 793 390 1004 443; x_wconf 77' lang='grc' dir='ltr'>παρῆσαν,</span> <span class='ocrx_word' id='word_1_30' title='bbox 1031 389 1102 430; x_wconf 76' lang='grc' dir='ltr'><em>καί</em></span> <span class='ocrx_word' id='word_1_31' title='bbox 1122 391 1163 438; x_wconf 77' lang='grc' dir='ltr'>ἐς</span> <span class='ocrx_word' id='word_1_32' title='bbox 1186 382 1435 446; x_wconf 72' lang='grc' dir='ltr'>αὗτοὺςῆὃη</span> <span class='ocrx_word' id='word_1_33' title='bbox 1458 391 1511 433; x_wconf 79' lang='grc' dir='ltr'>τὰ</span> <span class='ocrx_word' id='word_1_34' title='bbox 1537 393 1621 434; x_wconf 74' lang='grc' dir='ltr'>τῶν</span> 
     </span>
     <span class='ocr_line' id='line_1_5' title="bbox 210 450 1622 508; baseline 0.001 -14"><span class='ocrx_word' id='word_1_35' title='bbox 210 455 250 495; x_wconf 87' lang='grc' dir='ltr'><strong>Γ</strong></span> <span class='ocrx_word' id='word_1_36' title='bbox 250 452 382 493; x_wconf 85' lang='grc' dir='ltr'>ότθων</span> <span class='ocrx_word' id='word_1_37' title='bbox 408 450 630 508; x_wconf 82' lang='grc' dir='ltr'>πράγματα</span> <span class='ocrx_word' id='word_1_38' title='bbox 654 450 902 506; x_wconf 79' lang='grc' dir='ltr'><em>μετεχώρει,</em></span> <span class='ocrx_word' id='word_1_39' title='bbox 939 450 1064 504; x_wconf 82' lang='grc' dir='ltr'>μόνος</span> <span class='ocrx_word' id='word_1_40' title='bbox 1096 469 1140 506; x_wconf 87' lang='grc' dir='ltr'>γε</span> <span class='ocrx_word' id='word_1_41' title='bbox 1165 454 1341 508; x_wconf 85' lang='grc' dir='ltr'>πέφηνεν</span> <span class='ocrx_word' id='word_1_42' title='bbox 1363 453 1456 495; x_wconf 87' lang='grc' dir='ltr'>τότε</span> <span class='ocrx_word' id='word_1_43' title='bbox 1488 454 1622 504; x_wconf 75' lang='grc' dir='ltr'>συνεὶς</span> 
     </span>
     <span class='ocr_line' id='line_1_6' title="bbox 210 513 1645 576; baseline 0.003 -20"><span class='ocrx_word' id='word_1_44' title='bbox 210 515 257 557; x_wconf 85' lang='grc' dir='ltr'>τὸ</span> <span class='ocrx_word' id='word_1_45' title='bbox 284 519 488 568; x_wconf 79' lang='grc' dir='ltr'>ξυνοῖσον,</span> <span class='ocrx_word' id='word_1_46' title='bbox 531 516 603 558; x_wconf 83' lang='grc' dir='ltr'>καί</span> <span class='ocrx_word' id='word_1_47' title='bbox 627 513 926 569; x_wconf 84' lang='grc' dir='ltr'>στοχαζόμενος</span> <span class='ocrx_word' id='word_1_48' title='bbox 949 516 1031 556; x_wconf 77' lang='grc' dir='ltr'>τῶν</span> <span class='ocrx_word' id='word_1_49' title='bbox 1062 514 1302 568; x_wconf 80' lang='grc' dir='ltr'>μελλόντων.</span> <span class='ocrx_word' id='word_1_50' title='bbox 1338 519 1645 576; x_wconf 73' lang='grc' dir='ltr'>βουλευομένῳό</span> 
     </span>
     <span class='ocr_line' id='line_1_7' title="bbox 215 577 1624 638; baseline 0.003 -18"><span class='ocrx_word' id='word_1_51' title='bbox 215 580 295 635; x_wconf 82' lang='grc' dir='ltr'>γὰρ</span> <span class='ocrx_word' id='word_1_52' title='bbox 327 577 440 637; x_wconf 71' lang='grc' dir='ltr'>αὐτῷ</span> <span class='ocrx_word' id='word_1_53' title='bbox 460 582 557 634; x_wconf 71' lang='grc' dir='ltr'>περὶ</span> <span class='ocrx_word' id='word_1_54' title='bbox 579 581 661 621; x_wconf 80' lang='grc' dir='ltr'>τῶν</span> <span class='ocrx_word' id='word_1_55' title='bbox 692 577 932 635; x_wconf 76' lang='grc' dir='ltr'>παρόντων,</span> <span class='ocrx_word' id='word_1_56' title='bbox 973 581 1203 634; x_wconf 73' lang='grc' dir='ltr'>προσῆλθεν</span> <span class='ocrx_word' id='word_1_57' title='bbox 1233 582 1382 622; x_wconf 76' lang='grc' dir='ltr'>ἐννοεῖν</span> <span class='ocrx_word' id='word_1_58' title='bbox 1409 579 1465 631; x_wconf 74' lang='grc' dir='ltr'>ὥς</span> <span class='ocrx_word' id='word_1_59' title='bbox 1485 577 1554 638; x_wconf 69' lang='grc' dir='ltr'>ἄρ’</span> <span class='ocrx_word' id='word_1_60' title='bbox 1585 582 1624 624; x_wconf 80' lang='grc' dir='ltr'>οἱ</span> 
     </span>
     <span class='ocr_line' id='line_1_8' title="bbox 120 641 1625 700; baseline 0.001 -15"><span class='ocrx_word' id='word_1_61' title='bbox 120 642 403 699; x_wconf 63' lang='grc' dir='ltr'>Ὓ-27Φράγγοι</span> <span class='ocrx_word' id='word_1_62' title='bbox 434 647 585 697; x_wconf 77' lang='grc' dir='ltr'>σκῆψιν</span> <span class='ocrx_word' id='word_1_63' title='bbox 615 646 691 696; x_wconf 81' lang='grc' dir='ltr'>μὲν</span> <span class='ocrx_word' id='word_1_64' title='bbox 715 659 808 684; x_wconf 84' lang='grc' dir='ltr'>τινα</span> <span class='ocrx_word' id='word_1_65' title='bbox 841 642 913 684; x_wconf 77' lang='grc' dir='ltr'>καὶ</span> <span class='ocrx_word' id='word_1_66' title='bbox 941 642 1215 699; x_wconf 80' lang='grc' dir='ltr'>προκάλυμμα</span> <span class='ocrx_word' id='word_1_67' title='bbox 1249 641 1448 700; x_wconf 79' lang='grc' dir='ltr'>εὖπρεπὲς</span> <span class='ocrx_word' id='word_1_68' title='bbox 1471 643 1519 686; x_wconf 82' lang='grc' dir='ltr'>τὸ</span> <span class='ocrx_word' id='word_1_69' title='bbox 1551 646 1625 700; x_wconf 78' lang='grc' dir='ltr'>τῆς</span> 
     </span>
     <span class='ocr_line' id='line_1_9' title="bbox 169 702 1625 766; baseline 0.002 -19"><span class='ocrx_word' id='word_1_70' title='bbox 169 707 455 760; x_wconf 78' lang='grc' dir='ltr'>Βξυμμαχιάς</span> <span class='ocrx_word' id='word_1_71' title='bbox 490 702 620 760; x_wconf 70' lang='grc' dir='ltr'>ὄνομα</span> <span class='ocrx_word' id='word_1_72' title='bbox 656 709 896 760; x_wconf 78' lang='grc' dir='ltr'>ποιοῦνται,</span> <span class='ocrx_word' id='word_1_73' title='bbox 942 707 1001 755; x_wconf 74' lang='grc' dir='ltr'>ὥς</span> <span class='ocrx_word' id='word_1_74' title='bbox 1038 706 1087 762; x_wconf 78' lang='grc' dir='ltr'>δὴ</span> <span class='ocrx_word' id='word_1_75' title='bbox 1115 706 1357 762; x_wconf 79' lang='grc' dir='ltr'>μετάκλητοι</span> <span class='ocrx_word' id='word_1_76' title='bbox 1393 705 1625 766; x_wconf 78' lang='grc' dir='ltr'>ἀφιγμένοι,</span> 
     </span>
     <span class='ocr_line' id='line_1_10' title="bbox 209 768 1626 828; baseline 0.001 -16"><span class='ocrx_word' id='word_1_77' title='bbox 209 770 256 812; x_wconf 87' lang='grc' dir='ltr'>τὸ</span> <span class='ocrx_word' id='word_1_78' title='bbox 277 772 323 812; x_wconf 77' lang='grc' dir='ltr'>δὲ</span> <span class='ocrx_word' id='word_1_79' title='bbox 352 771 597 823; x_wconf 84' lang='grc' dir='ltr'>βουλόμενον</span> <span class='ocrx_word' id='word_1_80' title='bbox 627 768 775 813; x_wconf 73' lang='grc' dir='ltr'>αὐταῖν</span> <span class='ocrx_word' id='word_1_81' title='bbox 812 773 885 825; x_wconf 84' lang='grc' dir='ltr'>τῆς</span> <span class='ocrx_word' id='word_1_82' title='bbox 909 769 1070 825; x_wconf 78' lang='grc' dir='ltr'>γνώμης</span> <span class='ocrx_word' id='word_1_83' title='bbox 1103 771 1242 827; x_wconf 75' lang='grc' dir='ltr'>ἕτερόν</span> <span class='ocrx_word' id='word_1_84' title='bbox 1263 788 1304 812; x_wconf 86' lang='grc' dir='ltr'>τι</span> <span class='ocrx_word' id='word_1_85' title='bbox 1331 778 1535 828; x_wconf 81' lang='grc' dir='ltr'>φανεῖται·</span> <span class='ocrx_word' id='word_1_86' title='bbox 1574 773 1626 814; x_wconf 73' lang='grc' dir='ltr'>οὔ</span> 
     </span>
     <span class='ocr_line' id='line_1_11' title="bbox 212 833 1679 892; baseline 0.003 -17"><span class='ocrx_word' id='word_1_87' title='bbox 212 833 292 889; x_wconf 79' lang='grc' dir='ltr'>γὰρ</span> <span class='ocrx_word' id='word_1_88' title='bbox 317 834 596 888; x_wconf 76' lang='grc' dir='ltr'>ἐθελήσουσιν,</span> <span class='ocrx_word' id='word_1_89' title='bbox 623 838 662 878; x_wconf 85' lang='grc' dir='ltr'>εἰ</span> <span class='ocrx_word' id='word_1_90' title='bbox 686 835 856 876; x_wconf 75' lang='grc' dir='ltr'>καὶτῶν</span> <span class='ocrx_word' id='word_1_91' title='bbox 888 834 1106 888; x_wconf 74' lang='grc' dir='ltr'>“Ρωμαι’ων</span> <span class='ocrx_word' id='word_1_92' title='bbox 1129 836 1402 891; x_wconf 80' lang='grc' dir='ltr'>περιέσοιντο,</span> <span class='ocrx_word' id='word_1_93' title='bbox 1428 844 1679 892; x_wconf 74' lang='grc' dir='ltr'>παραχω..ῐ’0</span> 
     </span>
     <span class='ocr_line' id='line_1_12' title="bbox 211 896 1627 956; baseline 0.001 -17"><span class='ocrx_word' id='word_1_94' title='bbox 211 901 336 954; x_wconf 81' lang='grc' dir='ltr'>ρῆσαι</span> <span class='ocrx_word' id='word_1_95' title='bbox 368 904 453 948; x_wconf 82' lang='grc' dir='ltr'>τοῖς</span> <span class='ocrx_word' id='word_1_96' title='bbox 476 897 517 939; x_wconf 88' lang='grc' dir='ltr'><strong><em>Γ</em></strong></span> <span class='ocrx_word' id='word_1_97' title='bbox 515 898 652 947; x_wconf 79' lang='grc' dir='ltr'>ότθοις</span> <span class='ocrx_word' id='word_1_98' title='bbox 682 901 756 954; x_wconf 80' lang='grc' dir='ltr'>τῆς</span> <span class='ocrx_word' id='word_1_99' title='bbox 785 896 985 953; x_wconf 72' lang='grc' dir='ltr'>Ἰταλίας,</span> <span class='ocrx_word' id='word_1_100' title='bbox 1027 896 1118 940; x_wconf 71' lang='grc' dir='ltr'>ἀλλ’</span> <span class='ocrx_word' id='word_1_101' title='bbox 1137 898 1240 956; x_wconf 79' lang='grc' dir='ltr'>ἔργῳ</span> <span class='ocrx_word' id='word_1_102' title='bbox 1271 901 1497 956; x_wconf 83' lang='grc' dir='ltr'>προτέρους</span> <span class='ocrx_word' id='word_1_103' title='bbox 1523 899 1627 941; x_wconf 55' lang='grc' dir='ltr'>ἐκεῖ.</span> 
     </span>
     <span class='ocr_line' id='line_1_13' title="bbox 209 959 1626 1020; baseline 0.001 -17"><span class='ocrx_word' id='word_1_104' title='bbox 209 977 306 1010; x_wconf 86' lang='grc' dir='ltr'>νους</span> <span class='ocrx_word' id='word_1_105' title='bbox 335 961 741 1016; x_wconf 78' lang='grc' dir='ltr'>καταδουλώσονται,</span> <span class='ocrx_word' id='word_1_106' title='bbox 793 959 853 1011; x_wconf 83' lang='grc' dir='ltr'>οἷς</span> <span class='ocrx_word' id='word_1_107' title='bbox 891 966 947 1020; x_wconf 74' lang='grc' dir='ltr'>τῷ</span> <span class='ocrx_word' id='word_1_108' title='bbox 980 961 1084 1020; x_wconf 78' lang='grc' dir='ltr'>λόγῳ</span> <span class='ocrx_word' id='word_1_109' title='bbox 1119 960 1286 1016; x_wconf 74' lang='grc' dir='ltr'>ἥκουσιν</span> <span class='ocrx_word' id='word_1_110' title='bbox 1315 965 1626 1018; x_wconf 80' lang='grc' dir='ltr'>ἐπαμυνοῦιτες,</span> 
     </span>
     <span class='ocr_line' id='line_1_14' title="bbox 211 1020 1627 1083; baseline 0.002 -18"><span class='ocrx_word' id='word_1_111' title='bbox 211 1020 416 1080; x_wconf 66' lang='grc' dir='ltr'>ἄρχοντάς</span> <span class='ocrx_word' id='word_1_112' title='bbox 438 1041 482 1066; x_wconf 87' lang='grc' dir='ltr'>τε</span> <span class='ocrx_word' id='word_1_113' title='bbox 505 1023 648 1074; x_wconf 72' lang='grc' dir='ltr'>αὐτοῖς</span> <span class='ocrx_word' id='word_1_114' title='bbox 669 1026 936 1081; x_wconf 82' lang='grc' dir='ltr'>ἐπιστήσουσι</span> <span class='ocrx_word' id='word_1_115' title='bbox 964 1025 1203 1082; x_wconf 80' lang='grc' dir='ltr'>Φράγγους,</span> <span class='ocrx_word' id='word_1_116' title='bbox 1230 1026 1302 1068; x_wconf 74' lang='grc' dir='ltr'>καὶ</span> <span class='ocrx_word' id='word_1_117' title='bbox 1321 1025 1627 1083; x_wconf 79' lang='grc' dir='ltr'>ἆφαιρήσονται</span> 
     </span>
     <span class='ocr_line' id='line_1_15' title="bbox 211 1087 1624 1147; baseline 0.001 -17"><span class='ocrx_word' id='word_1_118' title='bbox 211 1089 297 1130; x_wconf 74' lang='grc' dir='ltr'>τῶν</span> <span class='ocrx_word' id='word_1_119' title='bbox 325 1089 511 1145; x_wconf 74' lang='grc' dir='ltr'>πατρίων</span> <span class='ocrx_word' id='word_1_120' title='bbox 531 1090 714 1143; x_wconf 62' lang='grc' dir='ltr'>νομιζιιων</span> <span class='ocrx_word' id='word_1_121' title='bbox 741 1088 904 1139; x_wconf 72' lang='grc' dir='ltr'>αὐτούς.</span> <span class='ocrx_word' id='word_1_122' title='bbox 954 1092 1087 1132; x_wconf 79' lang='grc' dir='ltr'>ταῦτα</span> <span class='ocrx_word' id='word_1_123' title='bbox 1111 1089 1160 1144; x_wconf 73' lang='grc' dir='ltr'>δη</span> <span class='ocrx_word' id='word_1_124' title='bbox 1186 1087 1262 1132; x_wconf 69' lang='grc' dir='ltr'>οὖν</span> <span class='ocrx_word' id='word_1_125' title='bbox 1287 1092 1331 1132; x_wconf 77' lang='grc' dir='ltr'>ἕν</span> <span class='ocrx_word' id='word_1_126' title='bbox 1350 1089 1485 1147; x_wconf 68' lang='grc' dir='ltr'>ἐαυτῷ</span> <span class='ocrx_word' id='word_1_127' title='bbox 1505 1090 1624 1144; x_wconf 76' lang='grc' dir='ltr'>θαμὰ</span> 
     </span>
     <span class='ocr_line' id='line_1_16' title="bbox 209 1150 1678 1213; baseline 0.001 -19"><span class='ocrx_word' id='word_1_128' title='bbox 209 1150 469 1206; x_wconf 79' lang='grc' dir='ltr'>λογιζόμενος</span> <span class='ocrx_word' id='word_1_129' title='bbox 491 1153 562 1195; x_wconf 80' lang='grc' dir='ltr'>καὶ</span> <span class='ocrx_word' id='word_1_130' title='bbox 583 1151 825 1208; x_wconf 74' lang='grc' dir='ltr'>ἀνελίττων,</span> <span class='ocrx_word' id='word_1_131' title='bbox 866 1152 953 1207; x_wconf 74' lang='grc' dir='ltr'>ἅμα</span> <span class='ocrx_word' id='word_1_132' title='bbox 977 1157 1023 1196; x_wconf 77' lang='grc' dir='ltr'>δὲ</span> <span class='ocrx_word' id='word_1_133' title='bbox 1044 1157 1115 1196; x_wconf 81' lang='grc' dir='ltr'><em>καί</em></span> <span class='ocrx_word' id='word_1_134' title='bbox 1133 1156 1185 1210; x_wconf 79' lang='grc' dir='ltr'>τῇ</span> <span class='ocrx_word' id='word_1_135' title='bbox 1204 1155 1415 1213; x_wconf 69' lang='grc' dir='ltr'>πολιορκίᾳ</span> <span class='ocrx_word' id='word_1_136' title='bbox 1438 1153 1645 1208; x_wconf 77' lang='grc' dir='ltr'>πιεζόμε-ι</span> <span class='ocrx_word' id='word_1_137' title='bbox 1653 1163 1678 1203; x_wconf 89' lang='grc'><em>5</em></span> 
     </span>
     <span class='ocr_line' id='line_1_17' title="bbox 209 1211 1628 1276; baseline 0.001 -18"><span class='ocrx_word' id='word_1_138' title='bbox 209 1232 292 1268; x_wconf 84' lang='grc' dir='ltr'>νος,</span> <span class='ocrx_word' id='word_1_139' title='bbox 327 1211 496 1269; x_wconf 68' lang='grc' dir='ltr'>ἄμεινόν</span> <span class='ocrx_word' id='word_1_140' title='bbox 518 1218 557 1259; x_wconf 85' lang='grc' dir='ltr'>οἱ</span> <span class='ocrx_word' id='word_1_141' title='bbox 580 1216 811 1274; x_wconf 75' lang='grc' dir='ltr'>κατεφάνη,</span> <span class='ocrx_word' id='word_1_142' title='bbox 840 1218 914 1272; x_wconf 84' lang='grc' dir='ltr'>τήν</span> <span class='ocrx_word' id='word_1_143' title='bbox 941 1234 985 1259; x_wconf 86' lang='grc' dir='ltr'>τε</span> <span class='ocrx_word' id='word_1_144' title='bbox 1019 1217 1138 1260; x_wconf 88' lang='grc' dir='ltr'>πόλιν</span> <span class='ocrx_word' id='word_1_145' title='bbox 1173 1218 1244 1259; x_wconf 85' lang='grc' dir='ltr'>καί</span> <span class='ocrx_word' id='word_1_146' title='bbox 1272 1217 1324 1260; x_wconf 79' lang='grc' dir='ltr'>τὰ</span> <span class='ocrx_word' id='word_1_147' title='bbox 1349 1218 1546 1274; x_wconf 81' lang='grc' dir='ltr'>χρήματα</span> <span class='ocrx_word' id='word_1_148' title='bbox 1570 1214 1628 1276; x_wconf 56' lang='lat' dir='ltr'>nii</span> 
     </span>
     <span class='ocr_line' id='line_1_18' title="bbox 212 1280 1629 1336; baseline -0.001 -13"><span class='ocrx_word' id='word_1_149' title='bbox 212 1282 364 1335; x_wconf 84' lang='grc' dir='ltr'>Ναρσῇ</span> <span class='ocrx_word' id='word_1_150' title='bbox 388 1282 667 1336; x_wconf 73' lang='grc' dir='ltr'>παραδοῦναι,</span> <span class='ocrx_word' id='word_1_151' title='bbox 704 1281 775 1322; x_wconf 84' lang='grc' dir='ltr'><em>καί</em></span> <span class='ocrx_word' id='word_1_152' title='bbox 807 1280 998 1323; x_wconf 78' lang='grc' dir='ltr'>τολοιπόν</span> <span class='ocrx_word' id='word_1_153' title='bbox 1032 1282 1268 1336; x_wconf 68' lang='grc' dir='ltr'>“Ρωμαϊκῆς</span> <span class='ocrx_word' id='word_1_154' title='bbox 1287 1287 1534 1334; x_wconf 85' lang='grc' dir='ltr'>μεταλαχεΐν</span> <span class='ocrx_word' id='word_1_155' title='bbox 1554 1297 1629 1323; x_wconf 88' lang='grc' dir='ltr'>πο..</span> 
     </span>
     <span class='ocr_line' id='line_1_19' title="bbox 211 1342 1630 1400; baseline -0.001 -14"><span class='ocrx_word' id='word_1_156' title='bbox 211 1343 391 1396; x_wconf 78' lang='grc' dir='ltr'>λιτείας,</span> <span class='ocrx_word' id='word_1_157' title='bbox 430 1343 628 1386; x_wconf 78' lang='grc' dir='ltr'>κινδύνων</span> <span class='ocrx_word' id='word_1_158' title='bbox 653 1360 698 1386; x_wconf 87' lang='grc' dir='ltr'>τε</span> <span class='ocrx_word' id='word_1_159' title='bbox 723 1342 998 1398; x_wconf 69' lang='grc' dir='ltr'>ἀπογενέσθαι</span> <span class='ocrx_word' id='word_1_160' title='bbox 1024 1344 1095 1386; x_wconf 80' lang='grc' dir='ltr'><em>καί</em></span> <span class='ocrx_word' id='word_1_161' title='bbox 1120 1346 1384 1400; x_wconf 81' lang='grc' dir='ltr'>βαρβαρικῶν</span> <span class='ocrx_word' id='word_1_162' title='bbox 1411 1343 1630 1400; x_wconf 74' lang='grc' dir='ltr'>διαιτημά-</span> 
     </span>
     <span class='ocr_line' id='line_1_20' title="bbox 211 1403 1636 1464; baseline 0.002 -16"><span class='ocrx_word' id='word_1_163' title='bbox 211 1424 308 1449; x_wconf 83' lang='grc' dir='ltr'>των.</span> <span class='ocrx_word' id='word_1_164' title='bbox 354 1405 465 1449; x_wconf 83' lang='grc' dir='ltr'>ὅσιον</span> <span class='ocrx_word' id='word_1_165' title='bbox 489 1406 567 1463; x_wconf 77' lang='grc' dir='ltr'>γὰρ</span> <span class='ocrx_word' id='word_1_166' title='bbox 598 1403 700 1464; x_wconf 78' lang='grc' dir='ltr'>ᾦέτο</span> <span class='ocrx_word' id='word_1_167' title='bbox 732 1405 861 1461; x_wconf 83' lang='grc' dir='ltr'>εἶναι,</span> <span class='ocrx_word' id='word_1_168' title='bbox 902 1411 941 1450; x_wconf 86' lang='grc' dir='ltr'>εἰ</span> <span class='ocrx_word' id='word_1_169' title='bbox 962 1406 1019 1463; x_wconf 74' lang='grc' dir='ltr'>μή</span> <span class='ocrx_word' id='word_1_170' title='bbox 1055 1407 1156 1456; x_wconf 78' lang='grc' dir='ltr'>τούς</span> <span class='ocrx_word' id='word_1_171' title='bbox 1178 1410 1218 1449; x_wconf 94' lang='grc' dir='ltr'>Γ</span> <span class='ocrx_word' id='word_1_172' title='bbox 1216 1406 1365 1458; x_wconf 86' lang='grc' dir='ltr'>ότθους</span> <span class='ocrx_word' id='word_1_173' title='bbox 1390 1407 1523 1451; x_wconf 78' lang='grc' dir='ltr'>ἔνεστι</span> <span class='ocrx_word' id='word_1_174' title='bbox 1554 1407 1636 1464; x_wconf 79' lang='grc' dir='ltr'>τὴν</span> 
     </span>
     <span class='ocr_line' id='line_1_21' title="bbox 110 1467 1681 1529; baseline 0.002 -18"><span class='ocrx_word' id='word_1_175' title='bbox 110 1481 146 1516; x_wconf 86' lang='lat' dir='ltr'>P.</span> <span class='ocrx_word' id='word_1_176' title='bbox 160 1467 389 1517; x_wconf 68' lang='grc' dir='ltr'>39Ἰταλιίκν</span> <span class='ocrx_word' id='word_1_177' title='bbox 415 1473 656 1526; x_wconf 76' lang='grc' dir='ltr'>κεκτῆσθαι,</span> <span class='ocrx_word' id='word_1_178' title='bbox 707 1471 802 1521; x_wconf 85' lang='grc' dir='ltr'>τοὺς</span> <span class='ocrx_word' id='word_1_179' title='bbox 834 1475 931 1526; x_wconf 78' lang='grc' dir='ltr'>γοῦν</span> <span class='ocrx_word' id='word_1_180' title='bbox 963 1474 1007 1514; x_wconf 79' lang='grc' dir='ltr'>ἐκ</span> <span class='ocrx_word' id='word_1_181' title='bbox 1043 1473 1225 1514; x_wconf 77' lang='grc' dir='ltr'>παλαιοῦ</span> <span class='ocrx_word' id='word_1_182' title='bbox 1248 1470 1461 1529; x_wconf 79' lang='grc' dir='ltr'>οἰκήτοράς</span> <span class='ocrx_word' id='word_1_183' title='bbox 1492 1488 1537 1514; x_wconf 83' lang='grc' dir='ltr'>τε</span> <span class='ocrx_word' id='word_1_184' title='bbox 1559 1471 1681 1522; x_wconf 62' lang='grc' dir='ltr'>καίςιο</span> 
     </span>
     <span class='ocr_line' id='line_1_22' title="bbox 214 1532 1626 1592; baseline 0.001 -16"><span class='ocrx_word' id='word_1_185' title='bbox 214 1536 416 1591; x_wconf 70' lang='grc' dir='ltr'>ἰθαγενεῖς</span> <span class='ocrx_word' id='word_1_186' title='bbox 439 1533 484 1577; x_wconf 82' lang='grc' dir='ltr'>τὸ</span> <span class='ocrx_word' id='word_1_187' title='bbox 508 1532 706 1577; x_wconf 77' lang='grc' dir='ltr'>ἆνέκαθεν</span> <span class='ocrx_word' id='word_1_188' title='bbox 731 1536 932 1590; x_wconf 80' lang='grc' dir='ltr'>ἡγεμόνας</span> <span class='ocrx_word' id='word_1_189' title='bbox 953 1536 1083 1591; x_wconf 74' lang='grc' dir='ltr'>αὐτὴν</span> <span class='ocrx_word' id='word_1_190' title='bbox 1108 1533 1457 1590; x_wconf 65' lang='grc' dir='ltr'>ἄνακομισασθαι,</span> <span class='ocrx_word' id='word_1_191' title='bbox 1484 1535 1556 1578; x_wconf 78' lang='grc' dir='ltr'><em>καί</em></span> <span class='ocrx_word' id='word_1_192' title='bbox 1570 1532 1626 1592; x_wconf 66' lang='lat' dir='ltr'>pr)</span> 
     </span>
     <span class='ocr_line' id='line_1_23' title="bbox 301 1605 1628 1661; baseline -0.001 -14"><span class='ocrx_word' id='word_1_193' title='bbox 301 1625 333 1647; x_wconf 81' lang='lat'>2.</span> <span class='ocrx_word' id='word_1_194' title='bbox 362 1605 470 1650; x_wconf 83' lang='grc' dir='ltr'>οὗτος</span> <span class='ocrx_word' id='word_1_195' title='bbox 494 1611 535 1654; x_wconf 66' lang='grc' dir='ltr'>ὃν)</span> <span class='ocrx_word' id='word_1_196' title='bbox 564 1615 602 1646; x_wconf 87' lang='lat' dir='ltr'>R.</span> <span class='ocrx_word' id='word_1_197' title='bbox 628 1619 663 1647; x_wconf 89' lang='lat' dir='ltr'>et</span> <span class='ocrx_word' id='word_1_198' title='bbox 683 1613 815 1659; x_wconf 82' lang='lat' dir='ltr'>Lug‹l.,</span> <span class='ocrx_word' id='word_1_199' title='bbox 842 1607 950 1651; x_wconf 80' lang='grc' dir='ltr'>οὗτος</span> <span class='ocrx_word' id='word_1_200' title='bbox 981 1613 1020 1647; x_wconf 81' lang='grc' dir='ltr'>δὲ</span> <span class='ocrx_word' id='word_1_201' title='bbox 1033 1613 1112 1647; x_wconf 78' lang='lat' dir='ltr'>edd.</span> <span class='ocrx_word' id='word_1_202' title='bbox 1179 1617 1202 1648; x_wconf 90' lang='lat'>6</span> <span class='ocrx_word' id='word_1_203' title='bbox 1239 1612 1338 1657; x_wconf 69' lang='grc' dir='ltr'>αὐτῷ</span> <span class='ocrx_word' id='word_1_204' title='bbox 1363 1625 1428 1646; x_wconf 89' lang='lat' dir='ltr'>om.</span> <span class='ocrx_word' id='word_1_205' title='bbox 1453 1615 1497 1651; x_wconf 81' lang='lat' dir='ltr'>R.</span> <span class='ocrx_word' id='word_1_206' title='bbox 1554 1612 1628 1661; x_wconf 79' lang='grc' dir='ltr'>ἄρα</span> 
     </span>
     <span class='ocr_line' id='line_1_24' title="bbox 300 1658 1627 1705; baseline 0.001 -14"><span class='ocrx_word' id='word_1_207' title='bbox 300 1659 339 1691; x_wconf 84' lang='lat' dir='ltr'>R.</span> <span class='ocrx_word' id='word_1_208' title='bbox 411 1661 445 1696; x_wconf 83' lang='lat'>8.</span> <span class='ocrx_word' id='word_1_209' title='bbox 469 1660 670 1693; x_wconf 78' lang='grc' dir='ltr'>ποιοῦνται</span> <span class='ocrx_word' id='word_1_210' title='bbox 694 1661 755 1701; x_wconf 61' lang='lat' dir='ltr'>R„</span> <span class='ocrx_word' id='word_1_211' title='bbox 779 1662 962 1705; x_wconf 80' lang='grc' dir='ltr'>πριιιῖνται</span> <span class='ocrx_word' id='word_1_212' title='bbox 977 1661 1067 1704; x_wconf 86' lang='lat' dir='ltr'>vulg.</span> <span class='ocrx_word' id='word_1_213' title='bbox 1151 1671 1184 1703; x_wconf 88' lang='lat'>9.</span> <span class='ocrx_word' id='word_1_214' title='bbox 1213 1658 1339 1695; x_wconf 68' lang='grc' dir='ltr'>αὐτοῖς</span> <span class='ocrx_word' id='word_1_215' title='bbox 1356 1659 1394 1692; x_wconf 79' lang='grc' dir='ltr'>Β.</span> <span class='ocrx_word' id='word_1_216' title='bbox 1485 1659 1534 1704; x_wconf 75' lang='grc'>14.</span> <span class='ocrx_word' id='word_1_217' title='bbox 1562 1671 1627 1694; x_wconf 84' lang='grc' dir='ltr'>νο-</span> 
     </span>
     <span class='ocr_line' id='line_1_25' title="bbox 300 1703 1626 1750; baseline 0.002 -15"><span class='ocrx_word' id='word_1_218' title='bbox 300 1705 430 1749; x_wconf 83' lang='grc' dir='ltr'>μίμων</span> <span class='ocrx_word' id='word_1_219' title='bbox 453 1705 512 1744; x_wconf 84' lang='grc' dir='ltr'>Β.,</span> <span class='ocrx_word' id='word_1_220' title='bbox 541 1704 670 1750; x_wconf 83' lang='grc' dir='ltr'>νόμων</span> <span class='ocrx_word' id='word_1_221' title='bbox 686 1706 779 1748; x_wconf 84' lang='lat' dir='ltr'><strong>vulg.</strong></span> <span class='ocrx_word' id='word_1_222' title='bbox 844 1703 980 1750; x_wconf 71' lang='grc' dir='ltr'>15.ἁ’μα</span> <span class='ocrx_word' id='word_1_223' title='bbox 1008 1704 1047 1739; x_wconf 79' lang='grc' dir='ltr'>δὲ</span> <span class='ocrx_word' id='word_1_224' title='bbox 1072 1705 1135 1737; x_wconf 82' lang='grc' dir='ltr'>καὶ</span> <span class='ocrx_word' id='word_1_225' title='bbox 1161 1706 1217 1744; x_wconf 56' lang='lat' dir='ltr'>fl„</span> <span class='ocrx_word' id='word_1_226' title='bbox 1242 1703 1321 1749; x_wconf 72' lang='grc' dir='ltr'>ἅμα</span> <span class='ocrx_word' id='word_1_227' title='bbox 1344 1705 1407 1737; x_wconf 84' lang='grc' dir='ltr'>καὶ</span> <span class='ocrx_word' id='word_1_228' title='bbox 1433 1705 1524 1750; x_wconf 83' lang='lat' dir='ltr'>vulg.</span> <span class='ocrx_word' id='word_1_229' title='bbox 1576 1707 1626 1740; x_wconf 83' lang='lat'>16.</span> 
     </span>
    </p>
   </div>
   <div class='ocr_carea' id='block_1_3' title="bbox 302 1747 1632 1839">
    <p class='ocr_par' dir='ltr' id='par_1_3' title="bbox 302 1747 1632 1839">
     <span class='ocr_line' id='line_1_26' title="bbox 302 1747 1632 1795; baseline 0.002 -14"><span class='ocrx_word' id='word_1_230' title='bbox 302 1747 370 1789; x_wconf 79' lang='grc' dir='ltr'>τήν</span> <span class='ocrx_word' id='word_1_231' title='bbox 393 1759 431 1782; x_wconf 88' lang='grc' dir='ltr'>τε</span> <span class='ocrx_word' id='word_1_232' title='bbox 458 1750 498 1782; x_wconf 82' lang='lat' dir='ltr'>R.</span> <span class='ocrx_word' id='word_1_233' title='bbox 527 1755 563 1783; x_wconf 85' lang='lat' dir='ltr'>et</span> <span class='ocrx_word' id='word_1_234' title='bbox 585 1750 694 1795; x_wconf 85' lang='lat' dir='ltr'>Lugd.</span> <span class='ocrx_word' id='word_1_235' title='bbox 709 1775 719 1791; x_wconf 91' lang='lat'>,</span> <span class='ocrx_word' id='word_1_236' title='bbox 743 1750 809 1790; x_wconf 76' lang='grc' dir='ltr'>τήν</span> <span class='ocrx_word' id='word_1_237' title='bbox 832 1759 874 1794; x_wconf 85' lang='grc' dir='ltr'>γε</span> <span class='ocrx_word' id='word_1_238' title='bbox 897 1750 976 1783; x_wconf 86' lang='lat' dir='ltr'>edd.</span> <span class='ocrx_word' id='word_1_239' title='bbox 1077 1761 1135 1786; x_wconf 84' lang='lat'>21.</span> <span class='ocrx_word' id='word_1_240' title='bbox 1159 1749 1344 1785; x_wconf 60' lang='grc' dir='ltr'>ἀνέκαθεν</span> <span class='ocrx_word' id='word_1_241' title='bbox 1366 1751 1404 1784; x_wconf 89' lang='lat' dir='ltr'>R.</span> <span class='ocrx_word' id='word_1_242' title='bbox 1447 1749 1560 1795; x_wconf 81' lang='lat' dir='ltr'>Lugd.</span> <span class='ocrx_word' id='word_1_243' title='bbox 1595 1756 1632 1784; x_wconf 87' lang='lat' dir='ltr'>et</span> 
     </span>
     <span class='ocr_line' id='line_1_27' title="bbox 305 1792 1030 1839; baseline 0 -11"><span class='ocrx_word' id='word_1_244' title='bbox 305 1794 405 1832; x_wconf 77' lang='lat' dir='ltr'>Suid.</span> <span class='ocrx_word' id='word_1_245' title='bbox 418 1806 445 1830; x_wconf 91' lang='lat' dir='ltr'>s.</span> <span class='ocrx_word' id='word_1_246' title='bbox 468 1805 502 1830; x_wconf 84' lang='lat' dir='ltr'>v.</span> <span class='ocrx_word' id='word_1_247' title='bbox 528 1792 719 1839; x_wconf 70' lang='grc' dir='ltr'>ἰθαγενὴς,</span> <span class='ocrx_word' id='word_1_248' title='bbox 746 1794 926 1830; x_wconf 74' lang='grc' dir='ltr'>ἄνίκαθεν</span> <span class='ocrx_word' id='word_1_249' title='bbox 946 1795 1030 1828; x_wconf 87' lang='lat' dir='ltr'><strong>cdd.</strong></span> 
     </span>
    </p>
   </div>
   <div class='ocr_carea' id='block_1_4' title="bbox 212 1861 1636 2728">
    <p class='ocr_par' dir='ltr' id='par_1_4' title="bbox 212 1861 1636 2728">
     <span class='ocr_line' id='line_1_28' title="bbox 212 1861 1632 1907; baseline 0.001 -13"><span class='ocrx_word' id='word_1_250' title='bbox 212 1866 402 1907; x_wconf 79' lang='lat' dir='ltr'><strong>postquam</strong></span> <span class='ocrx_word' id='word_1_251' title='bbox 424 1862 552 1894; x_wconf 87' lang='lat' dir='ltr'>Franci</span> <span class='ocrx_word' id='word_1_252' title='bbox 577 1861 618 1894; x_wconf 88' lang='lat' dir='ltr'>in</span> <span class='ocrx_word' id='word_1_253' title='bbox 643 1861 780 1895; x_wconf 81' lang='lat' dir='ltr'>Italiam</span> <span class='ocrx_word' id='word_1_254' title='bbox 803 1862 1001 1902; x_wconf 78' lang='lat' dir='ltr'>venissent,</span> <span class='ocrx_word' id='word_1_255' title='bbox 1035 1865 1071 1894; x_wconf 88' lang='lat' dir='ltr'>et</span> <span class='ocrx_word' id='word_1_256' title='bbox 1104 1861 1302 1894; x_wconf 84' lang='lat' dir='ltr'>Gothorum</span> <span class='ocrx_word' id='word_1_257' title='bbox 1330 1871 1384 1894; x_wconf 86' lang='lat' dir='ltr'>res</span> <span class='ocrx_word' id='word_1_258' title='bbox 1429 1871 1551 1895; x_wconf 84' lang='lat' dir='ltr'>omnes</span> <span class='ocrx_word' id='word_1_259' title='bbox 1586 1861 1632 1895; x_wconf 84' lang='lat' dir='ltr'>ad</span> 
     </span>
     <span class='ocr_line' id='line_1_29' title="bbox 212 1906 1632 1952; baseline 0 -12"><span class='ocrx_word' id='word_1_260' title='bbox 212 1909 308 1952; x_wconf 83' lang='lat' dir='ltr'>ipsos</span> <span class='ocrx_word' id='word_1_261' title='bbox 333 1912 451 1940; x_wconf 83' lang='lat' dir='ltr'>essent</span> <span class='ocrx_word' id='word_1_262' title='bbox 473 1906 671 1946; x_wconf 81' lang='lat' dir='ltr'><strong>devolutae,</strong></span> <span class='ocrx_word' id='word_1_263' title='bbox 697 1908 792 1940; x_wconf 89' lang='lat' dir='ltr'>solus</span> <span class='ocrx_word' id='word_1_264' title='bbox 815 1908 909 1939; x_wconf 85' lang='lat' dir='ltr'>visus</span> <span class='ocrx_word' id='word_1_265' title='bbox 930 1913 1008 1949; x_wconf 88' lang='lat' dir='ltr'>est,</span> <span class='ocrx_word' id='word_1_266' title='bbox 1024 1906 1111 1951; x_wconf 87' lang='lat' dir='ltr'>quid</span> <span class='ocrx_word' id='word_1_267' title='bbox 1137 1907 1337 1939; x_wconf 89' lang='lat' dir='ltr'>consultum</span> <span class='ocrx_word' id='word_1_268' title='bbox 1361 1911 1397 1939; x_wconf 86' lang='lat' dir='ltr'>et</span> <span class='ocrx_word' id='word_1_269' title='bbox 1421 1917 1465 1939; x_wconf 85' lang='lat' dir='ltr'>ex</span> <span class='ocrx_word' id='word_1_270' title='bbox 1499 1917 1538 1940; x_wconf 84' lang='lat' dir='ltr'>re</span> <span class='ocrx_word' id='word_1_271' title='bbox 1574 1918 1632 1940; x_wconf 88' lang='lat' dir='ltr'>es-</span> 
     </span>
     <span class='ocr_line' id='line_1_30' title="bbox 215 1952 1631 1996; baseline 0.001 -12"><span class='ocrx_word' id='word_1_272' title='bbox 215 1957 279 1991; x_wconf 84' lang='lat' dir='ltr'>set,</span> <span class='ocrx_word' id='word_1_273' title='bbox 305 1953 519 1996; x_wconf 86' lang='lat' dir='ltr'>cognovisse,</span> <span class='ocrx_word' id='word_1_274' title='bbox 545 1958 582 1985; x_wconf 91' lang='lat' dir='ltr'>et</span> <span class='ocrx_word' id='word_1_275' title='bbox 604 1953 723 1986; x_wconf 85' lang='lat' dir='ltr'>futura</span> <span class='ocrx_word' id='word_1_276' title='bbox 744 1952 968 1996; x_wconf 83' lang='lat' dir='ltr'><strong>praevidisse.</strong></span> <span class='ocrx_word' id='word_1_277' title='bbox 1015 1952 1238 1984; x_wconf 85' lang='lat' dir='ltr'>Deliberanti</span> <span class='ocrx_word' id='word_1_278' title='bbox 1263 1952 1358 1984; x_wconf 88' lang='lat' dir='ltr'>enim</span> <span class='ocrx_word' id='word_1_279' title='bbox 1375 1952 1443 1995; x_wconf 90' lang='lat' dir='ltr'>ipsi</span> <span class='ocrx_word' id='word_1_280' title='bbox 1467 1952 1511 1984; x_wconf 87' lang='lat' dir='ltr'>de</span> <span class='ocrx_word' id='word_1_281' title='bbox 1527 1963 1631 1996; x_wconf 84' lang='lat' dir='ltr'>prae-</span> 
     </span>
     <span class='ocr_line' id='line_1_31' title="bbox 214 1996 1632 2042; baseline 0.001 -12"><span class='ocrx_word' id='word_1_282' title='bbox 214 1999 307 2030; x_wconf 81' lang='lat' dir='ltr'><strong>senti</strong></span> <span class='ocrx_word' id='word_1_283' title='bbox 335 2009 451 2031; x_wconf 87' lang='lat' dir='ltr'>rerum</span> <span class='ocrx_word' id='word_1_284' title='bbox 474 2003 589 2037; x_wconf 83' lang='lat' dir='ltr'>statu,</span> <span class='ocrx_word' id='word_1_285' title='bbox 613 1997 701 2030; x_wconf 90' lang='lat' dir='ltr'>haec</span> <span class='ocrx_word' id='word_1_286' title='bbox 723 1999 888 2042; x_wconf 85' lang='lat' dir='ltr'>cogitatio</span> <span class='ocrx_word' id='word_1_287' title='bbox 914 1998 952 2030; x_wconf 90' lang='lat' dir='ltr'>in</span> <span class='ocrx_word' id='word_1_288' title='bbox 976 2003 1131 2030; x_wconf 83' lang='lat' dir='ltr'><strong>mentem</strong></span> <span class='ocrx_word' id='word_1_289' title='bbox 1155 1998 1264 2037; x_wconf 85' lang='lat' dir='ltr'>venit,</span> <span class='ocrx_word' id='word_1_290' title='bbox 1290 1996 1386 2042; x_wconf 85' lang='lat' dir='ltr'>quod</span> <span class='ocrx_word' id='word_1_291' title='bbox 1399 1998 1524 2030; x_wconf 81' lang='lat' dir='ltr'>Franci</span> <span class='ocrx_word' id='word_1_292' title='bbox 1550 2009 1632 2041; x_wconf 85' lang='lat' dir='ltr'>spe-</span> 
     </span>
     <span class='ocr_line' id='line_1_32' title="bbox 215 2043 1632 2089; baseline 0.001 -14"><span class='ocrx_word' id='word_1_293' title='bbox 215 2043 350 2075; x_wconf 88' lang='lat' dir='ltr'>ciosum</span> <span class='ocrx_word' id='word_1_294' title='bbox 376 2043 521 2088; x_wconf 85' lang='lat' dir='ltr'>quidem</span> <span class='ocrx_word' id='word_1_295' title='bbox 545 2044 691 2076; x_wconf 84' lang='lat' dir='ltr'>titulum</span> <span class='ocrx_word' id='word_1_296' title='bbox 715 2055 755 2076; x_wconf 85' lang='lat' dir='ltr'>ac</span> <span class='ocrx_word' id='word_1_297' title='bbox 785 2047 1011 2089; x_wconf 78' lang='lat' dir='ltr'>praetextum</span> <span class='ocrx_word' id='word_1_298' title='bbox 1045 2043 1233 2086; x_wconf 81' lang='lat' dir='ltr'><strong>captabant</strong></span> <span class='ocrx_word' id='word_1_299' title='bbox 1266 2043 1444 2075; x_wconf 79' lang='lat' dir='ltr'>societatis</span> <span class='ocrx_word' id='word_1_300' title='bbox 1480 2043 1632 2076; x_wconf 85' lang='lat' dir='ltr'>bellicae</span> 
     </span>
     <span class='ocr_line' id='line_1_33' title="bbox 216 2087 1632 2135; baseline 0.001 -14"><span class='ocrx_word' id='word_1_301' title='bbox 216 2099 296 2121; x_wconf 89' lang='lat' dir='ltr'>cum</span> <span class='ocrx_word' id='word_1_302' title='bbox 336 2088 463 2121; x_wconf 84' lang='lat' dir='ltr'>Gothis</span> <span class='ocrx_word' id='word_1_303' title='bbox 494 2089 624 2128; x_wconf 85' lang='lat' dir='ltr'>initae,</span> <span class='ocrx_word' id='word_1_304' title='bbox 658 2090 792 2135; x_wconf 82' lang='lat' dir='ltr'>quippe</span> <span class='ocrx_word' id='word_1_305' title='bbox 833 2090 895 2134; x_wconf 91' lang='lat' dir='ltr'>qui</span> <span class='ocrx_word' id='word_1_306' title='bbox 920 2089 1023 2121; x_wconf 86' lang='lat' dir='ltr'>acciti</span> <span class='ocrx_word' id='word_1_307' title='bbox 1057 2090 1255 2130; x_wconf 79' lang='lat' dir='ltr'>venissent3</span> <span class='ocrx_word' id='word_1_308' title='bbox 1281 2087 1378 2133; x_wconf 85' lang='lat' dir='ltr'>quod</span> <span class='ocrx_word' id='word_1_309' title='bbox 1398 2099 1482 2121; x_wconf 88' lang='lat' dir='ltr'>vero</span> <span class='ocrx_word' id='word_1_310' title='bbox 1503 2090 1632 2122; x_wconf 81' lang='lat' dir='ltr'>animis</span> 
     </span>
     <span class='ocr_line' id='line_1_34' title="bbox 216 2133 1632 2180; baseline 0.001 -15"><span class='ocrx_word' id='word_1_311' title='bbox 216 2135 288 2166; x_wconf 84' lang='lat' dir='ltr'>suis</span> <span class='ocrx_word' id='word_1_312' title='bbox 314 2134 504 2177; x_wconf 82' lang='lat' dir='ltr'><strong>agitabant,</strong></span> <span class='ocrx_word' id='word_1_313' title='bbox 529 2134 627 2167; x_wconf 81' lang='lat' dir='ltr'>aliud</span> <span class='ocrx_word' id='word_1_314' title='bbox 653 2134 824 2180; x_wconf 87' lang='lat' dir='ltr'>quiddam</span> <span class='ocrx_word' id='word_1_315' title='bbox 847 2146 884 2167; x_wconf 92' lang='lat' dir='ltr'>re</span> <span class='ocrx_word' id='word_1_316' title='bbox 905 2136 979 2178; x_wconf 86' lang='lat' dir='ltr'>ipsa</span> <span class='ocrx_word' id='word_1_317' title='bbox 997 2135 1248 2178; x_wconf 86' lang='lat' dir='ltr'>appariturum.</span> <span class='ocrx_word' id='word_1_318' title='bbox 1294 2134 1384 2166; x_wconf 88' lang='lat' dir='ltr'>Fore</span> <span class='ocrx_word' id='word_1_319' title='bbox 1413 2135 1508 2166; x_wconf 88' lang='lat' dir='ltr'>enim</span> <span class='ocrx_word' id='word_1_320' title='bbox 1530 2133 1632 2168; x_wconf 86' lang='lat' dir='ltr'>vide-</span> 
     </span>
     <span class='ocr_line' id='line_1_35' title="bbox 217 2178 1634 2224; baseline 0.001 -13"><span class='ocrx_word' id='word_1_321' title='bbox 217 2179 291 2219; x_wconf 83' lang='lat' dir='ltr'>bat,</span> <span class='ocrx_word' id='word_1_322' title='bbox 315 2184 355 2211; x_wconf 88' lang='lat' dir='ltr'>ut</span> <span class='ocrx_word' id='word_1_323' title='bbox 379 2180 519 2212; x_wconf 85' lang='lat' dir='ltr'>etiamsi</span> <span class='ocrx_word' id='word_1_324' title='bbox 544 2181 708 2213; x_wconf 86' lang='lat' dir='ltr'>Romanis</span> <span class='ocrx_word' id='word_1_325' title='bbox 733 2180 930 2224; x_wconf 83' lang='lat' dir='ltr'>superiores</span> <span class='ocrx_word' id='word_1_326' title='bbox 957 2179 1163 2219; x_wconf 82' lang='lat' dir='ltr'>evaderent,</span> <span class='ocrx_word' id='word_1_327' title='bbox 1189 2178 1315 2211; x_wconf 75' lang='lat' dir='ltr'>Gothis</span> <span class='ocrx_word' id='word_1_328' title='bbox 1352 2179 1455 2212; x_wconf 88' lang='lat' dir='ltr'>Italia</span> <span class='ocrx_word' id='word_1_329' title='bbox 1477 2191 1550 2212; x_wconf 87' lang='lat' dir='ltr'>non</span> <span class='ocrx_word' id='word_1_330' title='bbox 1573 2190 1634 2212; x_wconf 90' lang='lat' dir='ltr'>ce-</span> 
     </span>
     <span class='ocr_line' id='line_1_36' title="bbox 217 2223 1635 2270; baseline 0.001 -14"><span class='ocrx_word' id='word_1_331' title='bbox 217 2223 354 2263; x_wconf 86' lang='lat' dir='ltr'>derent,</span> <span class='ocrx_word' id='word_1_332' title='bbox 379 2224 441 2258; x_wconf 85' lang='lat' dir='ltr'>sed</span> <span class='ocrx_word' id='word_1_333' title='bbox 463 2225 535 2258; x_wconf 86' lang='lat' dir='ltr'>illis</span> <span class='ocrx_word' id='word_1_334' title='bbox 562 2227 689 2270; x_wconf 84' lang='lat' dir='ltr'>reipsa</span> <span class='ocrx_word' id='word_1_335' title='bbox 703 2227 826 2270; x_wconf 87' lang='lat' dir='ltr'>primis</span> <span class='ocrx_word' id='word_1_336' title='bbox 852 2225 1017 2266; x_wconf 81' lang='lat' dir='ltr'>subactis,</span> <span class='ocrx_word' id='word_1_337' title='bbox 1041 2225 1171 2270; x_wconf 89' lang='lat' dir='ltr'>quibus</span> <span class='ocrx_word' id='word_1_338' title='bbox 1194 2225 1373 2269; x_wconf 85' lang='lat' dir='ltr'>suppetias</span> <span class='ocrx_word' id='word_1_339' title='bbox 1397 2225 1514 2258; x_wconf 81' lang='lat' dir='ltr'>verbis</span> <span class='ocrx_word' id='word_1_340' title='bbox 1536 2225 1635 2258; x_wconf 85' lang='lat' dir='ltr'>latu--</span> 
     </span>
     <span class='ocr_line' id='line_1_37' title="bbox 217 2270 1631 2316; baseline -0.001 -13"><span class='ocrx_word' id='word_1_341' title='bbox 217 2271 248 2304; x_wconf 87' lang='lat' dir='ltr'>ri</span> <span class='ocrx_word' id='word_1_342' title='bbox 281 2276 477 2311; x_wconf 83' lang='lat' dir='ltr'>venerant,</span> <span class='ocrx_word' id='word_1_343' title='bbox 511 2271 660 2303; x_wconf 82' lang='lat' dir='ltr'>Francos</span> <span class='ocrx_word' id='word_1_344' title='bbox 693 2272 871 2316; x_wconf 75' lang='lat' dir='ltr'>prIncipes</span> <span class='ocrx_word' id='word_1_345' title='bbox 907 2272 957 2303; x_wconf 87' lang='lat' dir='ltr'>eis</span> <span class='ocrx_word' id='word_1_346' title='bbox 986 2271 1233 2315; x_wconf 84' lang='lat' dir='ltr'>imposituros,</span> <span class='ocrx_word' id='word_1_347' title='bbox 1266 2272 1462 2316; x_wconf 84' lang='lat' dir='ltr'>patriisque</span> <span class='ocrx_word' id='word_1_348' title='bbox 1491 2270 1631 2315; x_wconf 83' lang='lat' dir='ltr'>legibus</span> 
     </span>
     <span class='ocr_line' id='line_1_38' title="bbox 218 2316 1636 2362; baseline 0 -14"><span class='ocrx_word' id='word_1_349' title='bbox 218 2326 278 2348; x_wconf 85' lang='lat' dir='ltr'>cos</span> <span class='ocrx_word' id='word_1_350' title='bbox 305 2325 380 2348; x_wconf 86' lang='lat' dir='ltr'>esse</span> <span class='ocrx_word' id='word_1_351' title='bbox 407 2316 635 2360; x_wconf 84' lang='lat' dir='ltr'>spoliaturos.</span> <span class='ocrx_word' id='word_1_352' title='bbox 682 2317 778 2349; x_wconf 86' lang='lat' dir='ltr'>Haec</span> <span class='ocrx_word' id='word_1_353' title='bbox 803 2318 924 2361; x_wconf 85' lang='lat' dir='ltr'>itaque</span> <span class='ocrx_word' id='word_1_354' title='bbox 951 2327 1028 2349; x_wconf 87' lang='lat' dir='ltr'>cum</span> <span class='ocrx_word' id='word_1_355' title='bbox 1051 2317 1255 2362; x_wconf 86' lang='lat' dir='ltr'>frequenter</span> <span class='ocrx_word' id='word_1_356' title='bbox 1287 2327 1405 2348; x_wconf 87' lang='lat' dir='ltr'>secum</span> <span class='ocrx_word' id='word_1_357' title='bbox 1436 2321 1636 2360; x_wconf 58' lang='lat' dir='ltr'>reputaret,</span> 
     </span>
     <span class='ocr_line' id='line_1_39' title="bbox 219 2362 1633 2407; baseline 0.001 -15"><span class='ocrx_word' id='word_1_358' title='bbox 219 2366 257 2393; x_wconf 84' lang='lat' dir='ltr'>ct</span> <span class='ocrx_word' id='word_1_359' title='bbox 280 2371 358 2393; x_wconf 89' lang='lat' dir='ltr'>cum</span> <span class='ocrx_word' id='word_1_360' title='bbox 388 2363 505 2394; x_wconf 85' lang='lat' dir='ltr'>animo</span> <span class='ocrx_word' id='word_1_361' title='bbox 529 2373 591 2395; x_wconf 92' lang='lat' dir='ltr'>suo</span> <span class='ocrx_word' id='word_1_362' title='bbox 617 2363 830 2404; x_wconf 85' lang='lat' dir='ltr'>revolveret,</span> <span class='ocrx_word' id='word_1_363' title='bbox 857 2362 1033 2407; x_wconf 89' lang='lat' dir='ltr'>simulque</span> <span class='ocrx_word' id='word_1_364' title='bbox 1058 2362 1245 2395; x_wconf 87' lang='lat' dir='ltr'>obsidione</span> <span class='ocrx_word' id='word_1_365' title='bbox 1269 2367 1510 2406; x_wconf 86' lang='lat' dir='ltr'>premeretur,</span> <span class='ocrx_word' id='word_1_366' title='bbox 1545 2372 1633 2394; x_wconf 85' lang='lat' dir='ltr'>con-</span> 
     </span>
     <span class='ocr_line' id='line_1_40' title="bbox 220 2406 1630 2452; baseline 0 -14"><span class='ocrx_word' id='word_1_367' title='bbox 220 2406 453 2440; x_wconf 84' lang='lat' dir='ltr'>sultissimum</span> <span class='ocrx_word' id='word_1_368' title='bbox 485 2407 561 2440; x_wconf 82' lang='lat' dir='ltr'>fore</span> <span class='ocrx_word' id='word_1_369' title='bbox 596 2408 788 2448; x_wconf 86' lang='lat' dir='ltr'>iudicavit,</span> <span class='ocrx_word' id='word_1_370' title='bbox 813 2410 842 2440; x_wconf 94' lang='lat' dir='ltr'>si</span> <span class='ocrx_word' id='word_1_371' title='bbox 869 2408 992 2440; x_wconf 87' lang='lat' dir='ltr'>urbem</span> <span class='ocrx_word' id='word_1_372' title='bbox 1017 2419 1096 2440; x_wconf 91' lang='lat' dir='ltr'>cum</span> <span class='ocrx_word' id='word_1_373' title='bbox 1119 2407 1281 2452; x_wconf 89' lang='lat' dir='ltr'>pecuniis</span> <span class='ocrx_word' id='word_1_374' title='bbox 1304 2407 1470 2441; x_wconf 87' lang='lat' dir='ltr'>omnibus</span> <span class='ocrx_word' id='word_1_375' title='bbox 1492 2406 1630 2439; x_wconf 76' lang='lat' dir='ltr'>Narseti</span> 
     </span>
     <span class='ocr_line' id='line_1_41' title="bbox 218 2452 1630 2497; baseline 0 -14"><span class='ocrx_word' id='word_1_376' title='bbox 218 2452 399 2492; x_wconf 80' lang='lat' dir='ltr'>traderet,</span> <span class='ocrx_word' id='word_1_377' title='bbox 422 2463 463 2485; x_wconf 82' lang='lat' dir='ltr'>ac</span> <span class='ocrx_word' id='word_1_378' title='bbox 487 2452 654 2497; x_wconf 80' lang='lat' dir='ltr'>deinceps</span> <span class='ocrx_word' id='word_1_379' title='bbox 683 2455 917 2487; x_wconf 82' lang='lat' dir='ltr'>Romanorum</span> <span class='ocrx_word' id='word_1_380' title='bbox 942 2454 1106 2486; x_wconf 86' lang='lat' dir='ltr'>instituto</span> <span class='ocrx_word' id='word_1_381' title='bbox 1134 2465 1173 2488; x_wconf 88' lang='lat' dir='ltr'>ac</span> <span class='ocrx_word' id='word_1_382' title='bbox 1199 2453 1357 2486; x_wconf 87' lang='lat' dir='ltr'>moribus</span> <span class='ocrx_word' id='word_1_383' title='bbox 1382 2453 1533 2492; x_wconf 83' lang='lat' dir='ltr'>viveret,</span> <span class='ocrx_word' id='word_1_384' title='bbox 1562 2461 1630 2495; x_wconf 88' lang='lat' dir='ltr'>pe-</span> 
     </span>
     <span class='ocr_line' id='line_1_42' title="bbox 218 2497 1631 2543; baseline -0.001 -13"><span class='ocrx_word' id='word_1_385' title='bbox 218 2498 339 2530; x_wconf 80' lang='lat' dir='ltr'>rieulis</span> <span class='ocrx_word' id='word_1_386' title='bbox 364 2503 405 2531; x_wconf 83' lang='lat' dir='ltr'>et</span> <span class='ocrx_word' id='word_1_387' title='bbox 425 2498 607 2532; x_wconf 80' lang='lat' dir='ltr'>barbarico</span> <span class='ocrx_word' id='word_1_388' title='bbox 631 2499 774 2532; x_wconf 81' lang='lat' dir='ltr'>vivendi</span> <span class='ocrx_word' id='word_1_389' title='bbox 798 2510 893 2533; x_wconf 91' lang='lat' dir='ltr'>more</span> <span class='ocrx_word' id='word_1_390' title='bbox 915 2499 1029 2533; x_wconf 82' lang='lat' dir='ltr'>valere</span> <span class='ocrx_word' id='word_1_391' title='bbox 1053 2499 1167 2533; x_wconf 85' lang='lat' dir='ltr'>iussis.</span> <span class='ocrx_word' id='word_1_392' title='bbox 1215 2498 1374 2543; x_wconf 80' lang='lat' dir='ltr'>Aequum</span> <span class='ocrx_word' id='word_1_393' title='bbox 1398 2499 1491 2531; x_wconf 86' lang='lat' dir='ltr'>enim</span> <span class='ocrx_word' id='word_1_394' title='bbox 1514 2498 1548 2530; x_wconf 89' lang='lat' dir='ltr'>ei</span> <span class='ocrx_word' id='word_1_395' title='bbox 1575 2497 1631 2528; x_wconf 78' lang='lat' dir='ltr'>vi-</span> 
     </span>
     <span class='ocr_line' id='line_1_43' title="bbox 220 2543 1631 2588; baseline -0.001 -14"><span class='ocrx_word' id='word_1_396' title='bbox 220 2543 391 2584; x_wconf 78' lang='lat' dir='ltr'>debatur,</span> <span class='ocrx_word' id='word_1_397' title='bbox 416 2544 447 2577; x_wconf 85' lang='lat' dir='ltr'>si</span> <span class='ocrx_word' id='word_1_398' title='bbox 471 2544 581 2578; x_wconf 84' lang='lat' dir='ltr'>Gothi</span> <span class='ocrx_word' id='word_1_399' title='bbox 620 2545 756 2577; x_wconf 84' lang='lat' dir='ltr'>Italiam</span> <span class='ocrx_word' id='word_1_400' title='bbox 780 2546 943 2579; x_wconf 88' lang='lat' dir='ltr'>obtinere</span> <span class='ocrx_word' id='word_1_401' title='bbox 967 2556 1039 2577; x_wconf 89' lang='lat' dir='ltr'>non</span> <span class='ocrx_word' id='word_1_402' title='bbox 1065 2549 1233 2588; x_wconf 84' lang='lat' dir='ltr'>possent,</span> <span class='ocrx_word' id='word_1_403' title='bbox 1275 2550 1408 2577; x_wconf 86' lang='lat' dir='ltr'>veteres</span> <span class='ocrx_word' id='word_1_404' title='bbox 1434 2547 1528 2576; x_wconf 81' lang='lat' dir='ltr'>certe</span> <span class='ocrx_word' id='word_1_405' title='bbox 1553 2543 1631 2574; x_wconf 78' lang='lat' dir='ltr'>eius</span> 
     </span>
     <span class='ocr_line' id='line_1_44' title="bbox 221 2587 1631 2636; baseline 0 -17"><span class='ocrx_word' id='word_1_406' title='bbox 221 2587 440 2622; x_wconf 83' lang='lat' dir='ltr'>habitatores</span> <span class='ocrx_word' id='word_1_407' title='bbox 467 2595 505 2623; x_wconf 85' lang='lat' dir='ltr'>et</span> <span class='ocrx_word' id='word_1_408' title='bbox 529 2590 710 2635; x_wconf 85' lang='lat' dir='ltr'>indigenas</span> <span class='ocrx_word' id='word_1_409' title='bbox 725 2591 768 2624; x_wconf 90' lang='lat' dir='ltr'>ab</span> <span class='ocrx_word' id='word_1_410' title='bbox 787 2591 922 2636; x_wconf 86' lang='lat' dir='ltr'>origine</span> <span class='ocrx_word' id='word_1_411' title='bbox 937 2590 1041 2623; x_wconf 85' lang='lat' dir='ltr'>duces</span> <span class='ocrx_word' id='word_1_412' title='bbox 1067 2601 1142 2623; x_wconf 83' lang='lat' dir='ltr'>eam</span> <span class='ocrx_word' id='word_1_413' title='bbox 1168 2600 1386 2635; x_wconf 87' lang='lat' dir='ltr'>recuperare,</span> <span class='ocrx_word' id='word_1_414' title='bbox 1409 2598 1525 2633; x_wconf 84' lang='lat' dir='ltr'>neque</span> <span class='ocrx_word' id='word_1_415' title='bbox 1547 2597 1631 2632; x_wconf 86' lang='lat' dir='ltr'>per-</span> 
     </span>
     <span class='ocr_line' id='line_1_45' title="bbox 219 2635 1630 2681; baseline -0.002 -14"><span class='ocrx_word' id='word_1_416' title='bbox 219 2637 330 2678; x_wconf 74' lang='lat' dir='ltr'>petuo</span> <span class='ocrx_word' id='word_1_417' title='bbox 357 2637 431 2668; x_wconf 79' lang='lat' dir='ltr'>suis</span> <span class='ocrx_word' id='word_1_418' title='bbox 452 2635 596 2669; x_wconf 84' lang='lat' dir='ltr'>sedibus</span> <span class='ocrx_word' id='word_1_419' title='bbox 622 2636 785 2671; x_wconf 83' lang='lat' dir='ltr'>fraudari.</span> <span class='ocrx_word' id='word_1_420' title='bbox 834 2638 928 2670; x_wconf 81' lang='lat' dir='ltr'>Haec</span> <span class='ocrx_word' id='word_1_421' title='bbox 951 2637 1070 2681; x_wconf 79' lang='lat' dir='ltr'>itaque</span> <span class='ocrx_word' id='word_1_422' title='bbox 1097 2641 1133 2668; x_wconf 86' lang='lat' dir='ltr'>et</span> <span class='ocrx_word' id='word_1_423' title='bbox 1155 2637 1232 2680; x_wconf 87' lang='lat' dir='ltr'>ipse</span> <span class='ocrx_word' id='word_1_424' title='bbox 1258 2647 1319 2668; x_wconf 87' lang='lat' dir='ltr'>sua</span> <span class='ocrx_word' id='word_1_425' title='bbox 1343 2645 1386 2667; x_wconf 83' lang='lat' dir='ltr'>ex</span> <span class='ocrx_word' id='word_1_426' title='bbox 1412 2639 1511 2678; x_wconf 83' lang='lat' dir='ltr'>parte</span> <span class='ocrx_word' id='word_1_427' title='bbox 1527 2643 1630 2678; x_wconf 85' lang='lat' dir='ltr'>prae·</span> 
     </span>
     <span class='ocr_line' id='line_1_46' title="bbox 225 2677 1628 2728; baseline -0.001 -16"><span class='ocrx_word' id='word_1_428' title='bbox 225 2683 317 2713; x_wconf 74' lang='lat' dir='ltr'>stare</span> <span class='ocrx_word' id='word_1_429' title='bbox 341 2681 379 2715; x_wconf 88' lang='lat' dir='ltr'>iu</span> <span class='ocrx_word' id='word_1_430' title='bbox 404 2681 557 2719; x_wconf 78' lang='lat' dir='ltr'>animum</span> <span class='ocrx_word' id='word_1_431' title='bbox 587 2693 687 2716; x_wconf 86' lang='lat' dir='ltr'>suum</span> <span class='ocrx_word' id='word_1_432' title='bbox 715 2683 923 2723; x_wconf 83' lang='lat' dir='ltr'>inducebat,</span> <span class='ocrx_word' id='word_1_433' title='bbox 957 2687 994 2718; x_wconf 85' lang='lat' dir='ltr'>et</span> <span class='ocrx_word' id='word_1_434' title='bbox 1016 2681 1173 2728; x_wconf 84' lang='lat' dir='ltr'>reliquae</span> <span class='ocrx_word' id='word_1_435' title='bbox 1205 2682 1300 2726; x_wconf 82' lang='lat' dir='ltr'>genti</span> <span class='ocrx_word' id='word_1_436' title='bbox 1335 2691 1415 2714; x_wconf 86' lang='lat' dir='ltr'>suae</span> <span class='ocrx_word' id='word_1_437' title='bbox 1443 2677 1628 2724; x_wconf 75' lang='lat' dir='ltr'>prudentis</span> 
     </span>
    </p>
   </div>
  </div>
 </body>
</html>
