1794 3112
265 121 282 153 1
294 102 330 166 4
782 121 1052 166 AGA'mmE
1106 141 1111 144 -
1148 142 1151 143 ν

255 233 338 272 τωρ
369 216 472 272 πρὸς
492 219 564 259 τοῦ
584 222 783 271 βασιλέως
798 225 1067 277 γεγενημένος,
1093 227 1189 274 τούς
1214 233 1261 266 τε·
1275 225 1455 274 κλεινοὺς
1470 226 1663 275 ’ἐκείνους

251 283 463 333 πολέμους,
490 281 532 322 οἳ
549 281 607 337 δὴ,
623 280 734 341 αὐτῷ
750 284 851 340 πρὸς
868 286 1050 328 Τώτιλαν
1071 282 1218 342 ἄριστα
1237 289 1560 343 διαπεπόνηιται·
1591 286 1654 330 ὅτι

250 360 295 385 τε
318 341 442 394 αὖθις
461 349 550 397 μετ’
567 348 716 390 ἐκεῖνον
743 353 861 398 Τεΐας
887 350 909 391 ὅ
932 353 1200 406 Φρεδιγέρνου
1235 351 1309 406 τὴν
1330 355 1371 394 Γ
1368 354 1534 406 οτθικὴν
1559 353 1652 408 ἦγε-

249 409 392 461 μονίαν
411 410 715 464 διαδεξάμενος,
744 412 817 454 οὐκ
830 416 871 463 ἐς
892 413 1056 469 μακρὰν
1077 417 1148 456 καί
1175 414 1296 463 αὐτὸς
1327 413 1521 471 ἀνῃρέθη.
1549 408 1652 457 ταῦ-

247 489 299 513 τα
332 473 377 513 δὲ
404 471 537 514 πάντα
570 477 612 523 ἐς
634 477 745 517 ἕκτον
769 493 811 519 τε
841 480 913 519 καί
943 478 1123 521 εἰκοστὸν
1147 477 1234 527 ἔτος
1264 481 1335 532 τῆς
1355 475 1683 526 Ἰουστινιανοῦᾶ

248 537 460 603 βασιλείας
479 541 728 593 γεγένηνται,
756 543 827 583 καί
847 544 1069 598 Προκοπίῳ
1097 544 1174 594 μὲν
1194 543 1249 599 τῷ
1277 541 1421 597 ῥήτορι
1450 544 1495 584 ἐν
1514 544 1650 583 τοῖσδε

215 604 366 652 Βοίμαι
404 601 514 657 αὐτῷ
549 601 599 643 τὰ
631 605 704 658 τῆς
739 607 972 660 ξυγγραφῆς
1017 604 1232 659 διήνυσται
1269 606 1341 647 καί
1371 607 1652 660 ξυνετελέσθη·

245 663 324 717 ἐγώ
349 666 393 706 δὲ
417 667 460 713 ἐς
484 665 536 707 τοὶ
566 667 743 719 ἐχόμενα
779 668 955 722 τούτων,
983 671 1053 725 ἐφ’
1079 666 1181 725 ἅπερ
1207 671 1278 710 καί
1297 668 1371 724 τὴν
1405 669 1542 725 ἀρχὴν
1567 670 1651 724 ὥρ-

243 728 384 782 μήθην
417 731 548 782 ἰέναι,
584 733 655 772 καί
694 731 744 788 δὴ
777 735 848 775 ἐπί
875 736 1005 775 ταῦτα
1035 731 1141 786 ειῖιιι.
1187 734 1259 778 καί
1295 732 1345 788 δὴ
1390 733 1540 787 ἔχομαι
1566 735 1657 776 τῶν-

402 792 410 804 ,

243 809 296 847 πρ
302 808 466 845 αγματω
471 811 503 837 ν.
1650 816 1664 842 1
1673 816 1699 846 α

359 849 372 862 2

57 911 93 943 Α.
119 911 157 943 C.
181 911 245 946 552
301 900 337 941 α’.
374 858 569 958 Επειδὴ
591 904 709 952 Τεΐας
729 903 753 944 ὅ
773 903 877 958 μετά
905 906 1084 947 Τώτιλαν
1103 907 1184 947 τῶν
1204 905 1375 951 Γότθων
1397 902 1558 958 ἡγεμών
1570 920 1644 944 κα-

101 958 124 987 L
140 958 172 1034 11)
198 961 407 1039 ffvacmkg,
436 962 789 1020 ἆνακαλδσέἒμενος
814 969 885 1017 τὰς
912 969 1106 1022 δυνάμεις
1126 970 1196 1010 καί
1216 968 1414 1021 πόλεμον,
1445 966 1646 1010 πανσυδεί

157 1047 197 1081 v,
217 1029 342 1093 9πρός
354 1047 398 1072 τε
419 1033 591 1087 Ναρσῆν
606 1031 677 1073 καὶ
691 1032 928 1085 ςΡωμαιόυς
949 1033 1279 1088 παραταξάμενος
1302 1031 1464 1087 ἧσσήθη
1483 1048 1526 1072 τε
1538 1030 1643 1072 κατὰ

238 1095 384 1149 κράτος
411 1098 481 1137 καί
512 1093 640 1137 αὐτοῦ
661 1099 848 1149 πολεμῶν
870 1099 1089 1153 διεφθάρη,
1119 1099 1162 1138 οῗ
1181 1113 1223 1139 τε
1246 1099 1535 1152 περισωθέντες
1559 1097 1642 1137 ταῖν

236 1157 412 1201 Γότθων
423 1193 436 1212 ,
464 1161 702 1213 ἐγκειμένων
725 1161 846 1216 σφίσι
861 1161 1084 1213 ζ,Ρωμαίων
1104 1163 1174 1203 καί
1204 1157 1278 1202 οὐκ
1308 1161 1502 1202 ἀνιέντων
1514 1194 1528 1214 ,
1555 1166 1699 1208 nte-15

237 1221 400 1274 ζόμενοι
426 1229 514 1272 ταῖς
549 1239 591 1264 τε
622 1225 863 1279 ἐπιδρομαῖς
901 1227 973 1266 καί
1011 1221 1072 1266 ὅτι
1098 1226 1142 1266 ἐν
1178 1224 1302 1281 χώρῳ
1329 1220 1490 1281 ἀνύδρῳ
1526 1224 1642 1277 ἐτύγ-

233 1301 361 1338 χανον
391 1288 710 1341 ξυνειλεγμένοι,
739 1287 917 1338 σπονδὰς
951 1292 1135 1330 τίθενται
1167 1287 1269 1343 πρὸς
1297 1290 1489 1342 Ναρσῆν,
1516 1288 1583 1342 ἐφ’
1606 1281 1640 1344 ᾧ

234 1347 311 1402 τήν
340 1353 416 1402 μὲν
439 1350 591 1392 οἰκείαν
614 1348 742 1400 ἀδεῶς
769 1354 948 1404 νέμοιντο
973 1354 1118 1406 χώραν
1127 1385 1140 1404 ‚
1167 1355 1334 1404 βασιλεῖ’
1350 1353 1395 1393 δὲ
1420 1354 1500 1392 τῶν
1529 1351 1646 1395 ‘Poe-‚

233 1413 368 1464 μαίων
395 1414 579 1468 κατήκοοι
600 1414 785 1457 τολοιπὸν
816 1411 926 1463 ὄντες
958 1417 1187 1457 διατελοῖεν·
1215 1414 1354 1470 ἐπειδὴ
1387 1417 1518 1456 ταῦτα
1542 1416 1638 1470 τῇδε

195 1484 220 1515 Β
234 1477 404 1532 ἐχώρει,
439 1476 576 1520 ἐδόκει,
589 1480 668 1531 μὲν
689 1476 819 1520 ἅπασι
846 1482 973 1534 πέρας
994 1478 1103 1534 ἔχειν
1125 1478 1177 1520 τὰ
1198 1481 1282 1520 τῶν
1316 1480 1360 1520 ἐν
1376 1479 1534 1535 Ἰταλίᾳ
1563 1492 1690 1525 710-20

328 1557 354 1578 ι.
375 1543 463 1581 τούς
477 1554 515 1578 τε
530 1547 566 1578 R.
578 1545 703 1590 Lugd.‚
726 1539 814 1582 τοὺς
829 1545 868 1579 δὲ
885 1546 965 1580 edd.
1058 1558 1090 1580 2.
1109 1545 1293 1580 Tw'uAUoeu
1309 1547 1349 1580 R.
1368 1547 1468 1579 et-sic
1489 1546 1638 1591 ubique.

319 1593 351 1624 6.
371 1592 564 1635 γεγένηται
585 1592 656 1624 Par.
755 1602 804 1624 12.
828 1590 1146 1637 ἀνακαλεσάμενος
1162 1589 1226 1628 τὰς
1249 1591 1371 1624 addidi
1395 1602 1437 1623 ex
1457 1593 1508 1631 R„
1526 1592 1634 1636 Intpr.

322 1639 363 1671 in
386 1649 494 1669 unum
517 1638 588 1670 iam
610 1639 808 1671 contractis
830 1637 1054 1671 exercitibus.
1101 1637 1232 1669 Verum
1256 1642 1337 1669 ante
1363 1635 1528 1682 πόλεμον
1553 1637 1639 1671 arti-

319 1683 441 1715 culum
465 1681 642 1716 desidero.
710 1681 874 1715 πανσυδὶ
891 1683 929 1716 R.
1026 1682 1075 1715 18.
1094 1679 1134 1715 δὲ
1153 1681 1231 1715 add.
1246 1683 1284 1715 R.
1299 1682 1392 1728 (CL).
1488 1692 1536 1726 19.
1555 1683 1635 1716 λοι-

319 1726 396 1762 πὸν
411 1729 447 1759 R.
541 1738 596 1763 20.
616 1727 681 1759 τοῦ
701 1746 742 1752 -
763 1727 938 1772 πολέμων
957 1727 1021 1760 Par

231 1796 368 1823 rursum
384 1782 540 1816 moribus
564 1782 773 1827 legibusque
797 1783 905 1816 fuerit
928 1782 1104 1819 decorata.
1151 1782 1237 1815 Inde
1261 1782 1365 1815 etiam
1388 1783 1549 1826 cognosci
1569 1793 1635 1826 po-

231 1839 312 1872 test,
337 1841 406 1876 quo
429 1833 529 1871 pacto
549 1828 673 1860 Narses
695 1828 884 1861 Eunuchus
903 1829 941 1860 in
965 1829 1100 1861 Italiam
1124 1828 1171 1859 sit
1189 1829 1313 1860 missus
1327 1851 1336 1867 ,
1358 1834 1498 1870 praetor
1516 1829 1633 1872 impe·-

230 1885 396 1921 ratorque
415 1886 435 1906 a
454 1884 534 1918 rege
557 1874 790 1917 constitutus;
817 1874 968 1906 illustria
994 1873 1099 1905 etiam
1121 1872 1236 1912 bella,
1268 1883 1358 1917 quae
1384 1873 1446 1905 iile
1468 1872 1631 1906 adversus

230 1924 385 1959 Totilam
408 1920 583 1963 praeclare
613 1919 779 1952 confecit:
822 1925 931 1963 utque
956 1928 1091 1950 rursum
1120 1923 1211 1961 post·
1231 1918 1333 1950 illum
1362 1918 1465 1950 Teias
1502 1917 1632 1950 Fredi-

231 1970 329 2015 gerni
364 1967 477 2004 filius,
515 1964 711 1997 Gothorum
742 1965 963 2008 praefectura
988 1969 1144 2006 accepta,
1180 1974 1252 1995 non
1276 1963 1488 2007 multofpost
1511 1974 1642 1997 caesusv

229 2015 350 2049 fuerit.
398 2011 494 2043 Haeo
521 2020 604 2042 vero
629 2010 745 2042 omnia
769 2010 812 2042 ad
837 2020 966 2042 annum
991 2019 1103 2053 usque
1130 2013 1266 2040 sextum
1295 2013 1331 2040 et
1349 2009 1555 2052 vigesimum
1575 2020 1631 2042 re-

228 2063 288 2105 gni
311 2056 499 2091 Iustiniani
523 2060 606 2087 sunt
629 2060 736 2098 gesta.
783 2055 833 2088 Ac
852 2055 1038 2098 Procopius
1067 2053 1209 2099 quidem
1232 2054 1270 2086 in
1286 2052 1362 2093 his,
1389 2055 1442 2086 uti
1467 2053 1630 2095 arbitror,

228 2108 335 2139 finem
363 2102 534 2134 historiae
570 2111 653 2133 suae
687 2100 780 2133 facit.
828 2101 899 2144 Ego
922 2110 1003 2132 vero
1027 2099 1083 2132 his
1115 2100 1273 2143 proxima
1300 2103 1336 2130 et
1364 2101 1629 2144 consequentia,

228 2157 270 2185 ut
293 2149 397 2184 initio
422 2145 511 2179 mihi
534 2146 755 2190 propositum
777 2146 858 2186 fuit,
882 2155 1107 2190 persequens,
1131 2155 1185 2177 res
1209 2144 1299 2187 ipsas
1323 2144 1514 2188 aggredior.

381 2193 402 2215 r

321 2253 349 2276 ι,
405 2193 554 2274 Teias
574 2235 768 2269 Gothorum
787 2240 868 2280 post
889 2235 1044 2267 'I'otilam
1061 2233 1152 2274 dux,
1185 2233 1388 2266 instauratis
1415 2234 1526 2278 copiis
1547 2245 1627 2268 cum

227 2288 362 2322 bellum
386 2287 471 2321 totis
489 2283 624 2316 viribus
643 2282 781 2314 Narseti
802 2282 1034 2324 Romanisque
1060 2279 1257 2318 intulisset,
1290 2279 1420 2321 insigni
1448 2280 1546 2312 clade
1568 2291 1627 2314 ac-

229 2339 341 2379 cepta,
365 2333 403 2366 in
421 2332 495 2365 acie
512 2329 686 2372 praelians
710 2327 825 2371 periit.
874 2325 982 2358 Gothi
1011 2326 1071 2369 qui
1091 2329 1282 2362 evaserant,
1308 2325 1470 2356 Romanis
1492 2325 1624 2370 absque

227 2381 301 2412 ulla
322 2376 583 2411 intermissione
604 2371 916 2417 persequentibus,
951 2371 1061 2414 pressi
1086 2369 1233 2402 assiduis
1257 2369 1447 2402 insultibus
1466 2376 1502 2403 et
1519 2371 1623 2403 sicci-

229 2430 302 2458 tate
313 2425 480 2461 locorum,
504 2422 543 2452 in
557 2430 648 2464 quae
662 2429 697 2450 se
717 2421 929 2460 receperant,
953 2418 1047 2458 pacis
1063 2414 1282 2447 conditiones
1297 2425 1374 2446 eum
1387 2415 1530 2448 Narsete
1543 2417 1622 2449 ine-

228 2476 312 2511 unt3
337 2475 378 2502 ut
395 2469 530 2502 scilicet
548 2475 626 2498 suas
641 2464 697 2496 illi
717 2469 825 2496 terras
847 2461 1023 2503 intrepide
1039 2460 1213 2499 habitent,
1237 2460 1379 2503 regique
1390 2461 1622 2493 Romanorum

229 2517 394 2559 deinceps
419 2515 574 2558 pareant.
634 2509 728 2541 Haec
750 2519 828 2540 cum
851 2508 902 2539 ita
925 2507 968 2538 iis
997 2507 1035 2538 in
1061 2506 1150 2539 locis
1177 2505 1378 2546 cessissent,
1409 2505 1621 2542 videbantur

230 2561 394 2594 omnibus
427 2558 523 2591 bella
554 2556 592 2588 in
625 2555 725 2586 Italia
747 2554 853 2586 finem
875 2557 995 2584 nacta:
1032 2562 1110 2583 cum
1127 2550 1243 2594 potius
1266 2550 1448 2593 praeludia
1471 2551 1621 2584 aliorum

227 2606 402 2638 bellorum
420 2606 543 2637 essent.
591 2600 725 2634 Censeo
747 2599 840 2631 enim
863 2607 983 2629 aevum
1005 2595 1072 2629 hoc
1092 2601 1249 2628 nostrum
1269 2606 1448 2640 nunquam
1475 2606 1495 2628 a
1514 2596 1632 2628 bellis.

230 2651 381 2684 liberum
401 2651 574 2687 futurum,
597 2647 705 2680 immo
721 2644 838 2690 potius
857 2647 1029 2687 perpetuo
1053 2641 1218 2676 duratura
1243 2646 1350 2686 atque
1371 2639 1460 2675 adeo
1474 2641 1620 2685 *invali-
