1832 3152
533 117 911 161 ffls'roRmRUM
951 120 1020 159 1v.
1063 118 1127 163 16.
1456 96 1567 169 239

122 217 331 278 αἷμὸτητος
365 220 539 278 ὖφελεΐν
572 221 646 263 καί
679 225 766 270 τοῖς
797 221 1122 275 ἐπιγιγνομένοις
1151 218 1197 263 τὸ
1226 219 1303 261 τοῦ
1326 216 1667 274 φθάσαντοςΑ.Ο.
1684 228 1753 263 556

123 283 279 331 ἄτοπον
299 287 638 341 μετακοσμῆσαι,
678 282 788 328 ὥστε
819 282 966 340 α’μέλει
987 284 1026 328 οῖ
1058 282 1282 340 ἀθέμιστοι
1309 282 1383 326 καί
1406 275 1642 338 ἐναγεῖςῑῑ
1658 277 1703 310 3⁰

123 352 197 396 καί
216 353 509 405 κακοδαίμονες
529 352 602 393 καί
621 347 733 393 ἅπαν
750 346 852 409 ἄλλο
878 347 988 404 ἄξιοι
1010 350 1175 394 ἀκούειν
1199 347 1236 404 δ’,
1260 366 1304 392 τι
1323 344 1376 391 ἄν
1398 364 1464 399 τις
1491 347 1610 390 ati-B

122 417 220 469 τοὺς
240 418 422 472 νεμεσῶν
456 417 708 459 ἆποκαλέσοι
721 450 734 470 ,
773 417 1072 474 παρωσάμενοι
1090 418 1164 459 καί
1186 415 1499 470 ἐμπατὴσαντες
1516 411 1572 456 τὰ

96 482 240 530 5κοινοὶ
261 485 344 527 τῶν
371 482 565 526 ἁπάντων
589 479 823 540 ἀνθρώπων
843 482 1004 537 νόμιμα
1018 517 1030 536 ,
1069 481 1165 533 τοὺς
1193 483 1389 539 πρέσβεις
1412 477 1571 537 ἀθρόον

121 552 391 603 ἀπέκτειναν,
442 547 515 591 καὶ
544 551 679 591 ταῦτα
712 545 940 603 Ἀψιλίους
965 564 1012 604 γε
1045 543 1168 607 ὄντας
1197 547 1466 602 ὄμοδιαίτους
1500 548 1575 588 καί

119 617 446 672 ἄγχιτέρμονας,
476 614 550 658 καὶ
572 610 632 657 ὦν
651 617 730 669 μὲν
754 613 981 658 ἐπεκάλουν
1002 616 1153 658 ἐκεῖνοι
1195 612 1420 667 Ῥωμαίοις
1438 628 1483 654 τε
1502 611 1576 654 καὶ

119 681 348 740 Συτηρίχῳ
377 678 591 723 οὐπώποτε
619 679 942 737 μετειληχὸτας,
984 682 1229 738 παραίνεσιν
1271 680 1318 720 δὲ
1352 676 1500 735 φιλίαν
1529 679 1573 727 ἐς

119 745 175 789 τὰ
193 754 387 791 συνοῖσον
414 743 597 803 ἄγουσαν
623 748 672 790 οὔ
698 745 773 799 ξῦν
788 745 1044 803 χαλεπότητι
1067 743 1409 802 ἀπαγγείλαντας.

71 825 121 853 10
231 813 296 864 ις’.
355 811 501 865 Οὕτως
526 808 610 870 ἄρα
635 815 681 855 ἐκ
710 818 944 870 παρανοίας
968 812 1015 855 τὸ
1043 812 1244 869 πρότερον
1289 812 1362 853 καί
1394 810 1573 853 ἀνοσίων

121 877 254 936 ἔργων
279 875 518 935 ἇρξάμενοι,
538 882 624 932 τῶν
646 879 786 921 αὐτῶν
811 876 975 933 εἴχοντο
998 876 1225 927 διαπαντὸς
1248 874 1572 933 ἐγχειρημάτων,

121 939 152 1000 ἢ
179 943 254 987 καὶ
280 947 421 1003 πολλῷ
446 945 751 1002 ἅνοσιωτέρων.
785 947 858 987 καί
882 943 959 1001 γὰρ
989 945 1248 1000 ἐγνωσμένον
1283 939 1426 991 αὖτοῖς
1450 939 1508 991 ὥς
1531 939 1572 983 οἱ

119 1011 294 1073 Πέρσαι
313 1006 504 1061 ἀπιόντες
527 1006 710 1069 ᾤχοντο,
745 1010 820 1052 καί
853 1008 959 1053 κατά
986 1009 1033 1052 τὸ
1064 1012 1327 1065 ξυγκείμενον
1356 1008 1430 1050 οὔκ
1465 1009 1571 1050 ἐπα-

118 1074 345 1130 μύνουσιν,
373 1075 501 1131 ἀλλά,
535 1080 586 1135 τῇ
613 1079 698 1119 τῶν
721 1076 857 1119 τόπων
883 1078 1103 1135 δυσχωρία
1123 1073 1388 1127 πεποιθότες,
1424 1076 1496 1116 καί
1516 1078 1588 1133 τῷ.

72 1135 270 1184 ιόοὗποτε
294 1142 553 1198 δυνήσεσθαι
575 1141 676 1193 τούς
708 1142 953 1195 “Ρωμαίους
972 1139 1338 1198 παρα,ιιει’ψασθαι’
1358 1156 1404 1182 τε
1438 1141 1602 1198 aziz-vij

120 1206 196 1249 καί
210 1206 550 1264 ὑπερβαλέσθαι,
589 1207 628 1250 οἱ
662 1209 709 1252 δὲ
741 1206 802 1250 τὰ
822 1205 1031 1264 δεινότερα
1063 1206 1264 1264 ἔδρασαν.
1303 1205 1393 1248 ἔστι
1423 1205 1501 1263 γάρ
1533 1224 1577 1249 τι

121 1266 223 1330 ὅρος
244 1277 579 1330 προβεβλημένον
604 1276 677 1330 τῆς
708 1274 874 1329 χώρας,
904 1271 1008 1316 alm>
1028 1274 1108 1326 μὲν
1132 1273 1184 1314 οὔ
1210 1271 1327 1327 λίαν,
1359 1268 1460 1314 οὐδὲ
1483 1273 1578 1315 ἐπι-

120 1341 229 1393 μέγα
255 1334 459 1395 ἠρμένον,
499 1334 669 1390 ἄναντες
699 1340 747 1381 δὲ
779 1337 948 1395 σφόδρα
983 1341 1058 1381 καί
1089 1332 1259 1395 ὄρθιον,
1301 1339 1376 1380 καί
1402 1337 1577 1395 πέτραις

122 1399 351 1458 οἷποτόμοις
371 1402 629 1462 ἑκατέρωθεν
649 1406 984 1458 πεπυκνωμένον·
1020 1407 1202 1460 βραχεῖα
1235 1405 1283 1446 δὲ
1309 1402 1407 1453 ὃδὸς
1431 1405 1478 1447 ἐν
1498 1405 1576 1457 μέ-

68 1484 183 1526 nouat
207 1471 282 1512 καί
299 1468 473 1526 οἶτριβὴς
493 1468 800 1527 ὑποφαίνεται,
829 1472 903 1513 καί
929 1469 1053 1513 ὁποία
1083 1470 1192 1525 μηδὲ
1216 1466 1280 1512 ὲνί
1306 1465 1430 1525 ἇνδρί
1455 1465 1578 1511 (ἔδεέ,-

121 1550 268 1594 στερον
282 1538 547 1595 πορευομένῳ
568 1534 676 1592 βατὴ
697 1532 804 1579 εἶναι
827 1534 981 1595 ῥᾳδίως
1007 1537 1080 1578 καί
1102 1532 1387 1592 εὗεπίδρομος,
1416 1534 1474 1585 ὥς
1491 1533 1576 1590 εἴγε

214 1626 248 1650 2.
272 1613 479 1661 ἀθέμιστοι
503 1617 562 1657 R„
587 1615 768 1662 εἷθέμιτοι
801 1616 898 1663 vulg.
1034 1615 1067 1651 5.
1097 1613 1279 1650 ἁπάντων
1307 1626 1377 1648 om.
1402 1615 1442 1650 R.
1534 1615 1570 1648 6.

241 1670 259 1695 ε
282 1666 365 1701 ante
385 1660 577 1707 Ἀψιλίους
599 1665 707 1709 ponit
729 1664 766 1696 R.
912 1675 943 1708 7.
974 1661 1186 1697 ἐπεκάλουν
1218 1664 1256 1695 Β.
1296 1661 1383 1708 (Cl.)
1398 1687 1408 1702 ‚
1428 1659 1574 1694 ἀπεκά-

235 1718 305 1743 ουν
326 1709 422 1755 vulg.
555 1721 590 1755 9.
616 1709 920 1755 ἀπαγγείλαντας
953 1709 1065 1755 Lugd.
1099 1722 1129 1744 2.
1149 1720 1195 1743 m.
1227 1707 1334 1755 (CL),
1380 1708 1573 1753 α’παγγεί-’

212 1755 343 1792 kartes
366 1757 405 1789 R.
432 1761 470 1790 et
491 1756 588 1802 vulg.
668 1768 718 1791 ιο.
746 1757 788 1790 ἐκ
813 1758 1018 1804 παροινίας
1043 1757 1137 1790 coni.
1173 1756 1278 1792 vulo.
1425 1756 1477 1790 15.
1504 1753 1572 1787 οὔ-

211 1811 305 1836 ποτε
318 1803 356 1835 Β.
380 1801 479 1882 301),
504 1803 706 1859 οὐπώποτε
730 1803 823 1848 vulg.
901 1805 951 1838 16.
969 1802 1047 1848 γάρ
1075 1815 1111 1836 τι
1125 1805 1181 1844 Β.,
1207 1804 1272 1835 καί
1294 1814 1330 1836 τι
1345 1800 1472 1847 Lugd.,
1496 1798 1572 1847 γὰρ

211 1850 279 1883 καί
297 1860 335 1883 τι
358 1860 377 1882 e
406 1849 440 1884 d.
535 1861 590 1885 αι.
613 1851 702 1894 βατη
728 1849 829 1883 εἶναι
854 1848 888 1895 (ἶ.
909 1851 968 1891 R„
994 1849 1075 1897 ῥᾳδ.
1101 1848 1169 1884 εἶν.
1192 1852 1224 1893 β.
1244 1849 1341 1894 vulg.

122 1928 334 1963 surditatem
365 1928 619 1969 emendarent,
655 1929 745 1975 quin
776 1928 898 1973 potius
930 1928 1062 1962 nefarii
1100 1932 1138 1961 et
1179 1927 1378 1972 piaculares
1401 1926 1572 1960 fanatici-

122 1985 195 2020 que
226 1974 391 2010 homines
434 1981 472 2010 et
503 1974 656 2022 quodvis
683 1974 785 2008 aliud
811 1976 1032 2016 convitium,
1063 1973 1162 2020 quod
1185 1974 1388 2019 indignatio
1415 1974 1571 2017 cuipiam

123 2027 302 2066 suggerat,
326 2022 452 2056 audire
474 2022 598 2068 digni,
635 2024 771 2056 reiecto
797 2022 1079 2068 proculcatoque
1104 2022 1284 2054 communi
1313 2020 1472 2054 omnium
1499 2020 1571 2053 ho-

120 2067 258 2100 minum
283 2068 361 2101 iure
377 2093 387 2109 ‚
419 2074 576 2102 oratores
603 2069 794 2103 confestim
820 2068 1072 2109 trucidarunt,
1106 2079 1187 2102 cum
1211 2073 1331 2101 tamen
1355 2067 1486 2112 Apsilii
1513 2078 1570 2100 es·

121 2117 223 2155 sent,
247 2113 408 2148 eiusdem
432 2126 512 2149 cum
535 2116 623 2161 ipsis
649 2115 808 2149 instituti
844 2121 881 2149 et
913 2116 1152 2155 contermini,
1189 2115 1326 2160 quique
1353 2125 1497 2154 eorum,
1525 2112 1570 2147 de

121 2160 255 2206 quibus
279 2161 336 2194 issi
361 2161 535 2196 Romanos
559 2163 698 2207 pariter
721 2167 759 2196 et
786 2162 1014 2196 Soterichum
1038 2162 1320 2202 insimulabant,
1355 2162 1570 2206 neutiquam

122 2207 259 2241 conscii
282 2208 518 2254 participesve
542 2208 719 2250 fuissent,
751 2210 902 2242 amicam
926 2214 1066 2243 tantum
1091 2208 1376 2243 admonitionem
1402 2218 1568 2254 quaeque

122 2254 163 2287 in
185 2264 261 2288 rem
282 2255 441 2300 ipsorum
465 2255 587 2289 futura
612 2261 718 2296 esset,
744 2257 832 2289 citra
853 2257 965 2289 ullam
989 2255 1224 2290 acerbitatem
1251 2255 1519 2289 denuntiantes.

218 2303 272 2336 16.
318 2301 374 2335 Ita
395 2302 523 2348 utique
561 2313 581 2335 a
603 2303 750 2336 vesania
784 2303 893 2336 initio
938 2304 1135 2349 impiisque
1169 2303 1272 2336 factis
1307 2302 1399 2343 orsi,
1435 2300 1567 2334 iisdem

118 2353 296 2427 gen-petuo
322 2347 540 2382 facinoribus
558 2348 787 2389 insistebant,
812 2350 920 2383 immo
942 2361 1028 2384 vero
1050 2351 1166 2384 multo
1193 2350 1301 2383 etiam
1324 2347 1566 2382 sceleratiori-

148 2405 199 2428 us.
225 2394 315 2427 Cum
339 2395 437 2428 enim
460 2395 594 2430 scirent
617 2397 737 2429 Persas
761 2396 916 2438 abiisse,
946 2408 1080 2444 neque,
1110 2402 1153 2430 ut
1177 2400 1405 2435 convenerat,
1429 2394 1565 2428 auxilio

118 2446 288 2475 venturos
307 2465 316 2482 ‚
340 2441 502 2475 locorum
526 2447 647 2476 tamen
672 2441 880 2477 difficultate
900 2443 1010 2484 freti,
1035 2448 1074 2477 et
1097 2443 1196 2488 quod
1223 2445 1410 2487 sperarent
1433 2442 1567 2473 Roma-

118 2498 185 2521 nos
207 2499 393 2534 nunquam
419 2499 498 2522 eam
524 2489 738 2522 transituros
762 2494 800 2523 et
827 2495 1068 2535 superaturos,
1098 2489 1277 2522 atrociora
1299 2491 1563 2533 perpetrarunt.

117 2534 182 2568 Est
205 2536 302 2568 enim
322 2545 425 2568 mons
452 2533 598 2580 quidam
622 2535 760 2580 regioni
784 2537 968 2576 obiectus,
1005 2546 1079 2569 non
1113 2534 1262 2580 quidem
1288 2533 1484 2567 admodum
1509 2533 1566 2565 al-

117 2585 200 2623 tus,
223 2592 343 2627 neque
368 2580 475 2615 valde
501 2581 541 2614 in
565 2581 719 2614 sublime
743 2582 920 2623 tendens,
945 2582 1090 2616 acclivis
1104 2587 1224 2615 tamen
1249 2579 1483 2613 vehementer
1507 2584 1565 2612 at-

120 2638 191 2667 que
213 2628 345 2662 arduus
377 2633 415 2661 et
450 2628 652 2672 praeruptis
678 2628 791 2672 petris
815 2627 1012 2676 utrobique
1041 2627 1184 2662 densus.
1233 2627 1275 2660 In
1302 2626 1425 2660 medio
1449 2637 1565 2670 angu-

120 2673 374 2723 ⁸15²*qgnaedam
398 2684 598 2720 parumque
620 2673 708 2707 trita
729 2675 789 2709 via
811 2686 849 2708 se
874 2674 1048 2716 ostendit,
1126 2684 1241 2719 aeque
1262 2683 1310 2706 ne
1326 2673 1391 2706 uni
1415 2671 1564 2718 quidem

119 2723 196 2751 7⁸¹0
220 2719 401 2763 mtrepide
426 2721 529 2757 eunti
552 2719 671 2756 facilis
696 2730 840 2757 accessu
866 2721 915 2757 sit
931 2727 969 2757 et
991 2732 1127 2768 pervia,
1147 2720 1236 2754 adeo
1263 2723 1307 2754 ut
1325 2720 1357 2754 si
1379 2719 1460 2766 quis
1481 2729 1563 2753 ver-
