1794 3112
581 150 959 197 HISTORIARUM
999 155 1053 196 11.
1081 154 1149 199 16.
1310 161 1312 163 ’
1522 154 1599 209 99

159 258 420 298 ἐπιπλεῖστον
446 246 646 309 οἷρθεῖσα,
674 255 923 296 κατέκλυσεν
951 253 1005 296 τοὶ
1021 255 1234 311 παράκτιοι
1251 256 1334 298 τῶν
1357 253 1653 311 οἷκημάτων,Α.
1670 266 1707 299 C.
1730 266 1794 311 554

158 319 232 363 καὶ
253 321 492 374 διέφθειρεν
516 318 662 368 αὐτοῖς
688 319 882 376 χρήμασι
901 321 975 362 καί
994 319 1257 377 ἀνθρώποις·
1289 319 1336 363 τό
1355 336 1401 363 τε
1428 314 1680 375 μέγεθοςῙ·Ῑ·
1697 315 1741 350 23

159 386 236 427 τοῦ
270 385 487 439 βρασμοῦ,
516 386 701 434 ἐξαίσιον
737 381 823 428 οἷον
851 387 1143 440 γεγενημένον,
1171 385 1220 428 τά
1237 420 1250 440 ,
1279 385 1384 428 ἔνθα
1406 385 1480 428 οὐκ
1507 387 1606 440 ἐνῆν

159 449 479 507 ἅναῤῥιχοῖσθαι
507 449 553 493 τὸ
585 450 753 507 ῥόθιον,
782 448 947 493 ἅπαντα
978 450 1126 508 ἔρῥιψε
1156 453 1231 493 καί
1263 454 1501 506 κατέβαλεν.
1557 453 1609 493 ιῖ-

129 515 379 560 §namnam
401 518 447 559 δὲ
470 516 607 572 χύδην
630 514 783 571 σχεδόν
807 534 849 558 τι
872 514 1052 566 ἅπαντες
1067 516 1107 560 οἱ
1129 512 1254 559 ἇστοί
1267 551 1280 570 ,
1301 517 1382 560 εἴτε
1405 519 1450 560 ἐν
1481 517 1610 574 ἱεροῖς

157 581 388 637 ἐτύγχανον
422 580 702 638 πεφευγότες,
731 581 811 624 εἴτε
853 581 927 624 καὶ
947 581 1053 625 οἴκοι
1082 581 1347 635 διαιτώμενοι
1370 616 1383 635 ,
1424 581 1508 625 εἴτε
1539 581 1613 624 καί

160 642 314 690 ἄλλοσέ
338 663 410 689 ποι
432 649 758 703 ξυνειλημμένοι.
788 649 885 701 ἐμοὶ
911 649 1012 702 γοῦν
1036 648 1082 690 ἐκ
1102 650 1177 702 τῆς
1212 643 1491 704 Ἀλεξάνδρου
1523 645 1606 688 ὑπὸ

157 712 232 756 τὸν
255 711 384 756 αὖτὸν
409 713 564 770 χρόνον
598 712 705 755 κατὰ
734 711 782 755 τό
805 712 1039 764 Βυζάντιον
1068 708 1434 770 οἷνακομιζομένῳ,
1463 714 1537 754 καί
1560 714 1606 754 ἑν

160 780 260 836 τῇδε
279 780 329 836 τῇ
348 777 471 836 νήσῳ,
500 775 607 821 οὕτω
633 776 880 834 παρασχὸν,
912 778 978 834 (ἐν
998 777 1200 835 παράπλῳ
1222 777 1302 833 γάρ
1327 780 1501 835 κεῖται,)
1526 787 1640 821 ›ta-C

111 843 363 901 ιοτάραντι,
393 843 558 900 οἰκτρόν
580 859 622 885 τι
647 845 830 900 πέφηνεν
853 845 1020 896 θέαμα,
1048 844 1123 884 καί
1147 842 1292 885 ὁποῖον
1320 843 1395 886 οὐκ
1422 840 1474 885 ἂν
1504 844 1612 884 οἷπο-

158 909 357 965 χρώντως
381 905 622 964 ὗπογράψοι
655 907 677 949 ὁ
699 906 833 962 λόγος.
889 906 1002 950 ἅπαν
1036 911 1115 961 μὲν
1137 906 1217 964 γάρ
1247 905 1293 950 τό
1322 902 1426 950 ἄστυ
1460 905 1613 962 σχεδόν

159 989 242 1015 που
263 974 390 1028 χῶμά
414 990 461 1028 γε
481 970 536 1029 ἦν
559 972 630 1016 ἐπὶ
644 975 753 1028 μέγα
773 973 978 1028 ἠρμένον,
1007 975 1082 1015 καί
1101 975 1215 1015 λίθοι
1243 975 1426 1027 κειζιιενοι
1454 971 1615 1029 σπορά-

162 1040 263 1094 δην,
292 1035 440 1080 κιόνων
459 1054 505 1080 τε
533 1038 675 1095 τρύφη
719 1038 794 1079 καί
820 1037 954 1089 ξύλων
976 1037 1255 1093 κατεαγότων,
1285 1038 1358 1080 καί
1384 1036 1496 1087 κόνις
1514 1042 1616 1079 πολ-

160 1102 212 1160 λὴ
244 1101 428 1160 ὕπερθεν
453 1106 664 1160 φερομένη
689 1106 764 1145 καί
792 1103 1107 1159 ἐπηλυγάζουσα
1141 1102 1214 1146 τὸν
1237 1105 1366 1160 οἷέρα,
1423 1103 1480 1152 ὦς
1507 1106 1616 1159 μηδὲ

113 1169 270 1220 ιόαὖτοί
295 1163 377 1210 πὀυ
410 1167 462 1210 τοὶ
491 1171 575 1212 τῶν
617 1166 847 1226 λεωφόρων
884 1171 1023 1224 χωρία
1051 1168 1206 1226 ῥᾳδίως
1239 1169 1616 1223 διαγινώσκεσθαι,

161 1231 267 1290 πλὴν
318 1231 416 1278 ὅσον
443 1236 689 1291 ὑπονοῆσαι.
747 1231 864 1290 ὀλίγα
901 1236 948 1276 δὲ
980 1230 1084 1276 ἄττα
1141 1233 1335 1287 δωμάτια
1373 1233 1614 1290 εἱστήκεσαν

163 1300 312 1357 ἀπαθῆ
322 1335 335 1354 ,
365 1301 436 1342 καί
453 1302 588 1342 ταῦτα
628 1300 708 1355 ⁰¹37:
739 1296 818 1342 ὅσα
849 1299 1002 1357 τιτάνῳ
1039 1298 1169 1354 τυχὸν
1194 1299 1268 1342 καί
1287 1301 1393 1358 λίθῳ
1418 1299 1491 1341 καί
1509 1299 1614 1341 ταύ-

163 1382 212 1423 τῃ
243 1365 294 1421 δὴ
335 1367 384 1423 τῇ
419 1367 750 1422 στερεμνιωτέρᾳ
786 1363 859 1406 καὶ
887 1368 1048 1418 μᾶλλον
1078 1368 1244 1423 μονᾴιῳ
1278 1365 1384 1407 κατά
1418 1363 1466 1406 τὸ
1503 1364 1614 1414 εἰκὸς

166 1429 246 1490 ὅλῃ
271 1433 529 1487 ἐξείργαστο,
570 1428 678 1484 μόνα
708 1432 754 1472 δὲ
782 1428 835 1471 τά
869 1431 914 1472 ἐκ
944 1430 1121 1472 πλίνθου
1147 1430 1344 1486 ἀπέφθου
1371 1429 1444 1472 καί
1479 1433 1614 1486 πηλοῦ

263 1510 301 1543 5.
327 1507 367 1542 δὲ
388 1520 458 1541 οιιι.
478 1510 519 1544 R.
614 1519 647 1552 7.
668 1506 807 1540 ἄλλοσέ
823 1517 893 1540 ποι
917 1508 954 1539 R.
970 1511 1009 1540 et
1022 1507 1133 1552 Lugd.
1153 1520 1182 1541 2.
1202 1519 1263 1547 m.,
1284 1507 1424 1542 ἄλλοσέ
1443 1519 1493 1550 πη
1521 1509 1615 1555 vulg.

261 1558 294 1591 8.
305 1554 450 1600 χρόνον
470 1566 538 1587 om.
558 1555 632 1587 Par.
707 1566 756 1587 ιι.
774 1546 814 1586 τό
837 1552 931 1586 ἄστυ
955 1562 1015 1598 σχ.
1034 1566 1072 1587 π.
1087 1556 1125 1589 R.
1140 1579 1149 1594 ,
1176 1563 1233 1598 σχ.
1250 1565 1292 1592 π.
1305 1567 1334 1588 τ.
1349 1554 1382 1588 ἄ.
1397 1556 1490 1600 vulg.
1565 1557 1616 1600 ¹4·

260 1601 356 1648 μηδὲ
378 1602 429 1642 R„
447 1602 558 1646 Intpr.
583 1612 627 1635 ne
651 1600 726 1641 vel,
743 1598 864 1646 μηδὲν
883 1601 978 1645 vulg.
1051 1599 1149 1634 16.δὲ
1170 1599 1251 1634 add.
1270 1603 1310 1638 R.
1336 1607 1372 1634 et
1386 1602 1496 1647 Lugd.
1514 1613 1617 1642 2.m.,

263 1647 366 1681 deest
378 1648 475 1692 vulg.
574 1659 625 1691 ¹9·
647 1645 829 1691 ἀπέφθου
848 1646 961 1679 habet
981 1648 1018 1679 R.
1042 1658 1122 1679 cum
1139 1648 1247 1692 vulg„
1273 1659 1391 1693 neque
1414 1649 1454 1682 id
1479 1654 1616 1682 mutare

261 1705 367 1728 ausus
389 1705 488 1735 sum,
512 1693 580 1726 etsi
599 1694 658 1726 vix
678 1692 807 1726 dubito
828 1692 1101 1726 rescribendum
1118 1704 1194 1726 esse
1214 1694 1410 1739 α’νέφθους
1437 1707 1546 1740 quum
1568 1696 1616 1728 il-

260 1741 326 1774 lud
361 1740 516 1774 alterum
550 1739 590 1772 id
625 1739 723 1784 quod
747 1738 934 1774 decoctum
958 1745 1012 1772 est
1041 1740 1238 1784 significet,
1276 1740 1426 1774 crudum
1453 1742 1616 1778 minime.

262 1789 354 1824 Ταῖς
377 1785 700 1824 ὄπταῖςπλίνθοις
729 1791 964 1831 opponuntur
996 1784 1107 1831 ω’μαὶ,
1138 1786 1237 1831 quod
1262 1788 1478 1821 vocabulum
1500 1800 1611 1833 quum

257 1835 382 1868 nescio
408 1845 478 1880 qua
501 1835 643 1867 ratione
673 1838 792 1866 motus
815 1843 951 1877 ponere
965 1833 1082 1866 nollet
1095 1832 1280 1877 Agathias‚
1304 1833 1474 1869 ἅνοπτον
1494 1842 1615 1868 autem

260 1892 336 1915 rem
369 1881 478 1925 plane
513 1880 690 1913 diversam
715 1879 955 1924 significaret,
1000 1880 1229 1917 occurrebat,
1267 1878 1309 1914 τὰ
1345 1879 1452 1926 ω’μὸν
1483 1881 1614 1915 itidem

260 1928 482 1962 contrarium
517 1938 594 1960 esse
629 1925 678 1970 τῷ
718 1925 840 1972 ἑφθῷ.
889 1925 1016 1972 Neque
1053 1937 1117 1971 ego
1141 1928 1284 1960 nescius
1311 1939 1413 1969 sum,
1437 1922 1615 1973 ἀνεφθόν
1647 1964 1651 1967 ,

257 1986 334 2008 non
374 1974 526 2019 reperiri
557 1975 596 2006 in
615 1973 742 2006 lexicis
795 1973 1020 2007 lossariisve:
1056 1972 1126 2007 hoc
1159 1978 1281 2007 tamen
1311 1975 1430 2007 minus
1468 1985 1615 2007 moveor

256 2022 298 2054 in
321 2020 495 2066 Agathia:
531 2019 626 2053 illud
664 2025 764 2053 atten
793 2031 826 2059 o,
862 2018 1054 2061 ἄπεπτον,
1081 2020 1180 2065 quod
1203 2032 1316 2053 unum
1342 2021 1614 2054 rescribendum

258 2072 420 2108 restaret,
443 2067 616 2100 remotius
641 2077 662 2099 a
681 2067 824 2112 vulgata
847 2067 1005 2100 lectione
1024 2077 1113 2108 esse,
1132 2068 1326 2112 minusque
1355 2074 1490 2113 aptum.

168 2135 260 2170 tales
282 2136 447 2182 proluvie
471 2135 606 2176 obruit,
631 2146 778 2181 unaque
802 2146 883 2168 cum
906 2135 1196 2179 possessionibus
1221 2135 1504 2182 hominibusque
1524 2137 1613 2181 ipsis

171 2182 408 2228 disperdidit„
445 2182 692 2216 Succussionis
728 2182 836 2215 etiam
867 2181 1076 2226 magnitudo
1114 2183 1269 2216 immane
1299 2188 1474 2228 quantum
1508 2184 1613 2226 facta,

170 2228 236 2262 uhi
259 2229 395 2274 fragosa
417 2229 483 2262 illa
507 2230 560 2262 vis
586 2234 703 2262 terrae
731 2229 868 2261 inclusa
893 2239 958 2272 per
985 2228 1169 2273 superiora
1194 2240 1382 2274 erumpere
1406 2241 1481 2263 non
1505 2236 1612 2275 pote-

169 2279 247 2315 rat,
280 2276 400 2309 omnia
435 2275 631 2320 proruebat
663 2286 705 2308 ac
744 2275 1006 2319 prosternebat.
1064 2275 1253 2310 Perierunt
1286 2287 1370 2310 vero
1408 2277 1612 2320 promiscue

169 2332 294 2355 omnes
310 2322 569 2367 propemodum
594 2321 782 2366 oppidani,
807 2323 881 2354 sive
905 2321 950 2354 ad
970 2322 1105 2365 templa
1131 2323 1389 2368 confugerent,
1416 2325 1491 2358 sive
1514 2323 1613 2356 domi

169 2379 208 2401 se
235 2369 481 2409 continerent,
518 2369 592 2401 sive
626 2369 736 2401 alium
773 2368 932 2414 aliquem
960 2368 999 2400 in
1031 2368 1150 2403 locum
1193 2370 1454 2404 convenissent.
1517 2370 1613 2403 Mihi

170 2420 267 2448 certe
291 2414 358 2447 sub
382 2413 479 2447 idem
500 2420 642 2460 tempus
671 2414 890 2448 Alexandria
916 2415 1127 2457 Byzantium
1154 2418 1375 2457 revertenti,
1409 2421 1447 2449 et
1470 2417 1508 2449 in
1534 2428 1613 2449 eam

169 2461 336 2500 insulam,
363 2462 548 2498 occasione
576 2463 627 2494 ita
653 2461 804 2502 ferente,
828 2461 882 2506 (in
903 2462 1056 2494 traiectu
1076 2464 1173 2495 enim
1195 2465 1264 2496 sita
1283 2463 1364 2508 est,)
1381 2463 1513 2503 delato,
1541 2465 1612 2496 mi-

170 2508 326 2541 serabile
351 2506 532 2552 quoddam
560 2508 804 2552 spectaculum
831 2507 920 2548 fuit,
953 2506 1124 2554 quodque
1150 2512 1237 2543 satis
1264 2510 1383 2543 verbis
1410 2511 1612 2553 exprimere

169 2566 245 2587 non
268 2555 412 2599 possim.
461 2554 672 2587 Universum
697 2556 794 2588 enim
812 2555 1072 2599 propemodum
1111 2555 1286 2601 oppidum
1310 2556 1469 2589 tumulus
1495 2562 1613 2589 terrae

171 2606 250 2634 erat
273 2602 311 2633 in
337 2601 484 2645 longum
510 2606 693 2644 porrectus
708 2625 717 2641 ‚
743 2606 780 2634 et
803 2612 888 2634 saxa
916 2601 1065 2646 sparsim
1089 2602 1269 2643 iacentia,
1304 2608 1341 2635 et
1366 2602 1613 2636 columnarum

170 2647 427 2693 tignorumque
451 2651 638 2690 ruptorum
662 2647 870 2692 fragmenta,
895 2653 932 2680 et
951 2648 1108 2692 pulveris
1133 2654 1235 2681 tanta
1257 2649 1310 2681 vis
1337 2659 1492 2693 superne
1514 2649 1612 2682 fere-

170 2693 280 2727 batur
322 2697 442 2727 aerem
484 2692 701 2733 obscurans,
742 2699 784 2726 ut
817 2705 886 2727 nec
925 2694 1024 2738 ipsae
1062 2695 1264 2739 platearum
1307 2695 1471 2739 regiones
1506 2695 1613 2728 facile

174 2741 319 2785 agnosci
341 2744 512 2787 possent:
538 2744 696 2773 ceterum
713 2745 887 2786 quantum
902 2742 1044 2788 percipi
1068 2746 1227 2787 poterat,
1252 2742 1426 2787 pauculae
1439 2742 1615 2788 quaedam
