1832 3152
289 125 322 178 3
335 143 352 177 1
365 144 397 177 o
855 137 1127 180 AGATfflAE

106 240 198 274 ΔΛΕ.
221 241 384 282 558ἆλλ’
408 242 453 281 ἐκ
478 240 560 280 τῶν
587 235 802 291 ταγμάτων
833 239 997 280 ἐκείνων
1007 271 1019 290 ,
1063 240 1106 280 οἳ
1129 239 1171 286 ἐς
1196 235 1242 278 τὸ
1270 236 1525 290 διημερεύειν
1554 249 1598 275 τε
1627 234 1699 275 καὶ

155 286 273 321 L1‘32
290 301 620 356 διανυκτερεύειν
659 302 703 342 ἐν
737 303 786 357 τῇ
817 301 921 357 αὗλῇ
947 299 1230 356 οἷπεκέκριντο,
1275 297 1345 348 οὓς
1371 298 1418 354 δν)
1452 295 1698 352 σχολαρίους

289 368 577 408 ἀποκαλοῦσιν.
607 360 723 406 οὗτοι
741 366 790 406 δὲ
814 360 1065 419 στρατιῶται
1096 366 1174 416 μὲν
1194 360 1473 415 ὀνομάζονται,
1498 360 1568 402 καί
1586 361 1699 414 ἐγγε-

249 445 274 478 c
287 429 498 486 γράφαται
520 434 606 478 τοῖς
621 430 703 470 τῶν
722 428 953 482 καταλόγων
970 426 1158 480 βιβλίοις·
1192 429 1275 468 εἶσὶ
1296 429 1340 468 δὲ
1363 425 1400 468 οἷ
1418 422 1562 467 πολλοὶ
1583 424 1699 464 οἷστι-

287 495 357 536 κοί
383 509 427 535 τε
449 495 521 534 καί
550 492 872 548 φαιδροειζιιονες,
902 490 974 532 καὶ
996 491 1136 543 μόνον,
1168 487 1293 542 οἶμαι,
1323 485 1441 544 ὄγκου
1473 496 1551 534 τοῦ
1574 494 1721 547 βασι-5

287 558 399 600 λείου
432 559 549 599 ἕνεκα
583 555 655 598 καὶ
678 559 749 610 τῆς
775 558 819 598 ἒν
845 562 934 605 ταῖς
956 554 1148 610 προόὸοις
1167 557 1447 608 μεγαλαυχίας
1478 557 1698 612 ἐξευρημέ-

287 639 361 665 νοι.
390 621 460 663 καί
480 620 526 663 τὸ
549 623 625 674 μὲν
649 619 826 662 παλαιὸν
849 616 923 660 οὗκ
951 614 1100 667 ἄλλους
1113 618 1228 666 τινας
1243 619 1288 660 ἐν
1306 620 1443 660 roccos
1459 618 1627 672 θεμιτὸν
1647 615 1698 674 ἦν

288 686 643 737 κατατάττεσθαι,
693 681 720 739 ἢ
748 683 846 733 τούς
883 685 1126 738 αὐτουργεῖν
1157 680 1208 724 τὰ
1232 684 1406 735 πολέμια
1435 683 1700 738 ἠσκημένους.

284 750 356 791 καί
383 751 520 791 τοίνυν
554 749 652 790 οὐδὲ
699 747 895 802 χρήματα
937 749 1094 801 εἰσῆγον
1130 748 1198 801 ἐφ’
1240 740 1273 804 ᾧ
1310 746 1700 801 ἑνστρατεΰσασθαι,

284 812 387 856 ἄλλα
419 811 695 867 χαριστηρίαν
721 813 932 867 διαφανῶς
963 813 1036 852 καί
1058 810 1230 864 ἀζήμιον
1257 811 1444 864 ἐδέχοντο
1467 809 1541 865 τὴν
1561 808 1751 864 τιμὴν,ιο

284 876 356 919 ἅτε
377 876 425 931 δὴ
448 872 554 926 ἄξιοι
587 878 632 918 ἐκ
661 877 743 917 τῶν
776 877 1141 930 προηγωνισμένων
1166 871 1492 927 ἅναδειχθέντες.
1553 873 1700 928 Ζήνων

285 942 331 983 δὲ
357 940 549 996 φαίνεται
575 942 732 994 πρῶτος
759 938 781 980 ὅ
804 936 994 994 Ἴσαυρος
1022 940 1123 993 μετὰ
1155 938 1230 994 τὴν
1265 941 1337 993 τῆς
1363 939 1574 992 βασιλείας
1601 937 1701 980 ἄνᾶ-

283 1020 422 1059 κτησιν
460 1003 634 1052 πολλοὺς
673 1005 773 1045 τῶν.
802 1001 1023 1059 ὁμοφύλων
1046 1005 1183 1045 τοῖσδε
1219 1009 1305 1052 τοῖς
1338 1003 1540 1058 τάγμασιν
1563 1004 1702 1057 ἐναρι-

1451 1063 1471 1079 ἱὶ
1496 1063 1516 1080 (²1

286 1067 464 1121 θμήσας,
491 1065 636 1122 ἥκιστα
654 1069 732 1119 μὲν
755 1069 800 1109 ἐν
821 1072 1072 1120 συμπλοκαῖς
1094 1064 1418 1123 ἀριστεύσαντας
1442 1084 1469 1121 η
1495 1071 1598 1115 ολως
1627 1067 1703 1118 ἒμ-

243 1142 273 1173 Ι)
287 1131 451 1185 πείρους
471 1132 768 1185 γεγενημένους,
797 1126 929 1180 ἄλλως
956 1133 1002 1172 δέ
1024 1148 1109 1180 πως
1130 1130 1360 1186 γνωριζιιους
1385 1127 1497 1188 αῧτῷ
1515 1129 1588 1174 καὶ
1608 1131 1754 1180 §vv-⁸5

284 1196 412 1248 ήθεις.
441 1191 530 1235 εἶτα
554 1196 747 1244 δοθέντος
769 1197 813 1236 ἐν
842 1196 899 1251 τῷ
926 1193 1020 1236 τότε
1049 1197 1120 1240 καί
1152 1196 1479 1250 παρειλημμένου
1505 1194 1578 1236 τοῦ
1602 1195 1702 1242 ἑξεῖ-

284 1274 353 1300 ναι
375 1259 424 1299 οὗ
446 1257 570 1310 μόνον
593 1254 690 1299 ἀντὶ
723 1257 895 1311 μόχθων
926 1274 971 1300 τε
998 1260 1070 1300 καί
1101 1256 1268 1312 ἆγεόνων
1299 1258 1370 1300 καὶ
1392 1259 1464 1313 τῆς
1483 1258 1527 1299 ἒν
1547 1256 1703 1310 μάχαις

285 1319 442 1376 ἀρετῆς,
471 1319 526 1369 ὥς
558 1323 603 1362 ἐν
632 1323 809 1375 ἀμοιβῆς
840 1322 976 1380 τρόπῳ
1000 1322 1070 1364 καί
1094 1325 1222 1378 γέρως
1242 1324 1583 1376 ἐγκαταλέγεσθαι
1610 1319 1703 1368 τοὺς

288 1382 452 1437 ἀξίους,
502 1383 607 1426 ἀλλὰ
647 1384 720 1426 καί
753 1383 850 1434 τούς
887 1385 1142 1428 παντάπασιν
1176 1384 1404 1438 ἀπολέμους
1436 1387 1518 1428 τῶν
1547 1383 1702 1437 ὅμοίων

289 1447 613 1502 μεταλαγχάνειν
654 1448 702 1489 οὗ
744 1448 842 1503 πρὸς
884 1450 1028 1503 ἀξίαν,
1076 1447 1189 1492 ἆλλά-
1210 1449 1311 1506 πρὸς
1330 1451 1469 1506 χάριν·
1510 1450 1754 1496 δοθέντοςτο

291 1510 340 1565 δὴ
366 1507 436 1553 οὖν
455 1510 600 1553 τούτου
621 1511 695 1567 τήν
713 1512 859 1569 α’ρχὴν,
887 1515 1098 1570 παρῆλθεν
1123 1514 1286 1563 εἰκότως
1305 1515 1362 1563 εἷς
1382 1515 1508 1567 μέσον
1532 1515 1576 1564 ἐξ
1599 1513 1703 1553 ἑκεί-

386 1622 413 1644 1.
440 1611 506 1645 Pro
537 1609 576 1643 οἳ
601 1610 638 1645 R.
656 1610 739 1644 τῶν.
854 1623 889 1648 2.
911 1611 1083 1659 ἀπεκέκρ.
1106 1614 1165 1652 R„
1191 1613 1301 1646 ᾶποκ.
1335 1613 1426 1658 vulg.
1576 1602 1618 1652 cr»)
1639 1612 1676 1643 R.
1692 1635 1703 1650 ,

382 1654 422 1688 δὲ
446 1655 536 1699 vulg.
643 1655 674 1698 4.
700 1656 737 1690 ol
760 1667 829 1691 om.
852 1659 892 1691 R.
994 1659 1025 1691 6.
1049 1659 1316 1704 μεγαλαυχίαις
1338 1659 1375 1691 R.
1409 1662 1445 1692 et
1466 1656 1574 1702 Lugd.
1604 1668 1630 1692 1.
1656 1667 1703 1688 m.

382 1712 414 1746 7.
439 1700 510 1746 μὲν
539 1711 605 1734 om.
630 1703 669 1735 R.
811 1714 844 1747 9.
874 1702 1053 1749 χρώματα
1079 1706 1119 1740 R.
1205 1717 1257 1742 ια.
1284 1706 1462 1750 φαίνηται
1486 1701 1568 1739 edd.
1637 1702 1702 1735 Pro

382 1743 476 1791 μετὰ
507 1747 579 1781 Par.
604 1740 709 1780 κατὰ.

292 1845 431 1881 bellicis
452 1845 648 1884 exercitati,
662 1843 724 1877 sed
744 1855 788 1878 ex
807 1845 878 1878 illis
897 1846 1111 1890 legionibus,
1125 1856 1216 1891 quae
1235 1845 1279 1878 ad
1297 1844 1365 1878 hoc
1388 1849 1471 1878 sunt
1489 1843 1698 1885 destinatae,

292 1896 334 1924 ut
355 1890 512 1923 interdiu
536 1896 572 1923 et
588 1895 695 1922 noctu
716 1891 754 1923 in
781 1891 862 1923 aula
880 1898 1082 1933 versentur3
1108 1902 1194 1935 quos
1214 1891 1403 1923 scholarios
1418 1890 1607 1934 appellant.
1655 1890 1699 1924 Hi

292 1947 374 1968 vero
399 1936 530 1968 milites
562 1935 707 1979 quidem
743 1941 933 1976 vocantur,
967 1943 1003 1970 et
1035 1939 1074 1970 in
1099 1937 1256 1980 catalogo
1299 1935 1594 1978 stipendiatorum
1621 1946 1704 1967 cen-¹

294 1987 434 2024 sentur-3
465 1985 549 2014 sunt
572 1986 688 2014 autem
712 1981 873 2026 plerique
898 1993 1018 2015 eorum
1042 1982 1170 2015 urbani
1206 1987 1243 2014 et
1266 1980 1451 2024 splendide
1474 1980 1618 2020 vestiti,
1639 1981 1704 2021 sed

294 2032 432 2060 tantum
457 2025 638 2071 augendae
673 2026 857 2071 dignitatis
891 2029 1006 2072 regiae
1040 2039 1143 2061 causa
1168 2032 1205 2060 et
1230 2027 1528 2070 magnificentiae,
1587 2027 1704 2059 uoties

321 2071 456 2105 rodiret
487 2073 526 2104 in
550 2072 744 2115 publicum.
801 2073 916 2118 Atque
951 2075 1037 2108 olim
1061 2073 1205 2118 quidem
1239 2084 1311 2104 non
1351 2073 1437 2104 alios
1470 2037 1641 2116 quosdam
1664 2072 1703 2105 in

293 2083 394 2149 llunc
419 2117 581 2150 ordinem
605 2117 798 2151 adsciscere
828 2119 972 2160 licebat,
996 2130 1102 2164 quam
1125 2120 1187 2163 qui
1210 2117 1401 2150 tractandis
1425 2117 1531 2150 rebus
1562 2117 1704 2151 bellicis

297 2167 400 2194 erant
424 2163 628 2202 exercitati,
653 2163 807 2208 ideoque
830 2176 946 2210 neque
971 2165 1158 2208 pecuniam
1185 2164 1292 2195 ullam
1316 2162 1532 2206 pendebant,
1556 2167 1597 2194 ut
1619 2161 1704 2195 huie

297 2207 415 2239 ordini
448 2208 754 2250 adscriberentur,
797 2210 860 2243 sed
883 2210 988 2254 gratis
1015 2210 1101 2243 citra
1125 2210 1217 2242 ullos
1251 2220 1331 2241 suos
1365 2214 1525 2252 sumptus
1548 2206 1617 2240 hoc
1638 2207 1705 2240 ho·-

296 2263 383 2284 nore
419 2252 662 2294 donabantur,
701 2259 825 2298 utpote
858 2255 956 2299 digni
993 2266 1035 2288 ex
1066 2257 1238 2288 anteactis
1271 2254 1487 2298 proeliorum
1520 2253 1703 2286 laboribus

298 2297 480 2332 declarati.
529 2300 619 2331 Zeno
644 2305 760 2333 autem
785 2302 923 2333 Isaurus
947 2300 1087 2334 videtur
1110 2301 1240 2344 primus
1265 2304 1345 2344 post
1368 2303 1612 2344 recuperatum
1632 2299 1700 2330 im-

296 2344 435 2390 perium
469 2345 599 2377 multos
624 2345 775 2379 tribules
799 2346 896 2380 hisce
921 2346 1121 2391 legionibus
1146 2346 1380 2385 accensuisse,
1414 2355 1563 2389 quorum
1593 2344 1704 2377 virtus

297 2399 524 2432 nequaquam
547 2390 585 2422 in
608 2392 755 2434 proeliis
775 2393 978 2433 emicuerat,
1002 2398 1062 2425 aut
1080 2392 1241 2437 alioquin
1269 2392 1492 2430 exercitatos,
1516 2388 1578 2423 sed
1599 2393 1703 2422 notos

297 2434 367 2466 sibi
403 2446 443 2467 ac
468 2435 668 2468 familiares.
709 2437 831 2471 Postea
856 2449 933 2471 cum
961 2450 1002 2471 eo
1038 2444 1198 2481 tempore
1222 2446 1423 2469 concessum
1454 2439 1703 2478 receptumque

299 2485 391 2511 esset
406 2505 415 2519 ‚
440 2485 480 2512 ut
503 2492 576 2514 non
601 2482 713 2513 solum
737 2494 800 2526 pro
825 2483 1007 2516 laboribus
1033 2489 1068 2516 et
1091 2482 1302 2515 fortitudine
1326 2483 1364 2518 in
1388 2479 1609 2516 conflictibus
1635 2479 1701 2511 de—

299 2525 450 2565 clarata,
473 2526 585 2559 veluti
610 2529 902 2570 compensationis
929 2533 964 2562 et
986 2529 1132 2573 praemii
1156 2528 1261 2560 modo
1287 2530 1552 2560 accenserentur
1581 2523 1703 2568 digni,

299 2570 361 2604 sed
385 2575 421 2602 et
443 2571 518 2611 illi,
549 2573 611 2615 qui
635 2573 738 2616 plane
774 2573 877 2606 rudes
915 2580 1021 2618 atque
1056 2575 1255 2618 inexpertes
1279 2573 1367 2605 belli
1391 2575 1526 2610 essent,
1559 2581 1633 2602 non
1657 2581 1702 2603 ex

298 2617 439 2655 merito,
469 2616 531 2648 sed
555 2617 599 2649 ad
611 2619 773 2662 gratiam:
798 2618 875 2660 hoc,
902 2621 1059 2673 inquam,
1079 2619 1143 2651 ubi
1169 2619 1272 2651 initio
1294 2627 1494 2651 concessum
1512 2616 1592 2655 suit,
1615 2627 1700 2660 pro-

303 2659 371 2700 diit
397 2663 635 2701 verisimiliter
660 2663 789 2698 exinde
813 2665 850 2698 in
871 2666 1028 2702 medium
1052 2665 1158 2701 ctiam
1175 2665 1366 2713 acceptatio
1390 2672 1584 2702 munerum,
1607 2671 1702 2714 qua·
