1832 3152
260 100 368 154 302
494 150 501 154 .
853 115 1128 171 AGATHIAE

79 227 166 262 A.c.
177 225 242 262 558
257 219 420 270 ξυνεχὲς
459 217 527 272 ἐφ’
565 213 738 272 ἑκατέρᾳ
769 216 952 273 θαλάττῃ
989 221 1316 273 προβεβλημένον
1335 234 1346 248 ·
1381 218 1517 267 πόλεις
1545 233 1590 260 τε
1615 217 1685 262 ἔν-

125 274 249 308 Ῑ·Ῑ·32
267 284 388 324 δοθεν
442 280 557 335 αὐτῷ
607 286 938 334 προσπεπηγυῖαι
981 280 1268 335 τυγχάνουσιν,
1301 281 1574 339 Ἀφροδισιάς
1630 297 1675 326 τε

263 348 336 388 καί
364 346 523 399 Θῆσκος
549 343 622 385 καί
647 346 839 399 ΚιῘΒηρις.
895 338 1052 387 τούτων
1079 348 1125 387 δὲ
1153 347 1209 396 ὥς
1237 347 1440 390 ἀπωτάτω
1470 344 1578 403 ἄμφ’
1607 343 1687 389 αὖ-

263 409 334 452 τὸν
361 408 493 463 δήπου
533 406 605 450 τὸν
643 407 834 464 πορθμὸν
862 409 934 450 καί
965 407 1064 459 τούς
1090 414 1336 465 παρακτίους
1371 412 1558 466 ἀγκῶνας
1607 415 1689 466 Ση-

266 473 360 521 στός
396 474 443 526 γέ
478 475 564 514 ἐστι
591 472 709 520 πόλις
737 473 763 527 ἦ
792 473 1061 528 περιλάλητος
1097 476 1147 530 τῇ
1175 477 1335 530 ποιήσει
1362 475 1434 517 καί
1459 475 1711 529 ὀνομάσω-5

221 535 392 591 Βτάτη,
439 538 513 578 οὐκ
549 531 675 578 όῖλλου
705 553 777 578 του
820 539 957 589 ἕνεκα,
997 533 1134 591 οἶμαι,
1172 535 1200 593 ἦ
1227 537 1347 591 μόνον
1373 539 1443 581 ἐπὶ
1467 542 1524 597 τῷ
1549 540 1687 596 λύχνῳ

264 604 337 656 τῆς
363 601 515 656 εΗροῢς
536 600 689 655 ἐκείνης
711 603 782 656 τῆς
806 602 1015 655 Σηστίδος,
1037 603 1108 644 καί
1138 605 1192 659 τῷ
1225 603 1446 659 Λεάνδρου
1477 602 1600 659 ἔρωτι
1620 602 1692 644 καὶ

265 664 445 723 θανάτῳ.
504 665 553 706 οὔ
593 663 738 721 πόρῥω
775 667 820 706 δὲ
861 663 987 721 αὐτῆς
1024 666 1097 707 καί
1121 666 1258 722 ἕτερόν
1284 668 1692 722 τικεΐταιπολίχνι-

271 747 340 782 ον,
369 730 586 783 ἐλάχιστον
625 732 703 782 μὲν
729 733 803 771 καί
827 731 1027 783 α’καλλὲς,
1056 730 1126 772 καί
1136 733 1270 774 ,οῦδὲν
1299 732 1440 774 ὁτιοῦν
1467 734 1693 788 ἐπέραστον

265 793 365 848 ἔχον
379 827 391 846 ,
428 793 682 842 Καλλίπολις
712 796 756 836 δὲ
786 791 897 846 ὅμως
924 795 1275 849 ἐπονομαζόμενον
1291 813 1303 825 ·
1342 796 1417 846 τάς
1442 813 1487 851 γε
1513 795 1597 851 μην
1621 809 1746 838 πε-ιο

267 859 468 914 ριοικίδας
507 861 731 911 κοσμοῦσιν
772 859 898 914 ἀγροί
925 875 969 901 τε
1008 859 1080 902 καὶ
1114 860 1272 902 ἐπίνεια
1299 860 1374 902 καί
1399 863 1578 916 δένδρων
1605 877 1695 902 ποι-

270 921 395 964 κίλων
430 921 557 975 ἐσμὸς
597 925 668 965 καί
695 923 878 979 ῥείθρων
903 927 1116 977 ποτιζιιων,
1142 927 1194 979 γῆ
1220 941 1263 967 τε
1291 923 1467 981 εὖαρδὴς
1496 921 1599 979 ἄγαν
1625 927 1697 967 καί

265 987 502 1041 κάρπιμος,
543 983 620 1029 κάν
657 993 744 1036 τοῖς
783 988 1019 1042 ἀναγκαίοις
1059 988 1344 1044 διαρκεστάτη.
1399 991 1582 1031 τοσαῦτα
1610 984 1695 1045 ἄρα

268 1053 502 1103 πολίσματα
529 1050 601 1092 καί
635 1051 780 1107 χώραν
816 1052 872 1101 ὥς
919 1053 1112 1108 πλείστην
1141 1052 1260 1112 ἔνδον
1286 1053 1619 1106 ἑναπολαμβάνει
1646 1053 1692 1095 τὸ

269 1112 431 1170 ἔρυμα,
461 1116 517 1164 ὥς
542 1114 600 1170 μὴ
631 1118 841 1168 πολεμίοις
869 1113 1051 1172 εὖέφοδα
1079 1114 1196 1159 εἶναι.
1250 1116 1338 1159 τότε
1377 1116 1426 1172 δὴ
1457 1113 1533 1159 οὖν
1562 1116 1584 1160 ὃ
1609 1119 1750 1160 Zac-15

270 1179 422 1235 βεργὰν
450 1179 734 1233 εὐωχούμενος
759 1182 841 1222 τῶν
867 1181 1069 1234 ἐλπίδων,
1099 1183 1291 1223 διενοεῖτο
1320 1183 1416 1222 καθ’
1455 1179 1611 1234 αὑτὸν,
1641 1180 1698 1229 ὥς

156 1248 190 1283 Ρ.
201 1244 357 1299 156εἴγε
384 1242 430 1286 τό
459 1250 594 1298 τεῖχος
622 1245 805 1299 καθέλοι,
834 1245 906 1286 καί
930 1251 1012 1294 τοῖς
1039 1243 1157 1288 ἔνδον
1195 1245 1383 1299 ὁμιλήσει
1408 1244 1602 1300 χωρίοις,
1626 1246 1701 1286 δυ-
1723 1274 1741 1281 x

277 1309 444 1365 νήσεται
482 1311 636 1350 θᾶττον
674 1308 749 1350 καί
781 1311 852 1364 τῆς
877 1309 1086 1365 θαλάττης
1113 1313 1330 1364 κρατῆσαι·
1360 1310 1551 1366 ἐντεῦθέν
1576 1325 1621 1350 τε
1645 1309 1703 1351 αἰ-

279 1372 508 1429 νειροπόλει
535 1374 643 1427 νηῶν
684 1373 798 1430 αὐτῷ
836 1377 1097 1430 παρέσεσθαι
1121 1377 1300 1430 πλῆθος,
1342 1375 1413 1416 καί
1456 1370 1521 1416 ὅτι
1560 1374 1704 1430 διαβή-

275 1453 395 1484 σεται
417 1435 522 1478 κατὰ
541 1436 614 1492 τὴν
636 1436 796 1490 Ἀσίαν,
819 1437 888 1480 τὸν
905 1438 1058 1492 μεταξὺ
1087 1437 1213 1496 πόρον
1239 1437 1484 1493 στενώτατον
1507 1432 1603 1480 ὄντα
1630 1437 1753 1480 καὶαο

370 1543 402 1566 2.
426 1535 750 1577 προσπεπηγεῖται
773 1532 813 1564 R.
921 1531 1171 1579 Ἀφροδισιάς
1201 1533 1239 1566 R.
1259 1536 1295 1565 et
1323 1532 1432 1576 Intpr.
1465 1530 1528 1577 (cf.
1556 1531 1704 1576 Pmcop.

370 1577 416 1611 de
445 1577 580 1623 aedifi),
605 1576 938 1623 ἈφροδισίανυΙς.
1009 1579 1041 1612 6.
1071 1578 1199 1618 ἕνεκα,
1221 1577 1296 1623 οἷμ.
1333 1579 1384 1618 R„
1412 1575 1486 1622 οἷμ.
1523 1575 1576 1611 ἓν.
1609 1578 1706 1622 vulg.

371 1636 403 1669 9.
436 1623 573 1668 εΗροῦς
606 1625 657 1664 R„
690 1623 802 1667 ἤροῦς
824 1624 919 1669 vulg.
965 1622 1091 1670 (Intpr.
1130 1626 1270 1658 nisiex
1301 1623 1368 1657 illo
1396 1622 1544 1657 heroum
1573 1625 1703 1668 coetu).

371 1668 554 1710 Σηστίδος
583 1670 620 1702 R.
652 1668 862 1710 Σηστιοέδος
883 1669 976 1714 vulg.
1079 1671 1109 1704 8.
1134 1670 1247 1711 αὐτῆς
1261 1671 1311 1710 R„
1336 1668 1467 1709 ταύτης
1481 1669 1572 1714 vulg.
1652 1680 1705 1702 10.

373 1713 704 1760 ἐπονομαζόμενον
736 1717 798 1756 R.‚
834 1715 985 1760 ὄνομαζ.
1019 1716 1111 1760 vulg.
1218 1727 1267 1749 ια.
1291 1717 1488 1760 ποταμίων
1517 1714 1556 1747 R.
1653 1714 1705 1747 15.

374 1761 395 1794 ὁ
421 1773 488 1794 om.
513 1763 550 1793 R.
650 1763 699 1794 16.
722 1760 983 1807 εὐωχούμενος
1015 1773 1102 1795 corr.
1135 1761 1210 1801 Cl.,
1243 1762 1350 1806 Intpr.
1379 1769 1438 1806 spe
1470 1760 1565 1793 bona
1592 1758 1704 1804 depa-

373 1815 474 1847 stus„
499 1805 744 1851 εὐεχούμενος
765 1809 802 1840 R.
818 1832 827 1848 ,
847 1806 1105 1852 ἐποχούμενος
1132 1807 1224 1851 vulg.
1329 1817 1382 1851 ¹7·
1412 1804 1606 1851 ὁμιλήσειε
1628 1805 1702 1840 Par.

376 1865 431 1888 20.
448 1852 590 1890 στενότ.
617 1853 655 1885 R.
683 1857 719 1886 et
741 1853 836 1898 vulg.

287 1936 416 1971 (luctus
441 1937 553 1970 estad
575 1941 766 1983 utrumque
788 1946 882 1970 mare
906 1940 1108 1981 porrectus3
1133 1935 1310 1980 urbesque
1330 1934 1480 1968 interius
1499 1935 1571 1979 ipsi
1587 1932 1707 1967 affixae

282 1988 372 2016 sunt
411 1982 643 2028 Aphrodisias
675 1989 712 2016 et
747 1982 903 2017 Theseos
938 1988 974 2015 et
998 1981 1148 2014 Ciberis.
1195 1980 1249 2014 Ab
1271 1981 1327 2013 his
1353 1991 1436 2014 vero
1462 1991 1566 2026 quam
1591 1991 1710 2013 remo-

285 2029 426 2062 tissime
440 2030 532 2061 circa
557 2029 686 2062 fretum
704 2030 821 2073 ipsum
841 2034 877 2061 et
899 2028 1072 2061 litterales
1091 2026 1200 2059 flexus
1226 2026 1344 2059 Sestus
1359 2031 1424 2067 est,
1441 2027 1524 2059 urbs
1547 2025 1709 2059 celeber-

291 2075 380 2108 rima
406 2075 444 2106 in
468 2076 570 2119 poiisi
596 2080 632 2107 et
656 2075 952 2114 nominatissima,
975 2085 1048 2106 non
1081 2073 1187 2105 aliam
1211 2072 1314 2105 credo
1348 2072 1393 2105 ob
1417 2083 1577 2112 causam,
1602 2081 1710 2117 quam

294 2121 341 2154 ob
366 2121 547 2153 lucernam
570 2121 683 2153 Herus
710 2121 808 2153 illius
835 2119 1006 2153 Sestiadis
1021 2144 1030 2159 ‚
1067 2124 1103 2151 et
1126 2119 1172 2151 ob
1197 2117 1351 2151 Leandri
1376 2129 1529 2151 amorem
1550 2129 1590 2150 ac
1612 2127 1709 2150 mor-

292 2171 380 2202 tem.
443 2166 524 2199 Non
556 2167 681 2210 pmcul
711 2172 829 2199 autem
869 2166 955 2198 hinc
989 2165 1098 2197 etiam
1128 2164 1226 2197 aliud
1261 2163 1471 2208 oppidulum
1504 2165 1612 2197 situm
1643 2166 1710 2202 est,

295 2212 481 2246 minimum
535 2212 655 2244 uidem
695 2211 787 2244 illud
820 2217 857 2245 et
886 2221 1109 2255 nequaquam
1131 2208 1341 2255 pulchrum,
1372 2221 1490 2255 neque
1519 2210 1710 2254 quicquam

297 2257 443 2291 omnino
468 2257 513 2290 ha
543 2269 604 2291 ens
628 2257 803 2298 amabile,
828 2257 1011 2301 Callipolis
1034 2261 1152 2288 tamen
1173 2261 1343 2288 vocatum.
1390 2256 1711 2290 circumiacentem

295 2313 403 2349 porro
430 2305 610 2348 regionem
651 2309 825 2336 exornant
850 2309 887 2336 et
914 2303 988 2347 agri
1024 2307 1060 2335 et
1083 2302 1242 2341 navalia,
1277 2301 1440 2334 arborum
1495 2312 1514 2334 e
1535 2301 1712 2334 variarum

299 2354 339 2382 et
356 2349 571 2382 fluentorum
594 2349 811 2393 potabilium
836 2348 957 2393 copia,
987 2352 1152 2392 terraque
1175 2348 1306 2391 irrigua
1334 2346 1436 2381 admo
1466 2357 1524 2379 um
1549 2351 1586 2380 et
1607 2345 1710 2378 ferti-

298 2395 344 2428 lis
376 2395 554 2439 rebusque
586 2396 792 2428 necessariis
824 2393 1016 2427 abundans.
1067 2394 1168 2426 Talia
1202 2393 1309 2438 igitur
1338 2393 1509 2438 oppidula
1523 2389 1568 2425 'et
1591 2401 1710 2435 agrum

301 2441 558 2484 amplissimum
581 2451 700 2473 murus
725 2441 788 2474 ille
815 2441 909 2473 intra
935 2451 972 2472 se
994 2439 1260 2483 complectitur,
1293 2440 1344 2471 ita
1367 2443 1408 2471 ut
1429 2449 1503 2472 non
1526 2437 1640 2470 facilis
1665 2436 1712 2468 sit

301 2486 464 2519 hostibus
488 2485 532 2518 ad
564 2497 604 2519 ea
627 2487 756 2522 aditus,
803 2487 895 2519 Tum
924 2486 1046 2530 itaque
1078 2485 1251 2529 Zabergan
1282 2484 1378 2518 bona
1411 2494 1474 2529 spe
1507 2483 1640 2521 elatus,
1673 2479 1713 2513 id

304 2543 423 2565 secum
449 2532 653 2576 reputabat,
682 2533 712 2565 si
736 2543 835 2565 muro
860 2531 978 2564 diruto
1005 2530 1050 2564 ad
1073 2531 1244 2564 interiora
1267 2531 1345 2564 loca
1367 2532 1598 2574 penetrasset,
1621 2526 1713 2559 faci-

303 2577 375 2611 lius
400 2589 437 2611 se
468 2579 574 2611 etiam
603 2588 696 2611 mare
725 2578 765 2610 in
789 2582 1002 2622 potestatem
1036 2576 1267 2610 redacturum.
1324 2576 1428 2608 Illinc
1461 2574 1569 2608 etiam
1598 2571 1713 2607 veluti

304 2633 370 2668 per
388 2624 562 2658 somnium
581 2623 840 2670 imaginabatur
855 2624 998 2657 navium
1018 2622 1088 2655 sibi
1112 2623 1251 2667 copiam
1264 2633 1337 2656 non
1354 2621 1572 2663 defuturam3
1594 2617 1712 2664 quod-

299 2675 379 2715 'que
407 2669 591 2707 traiiceret
614 2670 654 2704 in
678 2667 796 2705 Asiam
808 2694 820 2713 ,
841 2669 974 2705 fretum
997 2668 1248 2706 intermedium
1269 2666 1554 2713 angustissimum
1575 2674 1641 2712 per
1674 2672 1712 2697 se
