1832 3152
247 113 357 184 296
845 127 1118 174 AGATHIAE

54 239 93 274 A.
112 239 148 271 C.
172 230 288 284 ⁵573&
313 224 356 280 δ’,
392 244 430 269 τι
465 227 596 282 δήπου
627 227 840 283 ἡμάρτητο
873 230 1225 286 ἕπιφρασοίμενοι,
1271 232 1344 288 τὴν
1375 235 1450 286 μὲν
1479 232 1584 291 ἑῴαν
1619 249 1663 276 τε

117 285 318 333 ῙνῙνῧῑκαί
345 289 538 346 ἕσπερίαν
567 290 703 345 ἁψῖδα
737 289 847 333 οὕτω
885 294 1026 345 μένειν
1060 295 1164 338 κατὰ
1196 298 1339 352 χώραν
1373 299 1543 354 ἐφῆκαν·
1589 301 1665 352 τῆς

244 358 291 398 δὲ
313 353 497 412 ἆρκτῴας
523 372 567 399 τε
592 357 665 398 καί
687 355 825 404 νοτίας
849 354 925 411 τὴν
947 358 1019 399 ἐπὶ
1035 362 1112 400 τοῦ
1137 360 1402 416 κυρτώματος
1427 364 1662 415 οἰκοδομίαν

243 419 348 475 πρὸς
373 419 425 462 τὰ
453 419 574 462 ἔνδον
606 420 949 476 παρατείναντες,
992 424 1064 462 καί
1081 423 1308 480 εὕρυτέραν
1331 423 1466 480 ἠρέμα
1489 424 1662 481 ποιησά-

238 499 353 536 μενοι
380 483 438 532 ὦς
458 485 616 536 μᾶλλον
637 482 929 540 ἁρμοδιώτατα
950 491 1041 534 ταῖς
1065 481 1209 536 ἄλλαις
1234 492 1564 543 συννενευκέναι,
1591 490 1688 536 καὶὸ

196 546 447 602 Βόμολογεΐν
477 549 552 603 τὴν
575 547 816 605 ἰσόπλευρον
838 546 1041 603 ἁρμονίαν
1049 583 1062 602 ,
1099 555 1354 606 περιστεῖλαι
1377 552 1509 611 ταύτῃ
1537 554 1660 596 δεδύ-

238 628 379 667 νηνται
405 611 481 667 τήν
502 615 576 654 τοῦ
596 613 828 666 κενώματος
850 610 1073 668 ἀμετρίαν,
1113 616 1186 655 καί
1210 615 1444 669 ὖποκλέψαι
1461 617 1598 673 βραχύ
1618 635 1660 660 τι

239 678 311 730 τῆς
340 675 544 726 ἐκτάσεως
573 679 721 732 μέρος,
769 674 916 718 ὁπόσον
954 674 1197 733 ἑτερόμηκες
1233 676 1463 722 ἆπετελεῖτο
1502 684 1659 736 σχῆμα,

240 738 349 782 οὕτω
372 757 416 782 τε
443 742 507 781 ἐπ’
530 742 665 782 αὐτῶν
689 739 880 796 ἥδρασαν
905 740 1027 783 πάλιν
1051 741 1124 784 τὸν
1147 745 1191 786 ἒν
1214 745 1328 801 μέσῳ
1348 743 1660 800 ὖπερανὲχοντα,

238 802 317 845 εἴτε
351 804 520 857 κύκλον,
562 804 644 846 εἴτε
673 803 949 860 ἡμισφαίριον
959 839 972 858 ,
1011 805 1091 847 εἴτε
1128 806 1335 863 ὃτῳδηοῧν
1368 805 1538 862 ὀνόματι
1563 812 1718 866 παρίο

239 870 378 918 αὐτοῖς
407 871 726 923 ἐπικεκλημένον.
765 872 838 911 καί
861 871 1021 923 γέγονεν
1048 872 1239 914 ἐντεῦθεν
1274 871 1439 921 εἰκότως
1471 873 1662 929 ἰθύτερος

237 937 313 985 μὲν
334 933 407 975 καί
424 933 747 989 εὔεπίστροφος,
786 933 859 975 καὶ
885 933 1149 988 πανταχόθεν
1179 938 1232 992 τῇ
1257 939 1426 993 γραμμῇ
1447 937 1659 990 ἕξισάζων,

238 999 481 1052 στενώτερος
506 1000 552 1039 δὲ
583 997 655 1039 καὶ
681 995 892 1053 ὄξυτενὴς,
929 999 1002 1040 καί
1031 995 1113 1048 οἷος
1147 998 1227 1054 οὔχ
1252 998 1358 1042 οὕτω
1380 1002 1472 1043 λίαν
1491 1001 1661 1056 ἐκπλήτ-

238 1079 324 1103 τειν
352 1063 450 1111 τούς
478 1063 714 1114 θεωμένους
746 1062 804 1111 αἷς
831 1064 982 1116 πάλαι,
1020 1066 1156 1122 πολλῷ
1181 1066 1226 1106 δὲ
1254 1062 1364 1118 ὅμως
1388 1067 1511 1108 πλέον
1539 1067 1584 1108 ἐν
1604 1066 1660 1123 τῷ

238 1124 423 1183 ἀσφαλεῖ
447 1127 679 1181 βεβηκέναι.
726 1121 784 1168 ὧν
813 1129 891 1180 μὲν
922 1122 996 1169 οὖν
1025 1127 1110 1171 ἔδει
1151 1130 1196 1170 ἐν
1231 1131 1446 1185 ξυγγραφῇ
1474 1131 1550 1172 τοῦ
1581 1127 1710 1176 νεώιό

114 1206 228 1243 1115ss
240 1194 334 1247 πέρι
359 1193 681 1246 ἐπιμνησθῆναι,
720 1190 792 1233 καὶ
809 1193 875 1247 ἐφ’
906 1191 935 1233 ἃ
968 1192 995 1247 ἦ
1024 1194 1100 1234 τοῦ
1123 1192 1243 1246 λόγου
1277 1192 1387 1249 φορὰ
1421 1195 1530 1235 ἵκετο
1561 1195 1660 1235 ἄκο-

233 1255 398 1305 λούθως
426 1257 723 1311 περιαγομένῃ,
758 1258 892 1297 ταῦτα
921 1255 1060 1310 ἔμοιγε
1120 1256 1394 1312 ἀποχρώντως
1428 1258 1660 1312 ἑκδεδιήγη-

237 1337 322 1362 ται.
350 1319 616 1374 ἐγκωμιάζειν
632 1318 711 1374 γάρ
732 1323 883 1362 ἕκαστα
906 1322 990 1362 ταῖν
1015 1322 1139 1361 τοῦδε
1154 1321 1387 1374 θαυμάτων
1414 1321 1486 1363 καὶ
1506 1323 1661 1364 ἐπιδει-

236 1385 373 1427 κνύειν
386 1387 442 1441 τῷ
465 1384 583 1440 λόγῳ,
605 1381 793 1439 περιττὸν
817 1380 870 1426 ἂν
891 1383 952 1439 εἴη
976 1384 1048 1426 καί
1068 1386 1117 1426 οὐ
1151 1388 1226 1427 τοῦ
1239 1384 1441 1441 παρόντος
1460 1386 1566 1429 ἴδιον
1589 1385 1660 1442 ἕρ-

235 1465 326 1503 γου.
365 1451 404 1491 εἰ
435 1447 482 1489 δέ
502 1464 564 1496 τις
588 1448 726 1488 ἐθέλοι
746 1444 885 1504 πόῤῥω
906 1464 987 1490 που
1009 1447 1133 1502 τυχὸν
1155 1451 1228 1504 τῆς
1253 1447 1405 1500 πόλεως
1426 1451 1712 1507 ἅπῳκισμέ-αο

238 1529 308 1562 νος
345 1511 487 1555 ἔπειτα
521 1514 757 1567 γιγνώσκειν
801 1515 948 1569 σαφῶς
976 1511 1136 1555 ἅπαντα
1144 1548 1157 1567 ,
1198 1513 1384 1571 καθάπερ
1415 1514 1560 1571 παρών
1589 1515 1661 1557 καὶ

238 1578 445 1631 θεώμενος
455 1611 467 1630 ,
511 1573 774 1631 ἆναλεγέσθω
805 1577 856 1619 τὰ
888 1579 1052 1634 Παύλῳ
1085 1581 1158 1620 τοῦ
1185 1579 1333 1634 Κύρου
1369 1581 1443 1621 τοῦ
1479 1578 1656 1635 Φλώρου

327 1673 361 1705 9.
388 1660 511 1697 αὐτῶν
528 1661 566 1693 R.
591 1665 628 1693 et
649 1659 759 1704 Intpr.
782 1659 1111 1707 his—aedificatis
1133 1659 1296 1706 desuper,
1317 1661 1415 1706 αὕτῷ
1436 1662 1528 1707 vulg.
1611 1661 1655 1704 ἥ-

329 1705 474 1750 &qaam
498 1705 636 1745 emend.
664 1705 728 1746 CL,
750 1704 916 1751 ἤδρασαν
943 1708 979 1739 Β.
1006 1711 1043 1739 et
1065 1706 1159 1750 vulg.
1263 1719 1313 1741 10.
1333 1706 1520 1752 ὁτῳδηοῦν
1541 1708 1592 1752 τῷ
1617 1709 1654 1740 Β.

331 1755 382 1787 13.
412 1750 624 1795 στενότερος
647 1751 684 1782 R.
711 1756 747 1784 et
768 1752 861 1795 vulg.
955 1749 995 1785 δὲ
1018 1762 1087 1786 om.
1116 1753 1152 1783 R.
1258 1765 1307 1799 ¹9·
1333 1754 1586 1799 περισσομένη
1614 1755 1653 1786 R.

325 1810 382 1878 33:
402 1797 484 1889 pzrofi'
509 1802 592 1830 ante
615 1796 746 1844 Κύρου
773 1797 854 1830 add.
879 1807 924 1830 ex
947 1798 986 1834 R.
1065 1796 1213 1843 Φλόρου
1237 1799 1298 1840 R.‚
1330 1798 1456 1846 Φόρου
1481 1799 1593 1845 Lugd.
1618 1803 1655 1832 et

239 1913 412 1946 fornicem
443 1911 652 1946 orientalem
680 1915 717 1943 et
746 1909 1002 1943 occidentalem
1035 1921 1098 1942 suo
1126 1915 1166 1942 ut
1204 1914 1279 1942 erat
1308 1910 1387 1943 loco
1417 1909 1652 1955 reliquerunt,

238 1959 509 2003 septentrionali
527 1968 609 1990 vero
632 1961 668 1990 et
683 1957 839 1996 australi,
859 1967 950 2001 quae
969 1966 1074 1998 super
1097 1960 1314 1988 curvaturam
1335 1961 1410 1988 erat
1429 1961 1653 1996 structuram,

238 2006 430 2038 introrsum
447 2005 666 2048 porrigentes
680 2027 689 2043 ‚
713 2003 892 2048 pauloque
909 2003 1074 2034 latiorem
1097 2001 1311 2041 efficientes,
1346 2006 1385 2032 ut
1406 2012 1511 2046 quam
1539 2003 1653 2045 aptis-

238 2050 326 2082 sime
354 2062 432 2083 cum
450 2052 529 2083 aliis
555 2049 764 2093 quadraret,
789 2048 1112 2101 aequilateramque
1133 2057 1335 2091 compagem
1356 2057 1440 2089 prae
1468 2058 1505 2080 se
1531 2047 1653 2088 ferret,

235 2106 347 2140 eaque
375 2098 512 2129 ratione
542 2095 729 2127 vacuitatis
762 2095 982 2127 nimietatem
1014 2098 1187 2125 coarctare
1215 2098 1380 2136 possent,
1422 2097 1458 2125 et
1492 2093 1654 2137 exiguam

233 2142 388 2186 aliquam
416 2140 636 2175 extensionis
661 2145 798 2185 partem
822 2138 1027 2178 detrahere,
1051 2139 1088 2171 in
1111 2144 1284 2182 quantum
1307 2137 1466 2171 diversae
1491 2138 1651 2182 longitu-

234 2187 329 2220 dinis
347 2189 456 2232 figura
477 2187 680 2220 efficeretur.
714 2187 830 2230 Atque
846 2187 896 2217 ita
917 2185 1068 2228 desuper
1089 2185 1283 2224 firmarunt,
1313 2185 1376 2228 qui
1397 2185 1435 2216 in
1458 2182 1576 2217 medio
1594 2189 1649 2217 est

232 2233 382 2277 positus,
417 2234 488 2266 sive
505 2232 640 2273 orbem,
664 2233 737 2265 sive
760 2230 1070 2274 hemisphaerium,
1095 2231 1167 2262 sive
1187 2230 1257 2262 alio
1277 2240 1490 2274 quocunque
1504 2231 1651 2262 nomine

232 2278 277 2311 ab
294 2279 380 2322 ipsis
404 2278 614 2322 appellatur.
649 2279 848 2322 Factusque
866 2275 950 2308 inde
972 2281 1025 2308 est
1051 2276 1293 2310 verisimiliter
1313 2274 1483 2308 directior
1506 2274 1651 2320 quidem

233 2325 414 2369 facileque
429 2324 605 2356 versatilis
622 2349 631 2363 ‚
656 2325 826 2367 omnique
856 2333 898 2354 ex
923 2327 1023 2366 parte
1054 2322 1098 2354 ad
1118 2322 1281 2354 amussim
1310 2320 1506 2365 quadrans;
1538 2331 1650 2365 angu-

233 2371 322 2403 stior
338 2381 420 2403 vero
439 2375 476 2402 ct
497 2369 534 2400 in
554 2374 693 2402 acutum
722 2368 890 2408 tendens,
917 2367 1051 2412 quique
1070 2379 1143 2400 non
1169 2368 1220 2400 ita
1246 2367 1350 2399 valde
1376 2366 1547 2410 percellat
1568 2377 1650 2411 spe-

233 2421 398 2456 ctatores,
422 2420 463 2447 ut
483 2415 581 2455 olim,
610 2415 721 2447 multo
743 2425 824 2447 vero
843 2414 955 2446 tutius
972 2413 1187 2445 obfirmatus.
1215 2413 1376 2457 Quorum
1399 2412 1521 2456 itaque
1543 2421 1649 2455 opor-r

232 2461 332 2495 tebat
350 2463 387 2494 in
412 2461 562 2493 historia
593 2459 637 2493 de
666 2460 800 2503 templo
823 2459 1044 2498 meminisse,
1078 2464 1114 2491 et
1143 2458 1188 2490 ad
1216 2469 1305 2503 quae
1334 2459 1409 2502 ipsa
1433 2457 1647 2490 narrationis

231 2509 341 2540 series
360 2511 612 2540 consectaneae
631 2506 842 2538 circumacta
864 2505 1084 2549 pervenerit,
1109 2515 1149 2537 ea
1171 2504 1261 2537 mihi
1283 2502 1426 2536 abunde
1453 2503 1537 2535 satis
1566 2506 1651 2535 sunt

233 2553 420 2596 explicata.
468 2551 625 2584 Laudare
642 2553 737 2584 enim
757 2551 906 2595 singula,
926 2561 1016 2595 quae
1035 2551 1074 2582 in
1094 2561 1136 2582 eo
1166 2554 1249 2582 sunt
1270 2547 1487 2588 admiranda,
1512 2551 1549 2580 et
1568 2558 1649 2580 ora-

230 2599 331 2631 tione
352 2599 539 2642 persequi,
565 2608 859 2640 supervacaneum
877 2597 1008 2635 fuerit,
1034 2606 1151 2640 neque
1174 2594 1282 2627 huius
1307 2595 1424 2638 operis
1453 2594 1648 2636 proprium.

232 2644 270 2676 Si
290 2645 368 2688 quis
385 2648 500 2676 autem
530 2643 686 2676 voluerit
721 2643 845 2686 procul
879 2642 1036 2674 fortassis
1068 2641 1112 2674 ab
1140 2641 1227 2673 urbe
1263 2640 1392 2684 degens
1428 2643 1561 2682 'aperte
1586 2650 1647 2671 co÷

231 2699 397 2738 gnoscere
414 2689 665 2730 omnia,ve1uti
687 2699 849 2733 praeseus
871 2693 905 2723 ct
924 2692 1084 2735 spectans
1097 2712 1107 2729 ‚
1142 2686 1298 2732 perlegat
1322 2695 1410 2731 quae
1421 2684 1547 2722 Paulus
1567 2683 1648 2732 Cyri
