1794 3112
260 156 277 194 1
291 140 359 194 08
848 154 1120 198 AGATfflAE

56 265 96 300 Α,
116 268 152 303 C,
179 269 242 312 554
253 254 338 309 εἶχε
357 254 599 310 προθυμίας,
621 251 804 303 ἅπαντας
827 254 1014 309 κινήσας,
1043 259 1114 298 καί
1135 255 1205 310 τήν
1222 254 1479 311 χαλεπότητα
1498 259 1568 312 τῆς
1588 253 1663 300 ποι-

113 315 235 349 Ῑ·Ῑ·28
251 320 363 375 ρείας
394 315 441 358 εὖ
473 317 645 369 δ’ταθείς,
675 313 842 374 ᾖπάλαι
874 321 1088 371 διενοεῖτο,
1127 320 1396 374 παραγέγονεν
1427 318 1557 374 ἀγχοῦ
1586 325 1664 363 τοῦ

252 382 477 437 φρουρίου.
505 381 577 421 καί
607 377 684 436 ἤδη
721 382 889 432 ἐπέλαζε
925 388 1009 429 τοῖς
1035 382 1264 433 “Ρωμαίοις
1292 383 1568 438 κατεπτηχόσι
1605 387 1663 442 τῷ

249 443 469 500 παραλόγῳ
508 447 580 485 καί
616 446 717 492 οἵοις
738 445 872 486 οὐκέτι
905 445 1150 497 ἀμύνεσθαι.
1177 443 1269 487 τότε
1302 445 1352 500 δὴ
1383 443 1457 488 οὖν
1491 447 1662 503 &Map-

250 515 361 556 τῖιός
390 507 492 560 ἔγνω
524 512 761 549 καταλιπεῖν
791 507 835 550 τὸ
859 509 1034 563 χωρίον,
1056 511 1154 564 πρὶν
1183 507 1412 551 τελεώτατα
1439 511 1685 567 παρελθεῖιό

247 571 346 613 εἴσω
377 571 447 613 τὸν
470 572 734 628 ῙΙἸερμερόην,
763 571 836 613 καί
853 574 957 626 μέγα
980 589 1020 613 τι
1043 571 1170 614 κακὸν
1191 573 1287 622 τούς
1308 575 1404 629 τῇδε
1424 575 1662 628 (Ρωμαίους

145 653 178 685 Ρ,
193 651 238 689 58
257 634 525 690 ἐργάσασθαι.
553 639 638 685 πῶς
666 634 740 692 γάρ
779 638 872 691 ἐνῆν
898 633 1048 685 αὐτοὺς
1075 635 1235 690 ὀλίγους
1265 653 1309 692 γε
1345 632 1467 687 ὄντας
1490 641 1664 693 ἐνεγκεῖν

248 698 298 740 τά
325 699 461 755 πλήθη
486 702 568 741 τῶν
600 701 821 752 πολεμίων,
847 703 918 742 καί
939 699 996 755 μὴ
1023 699 1123 754 οὖχί
1144 697 1338 754 αὐτοβοεὶ
1361 703 1662 758 διαφθαρῆναις

249 761 354 804 οὕτω
382 762 431 817 δη
470 759 542 806 οὖν
568 766 1020 820 καταστρατηγηθέντες
1042 763 1122 806 ὖπὸ
1146 767 1227 806 τῶν
1242 765 1480 822 βαρβάρων,
1507 767 1579 808 καί
1599 768 1666 808 αἰ-

250 829 426 881 σχίστην
462 827 703 880 ποιούμενοι
738 828 812 883 τήν
845 826 1133 883 ἀναχώρησιν,
1173 825 1382 884 ἧπείγοντο
1419 835 1504 878 τοῖς
1529 825 1716 879 ἄλλοιςιὸ

251 894 537 946 ανα,ιιιχθῆναι
571 892 890 947 στρατεύμασιν.
929 893 1154 946 ἐτύγχανον
1186 892 1261 948 γὰρ
1301 893 1337 934 οἱ
1363 890 1475 950 άμφί
1503 897 1667 935 Βέσσαν

257 971 302 996 τε
326 957 397 996 καί
411 957 640 1000 Ἰουστῖνον
661 958 705 999 ἐν
729 959 854 1014 πεδίῳ
878 959 959 999 τινί
976 957 1420 1013 στρατοπεδευόμενοι,
1447 958 1495 999 οὗ
1520 956 1666 1012 πόρ’ᾇω

255 1021 472 1075 Τηλέφεως
510 1022 680 1078 κειμένῳ
693 1055 704 1074 ,
747 1021 852 1063 ἀλλὰ
891 1021 1035 1074 μόνοις
1066 1023 1250 1072 σταδίοις
1281 1021 1383 1064 ἑπτά
1426 1020 1663 1077 διεστηκότι.

247 1082 337 1125 ἔστι
363 1085 408 1124 δὲ
432 1080 552 1125 οῦδὲν
575 1082 711 1127 ὁτιοῦν
743 1081 841 1127 ἄλλο
864 1087 1075 1139 ἐνταῦθα,
1104 1084 1132 1141 ἢ
1155 1085 1262 1139 μόνα
1284 1089 1451 1141 χυτρῶν
1479 1085 1668 1141 πωλητή-

241 1164 335 1200 ρια,
378 1146 432 1196 ὦς
466 1147 539 1189 καί
564 1147 638 1203 τήν
671 1150 946 1205 προσηγορίαν
987 1152 1178 1192 ἐντεῦθεν
1208 1152 1264 1207 τῷ
1308 1149 1432 1207 χώρῳ
1455 1151 1721 1205 εἶλῆφθαιπᾶ

202 1210 440 1266 Β“Ολλάρια
460 1210 552 1267 γὰρ,
582 1213 640 1261 ιὸς
657 1209 685 1254 οἳ
692 1229 713 1254 ν
726 1214 911 1262 Λατῖνός
921 1231 981 1264 τις
997 1213 1137 1270 φήσοι,
1166 1213 1466 1266 ἐπωνόμασται·
1495 1213 1668 1255 δύναται

138 1278 295 1326 ν.4αὸὲ
312 1278 434 1317 τοῦτο
454 1279 504 1332 τῇ
532 1277 732 1331 Ἑλλήνων
751 1280 867 1333 φωνῇ
895 1276 1190 1333 Χυτροπαίλια.
1218 1273 1298 1332 ἤδη
1327 1277 1372 1319 δὲ
1397 1279 1556 1318 πολλῶν
1580 1274 1666 1328 ἅμα

244 1343 302 1398 τῷ
335 1343 539 1398 ῙΙΙαρτίνῳ
566 1340 897 1395 προτερησάντων
936 1342 1009 1381 καί
1049 1343 1094 1383 ἐν
1124 1343 1182 1397 τῷ
1214 1338 1400 1396 ἀσφαλεῖ
1427 1341 1664 1394 γενομένων,

256 1406 520 1458 ἐβουλεύοντο
558 1402 734 1453 ἅπαντες
769 1403 806 1445 οἱ
830 1403 1070 1459 στρατηγοί,
1096 1405 1281 1446 ἐνταῦθα
1330 1404 1427 1453 τούς
1458 1405 1669 1457 δυσμενεῖς

258 1468 515 1521 ἐκδεξάμενοι
543 1467 778 1523 στήσεσθαί
810 1483 854 1509 τε
888 1469 930 1517 ἐς
950 1467 1198 1523 παράταξιν,
1231 1468 1302 1510 καί
1324 1468 1567 1510 διακωλύειν
1592 1465 1719 1511 afr-20

254 1532 352 1581 τοὺς
377 1529 455 1574 ἀνά
490 1532 542 1574 τὰ
568 1531 708 1588 πρόσω
730 1531 881 1580 ἰόντας.
914 1529 966 1586 ἦν
999 1534 1046 1574 δέ
1071 1549 1135 1580 τις
1175 1534 1258 1576 τῶν,
1287 1533 1598 1587 ἐπισημοτάτων
1624 1533 1668 1573 ἐν

247 1603 332 1646 τοῖς
358 1597 604 1653 ταξιάρχαις
630 1597 846 1652 Θεόδωρος
869 1592 1020 1650 ὄνομα,
1047 1596 1094 1638 τό
1120 1599 1198 1650 μὲν
1235 1599 1348 1651 γένος
1381 1598 1507 1638 ἕλκων
1527 1597 1573 1637 ἐκ
1594 1598 1669 1637 τοῦ

338 1666 376 1700 8,
404 1663 661 1709 διαφθαρῆναι
686 1657 760 1696 ὕπὸ
788 1662 895 1700 δέους
922 1663 1020 1696 Suid.
1045 1675 1070 1697 ο.
1098 1676 1128 1698 v.
1156 1662 1336 1706 αὐτοβοεὶ.
1412 1661 1466 1705 14-
1493 1661 1592 1707 μόνα
1616 1663 1669 1702 R„

336 1708 458 1755 μόνον
481 1710 571 1754 vulg.
647 1711 695 1743 15.
721 1710 895 1743 ἐντεῦθεν
918 1709 964 1752 τῷ
990 1709 1097 1753 χώρῳ
1121 1711 1179 1748 R,
1203 1709 1250 1752 τῷ
1271 1707 1380 1753 χώρῳ
1402 1707 1554 1740 ἐνθένδε
1576 1708 1668 1752 vulg.

341 1757 391 1790 16.
418 1754 594 1801 ’.Ωλλάρια
623 1755 695 1791 Par.
815 1766 870 1791 τις
897 1755 963 1788 ins.
988 1766 1031 1788 ex
1058 1757 1096 1788 R.
1177 1766 1230 1788 20.
1256 1753 1466 1796 στήσασθαι
1492 1755 1528 1786 R.

244 1824 328 1865 bet3
366 1825 567 1868 statimque,
593 1828 723 1868 quanta
751 1823 871 1867 potuit
897 1823 1094 1862 alacritate,
1126 1822 1290 1855 omnibus
1327 1821 1440 1866 copiis
1477 1821 1605 1860 motis,
1631 1825 1670 1854 et

244 1869 516 1901 difficultatibus
540 1869 708 1902 itinerum
739 1879 790 1908 ea,
825 1880 932 1913 quam
959 1867 1162 1901 iamdudum
1198 1869 1316 1899 animo
1349 1877 1413 1899 suo
1447 1870 1668 1909 conceperat,

244 1916 382 1948 ratione
417 1915 612 1958 superatiS,
654 1915 918 1959 propugnaculo
957 1913 1279 1958 appropinquavit3
1316 1917 1353 1945 et
1399 1913 1472 1945 lam
1502 1912 1668 1944 Romanis

243 1961 456 1993 imminebat
478 1961 664 2004 inopinato
687 1962 739 1993 rei
765 1966 893 1993 eventu
916 1960 1100 2004 perculsis,
1128 1959 1263 2003 quique
1287 1958 1358 1990 iam
1379 1968 1454 1990 sese
1477 1957 1570 1989 tueri
1594 1967 1668 1989 non

244 2011 423 2050 poterant.
470 2006 572 2038 Tunc
597 2006 717 2051 itaque
743 2006 919 2038 Martinus
947 2006 1063 2038 locum
1098 2002 1331 2038 deserendum
1354 2003 1515 2040 censuit,
1550 2002 1668 2045 prius·

246 2063 353 2096 quam
377 2051 605 2091 Mermeroes,
629 2052 807 2095 penitiore
833 2052 1032 2094 irruptione
1059 2050 1172 2090 facta,
1199 2051 1384 2087 Romanos,
1412 2048 1472 2092 qui
1497 2048 1536 2079 in
1560 2057 1667 2091 prae-

246 2098 339 2130 sidio
365 2103 476 2137 erant,
506 2107 630 2140 magna
656 2097 755 2129 clade
779 2096 946 2130 afficeret.
995 2095 1068 2139 Qui
1101 2097 1195 2128 enim
1226 2094 1303 2126 fieri
1337 2098 1488 2137 poterat,
1520 2097 1560 2125 ut
1584 2103 1667 2136 per-

246 2143 351 2187 pauci
387 2148 521 2175 tantam
551 2142 707 2174 hostium
737 2143 807 2176 vim
842 2142 1077 2180 sustinerent,
1101 2151 1218 2185 neque
1241 2139 1357 2184 primo
1386 2139 1504 2171 statim
1531 2138 1666 2181 impetu

248 2188 294 2221 ad
318 2189 596 2220 internecionem
620 2187 875 2220 caederentur?
921 2187 995 2219 Hoc
1025 2186 1132 2229 igitur
1158 2186 1240 2218 dolo
1267 2184 1495 2217 circumventi
1522 2193 1668 2226 supera-

247 2234 349 2279 tique
375 2244 394 2265 a
422 2233 606 2272 barbaris,
643 2233 917 2277 turpissimaque
955 2231 1151 2264 recessione
1189 2231 1280 2262 facta
1298 2254 1308 2269 ,
1347 2230 1495 2262 Romani
1519 2227 1666 2272 reliquis

249 2279 362 2324 copiis
395 2289 470 2311 sese
503 2279 714 2322 coniungere
745 2275 1037 2322 approperabant.
1084 2277 1267 2309 Exercitus
1293 2275 1400 2316 enim,
1433 2285 1538 2319 quem
1564 2275 1667 2307 Bessa

250 2330 287 2358 et
312 2324 468 2356 Iustinus
495 2323 697 2363 ducebant,
722 2324 759 2355 in
783 2334 903 2367 campo
939 2322 1093 2366 quodam
1119 2328 1231 2354 castra
1256 2322 1415 2354 locarant
1446 2331 1518 2352 non
1543 2318 1666 2362 procul

253 2382 275 2404 a
299 2369 458 2414 Telephe
483 2369 565 2408 sito,
589 2374 725 2411 septem
749 2374 887 2402 tantum
911 2367 1034 2401 stadiis
1061 2366 1144 2400 inde
1172 2366 1339 2400 distante.
1384 2365 1446 2398 Est
1468 2375 1549 2397 vero
1574 2362 1667 2395 nihil

253 2414 352 2448 aliud
392 2415 446 2447 ibi
479 2425 585 2460 quam
609 2414 757 2446 ollarum
790 2415 923 2452 forum,
950 2412 1044 2446 unde
1071 2417 1107 2445 et
1131 2413 1209 2445 loco
1234 2422 1364 2444 nomen
1389 2409 1553 2444 inditum.
1600 2407 1665 2440 01-

255 2462 343 2494 laria
371 2461 484 2500 enim,
515 2465 555 2492 ut
586 2459 703 2492 Latini
736 2460 912 2499 dixerint,
939 2459 1162 2502 appellatur3
1191 2457 1287 2502 quod
1311 2455 1462 2501 perinde
1485 2459 1550 2494 est,
1574 2463 1613 2486 ac
1635 2453 1666 2485 si

253 2507 385 2540 Graece
410 2503 505 2538 dicas
531 2503 791 2551 Χυτροπιόλια.
839 2506 1068 2548 Posteaquam
1101 2514 1183 2536 vero
1217 2504 1288 2535 iam
1314 2501 1417 2534 multi
1441 2510 1520 2532 cum
1545 2498 1667 2531 Marti-

251 2563 298 2584 no
322 2552 404 2595 fuga
427 2555 613 2595 praerepta
641 2550 678 2583 in
702 2555 782 2583 tuto
809 2554 926 2583 essent
948 2549 1145 2588 constituti,
1170 2548 1283 2582 visum
1303 2552 1356 2580 est
1379 2545 1541 2578 omnibus
1559 2554 1665 2586 prae—

254 2598 368 2637 sectis,
395 2601 435 2629 ut
457 2595 511 2629 ibi
535 2595 672 2629 hostem
697 2600 939 2640 exspectantes
964 2596 1039 2627 acie
1063 2595 1232 2627 instructa
1260 2592 1493 2629 obsisterent,
1516 2588 1665 2620 ulterio-

259 2653 369 2685 rcquc
393 2642 544 2674 transitu
570 2641 812 2684 prohiberent.
859 2642 944 2674 Erat
965 2650 1046 2672 vero
1073 2638 1218 2684 quidam
1241 2639 1335 2670 inter
1358 2635 1565 2680 praecipuos
1592 2633 1664 2665 cla-

260 2687 486 2732 tissimozque
511 2685 616 2721 duces
639 2685 846 2727 Theodorus
871 2686 1035 2726 nomine,
1065 2694 1172 2729 genus
1197 2682 1341 2728 quidem
1365 2680 1494 2715 ducens
1519 2689 1537 2712 e
1563 2682 1664 2723 gente
