1832 3152
290 161 317 194 2
328 161 354 196 2
364 161 392 195 2
845 160 1116 202 AGATHIAE

100 265 139 299 A.
155 266 191 299 C.
207 267 271 301 555
284 272 349 305 τες
372 258 443 297 καί
470 250 566 309 ἅγος
589 258 661 298 καί
682 258 945 312 μιαιφονίαν,
986 260 1057 301 καὶ
1081 266 1164 310 τοῖς
1187 261 1379 310 τοιούτοις
1401 262 1589 315 ὀνόμασιν
1616 266 1682 305 ἑκ·-

148 312 273 356 I-1·29
288 320 584 375 τραγῳδοῦντες
615 318 661 360 τὸ
693 323 975 375 γεγενημένον,
1022 325 1092 365 καί
1126 323 1227 378 πρὸς
1262 326 1384 376 μόνον
1410 325 1454 367 τὸ
1496 329 1682 381 πραχθὲν

287 383 447 438 ἆφορςῖν
488 381 775 436 ἐκβιαζόμενον
820 382 924 426 ἀλλὰ
952 385 1024 428 σὸν
1057 386 1194 442 ἔργον,
1222 384 1257 428 αἶ
1288 389 1456 430 δικαστά
1467 423 1480 442 ,
1522 390 1683 444 μνήμην

247 449 497 488 Βποιεῖσθαι
520 449 599 487 τῶν
619 449 978 502 προϋπαρξάντων,
1005 449 1078 498 τὰς
1109 452 1240 499 αἰτίας
1275 452 1523 508 ἀναθεωρεῖν
1551 455 1603 494 δι’
1624 449 1682 494 ὧν

286 510 354 550 ἐπὶ
375 508 448 563 τὴν
469 512 617 565 πρᾶξιν
645 510 897 566 ὡρμήθημεν
906 546 918 564 ,
957 512 1027 554 καί
1053 516 1108 569 τῷ
1132 515 1280 570 εὐλόγῳ
1303 519 1374 556 τοῦ
1399 517 1708 571 ἐγχειρήματος5

285 571 332 612 τὸ
360 570 501 615 εὔνουν
522 573 820 627 διαγιγνώσκειν
841 579 910 630 τῆς
936 577 1110 631 γνώμης.
1149 577 1236 618 ἐπεὶ
1261 581 1332 619 καί
1354 581 1556 632 πολλαχοῦ
1578 578 1682 621 κατὰ

286 636 362 685 τὰς
384 635 516 686 πόλεις
544 636 720 693 ἀγύρτας
747 638 858 688 τινὰς
884 639 1008 694 τυχὸν
1034 638 1061 695 ἢ
1088 640 1159 682 καί
1179 642 1433 694 λωποδύτας,
1459 639 1571 696 ἢκαί
1585 638 1682 683 ἄλλο

289 716 331 740 τι
363 703 444 742 τῶν
484 702 660 743 ἀνοσίων
687 702 813 757 ἔργων
846 705 1252 758 πεπλημμεληκότας,
1291 703 1459 758 δρῶντες
1489 707 1566 747 ’νῦν
1607 708 1684 757 μὲν

288 765 361 817 τῆς
384 767 560 820 κεφαλῆς
590 763 943 821 ἀφαιρουμένους,
971 771 1044 810 νῦν
1066 770 1110 808 δὲ
1134 766 1188 809 τω
1216 765 1313 808 πόδε
1336 770 1685 820 διατεμνομένους,

286 825 334 868 οὗ
354 830 424 869 τοῦ
457 831 702 883 φαινομένου
731 834 1048 886 κατηγοροῦμεν,
1092 834 1162 873 καί
1184 834 1312 873 ταῦτα
1341 832 1433 873 λίαν
1458 829 1734 886 ἇπάνθρω-ιο

283 907 358 932 πον
382 889 487 933 εἶναι
517 894 682 946 δοκοῦν,
721 895 815 935 οὐδὲ
846 901 928 944 τοῖς
952 891 1179 950 ἄρχουσιν,
1216 892 1274 944 οἷς
1306 894 1357 935 τὰ
1381 897 1461 936 τῶν
1481 897 1684 950 τιμωριῶν

162 954 442 1002 nuncetiam}
469 953 638 1009 ἀνεῖται,
673 961 923 1011 νεμεσῶμεν,
953 961 1105 1012 ἐναγεῖς
1127 957 1280 1008 αὖτοὺς
1311 961 1379 1000 καί
1406 958 1581 1014 μιαρούς
1618 958 1688 999 καὶ

290 1019 588 1071 κακοδαίμονας
621 1017 927 1071 ἆποκαλοῦντες·
975 1023 1077 1064 ἀλλὰ
1111 1022 1162 1064 τοὶ
1182 1021 1380 1078 πρότερον
1405 1027 1502 1076 παρ’
1523 1022 1684 1064 ἐκείνων

181 1091 220 1124 V.
236 1086 564 1137 δατετολμημένα
591 1083 859 1138 λογιζόμενοι,
898 1086 969 1128 καί
1001 1087 1056 1136 αἷς
1080 1085 1220 1136 ποινάς
1248 1088 1403 1128 τίνουσι
1430 1088 1511 1127 τῶν
1544 1084 1685 1140 ἆδικη..
1786 1138 1789 1141 1

280 1147 424 1199 μάτων
449 1149 787 1202 ἐπιμνησθέντες,
822 1148 1010 1204 ἡδόμεθα
1042 1153 1092 1206 τῇ
1120 1147 1311 1204 ὠμότητι.
1349 1150 1397 1190 οὗ
1426 1147 1503 1204 γὰρ
1530 1150 1615 1202 εἰκῆ
1635 1147 1735 1194 τὸι5

280 1209 448 1261 κολάζον
465 1209 687 1265 ἐξεύρηται,
715 1215 789 1253 τοῦ
814 1213 1117 1268 ἁμαρτάνοντος
1140 1212 1284 1268 ἥκιστα
1309 1213 1554 1264 παυομένου.
1582 1209 1682 1266 ἀνῄ-

278 1290 403 1329 ρηται.
420 1277 555 1317 τοίνυν
582 1274 685 1330 πρὸς
711 1277 825 1331 ἡμῶν
847 1277 869 1318 ὁ
896 1280 936 1318 Γ
935 1278 1122 1331 ουβάζης·
1161 1277 1232 1318 καί
1255 1279 1300 1318 τί
1326 1276 1457 1318 δεινὸν
1475 1308 1488 1328 ,
1526 1277 1564 1316 εἰ
1581 1290 1687 1328 προ-4

278 1337 401 1391 δότην
422 1333 550 1393 ἄνδρα
578 1340 648 1379 καί
675 1340 865 1392 πολέμιον
892 1340 1192 1392 ἅπεκτόναμενς
1221 1341 1353 1381 καίτοι
1380 1338 1456 1394 τὴν
1478 1339 1554 1379 τοῦ
1581 1339 1680 1379 δυσ-

283 1402 429 1453 μενοῦς
465 1402 698 1454 ἐπωνυμίαν
734 1404 771 1443 οἱ
791 1404 1008 1459 κατήγοροι
1034 1403 1406 1458 διευκρινήσαντες,
1435 1399 1482 1443 οὗ
1501 1403 1556 1458 τῷ
1578 1397 1681 1454 πορ-

1225 1464 1244 1479 c!
1335 1463 1351 1478 ’l

280 1464 450 1519 ῥωτέρω
474 1467 667 1518 ταχθέντι
687 1466 903 1522 προσήκειν
930 1469 1079 1523 φασίν,
1109 1468 1195 1508 ἀλλ’
1221 1483 1300 1523 οτῳ
1323 1483 1387 1518 αν,
1419 1467 1458 1507 εἰ
1486 1464 1557 1506 καί
1581 1463 1738 1517 ‹iud-20

284 1532 414 1583 φυλος
445 1525 497 1584 ᾗ,
544 1527 596 1570 τα
633 1536 718 1579 τοῖς
755 1531 949 1580 ἐναντίοις
981 1532 1255 1587 κεχαρισμένα
1290 1531 1569 1581 σπουδάζοιτο·
1619 1530 1690 1570 καί

375 1631 405 1666 3.
432 1631 546 1676 ἔργον
571 1634 636 1666 ins.
665 1645 708 1666 ex
731 1635 767 1667 R.
881 1637 910 1669 8.
936 1633 1054 1679 ἔργων
1067 1634 1149 1670 add.
1173 1645 1215 1666 ex
1237 1635 1274 1666 R.
1301 1639 1337 1667 et
1359 1633 1438 1666 fort.
1464 1632 1574 1676 intpr.
1599 1644 1686 1677 gra-

373 1680 483 1712 viora
497 1678 691 1722 facinora.
774 1691 822 1713 12.
847 1679 987 1713 τούτων
1005 1679 1145 1713 α’νεῖται
1168 1681 1219 1719 R„
1241 1678 1393 1719 οἶνεῖται,
1419 1677 1559 1711 τούτων
1583 1679 1691 1722 vulg.‚

374 1724 432 1766 14.
454 1725 602 1756 τίσουσι
625 1726 662 1758 R.
732 1736 780 1768 ¹7·
797 1723 983 1768 προδότην
1002 1736 1068 1758 om.
1094 1727 1132 1763 R.
1201 1736 1252 1759 πο.
1275 1727 1449 1769 ταχθέντι
1470 1725 1507 1757 R.
1523 1729 1558 1757 et
1578 1724 1687 1767 Intpr.

377 1769 573 1803 intervallo
597 1770 788 1815 sepositus,
820 1771 991 1814 τεχθέντι
1011 1771 1101 1815 vulg.

287 1871 407 1902 cantes
433 1872 470 1901 et
489 1866 736 1910 latrocinium,
761 1870 911 1915 aliisque
934 1869 972 1903 id
994 1881 1101 1914 genus
1125 1867 1420 1914 appellationibus
1454 1867 1558 1911 plane
1582 1865 1690 1912 tragi-

289 1915 338 1947 cis
363 1915 493 1946 factum
517 1916 668 1947 atrocius
693 1915 903 1955 reddentes,
936 1915 1044 1960 idque
1075 1926 1208 1948 summa
1236 1916 1271 1947 vi
1303 1919 1457 1958 agente-⁴1,
1481 1919 1521 1945 ut
1551 1918 1690 1945 tantum

291 1959 338 1992 ad
367 1959 500 1992 nudum
519 1960 650 1993 factum
669 1961 894 2004 respiciatur:
925 1965 1023 1993 tuum
1042 1965 1158 1992 tamen
1175 1965 1247 1999 est,
1275 1971 1294 1992 o
1313 1959 1440 1998 iudex,
1473 1958 1690 2001 praecedem-

291 2010 345 2038 tes
360 2015 479 2037 causas
501 2010 659 2038 accurate
683 2005 898 2050 expendere,
923 2017 1014 2050 quae
1040 2017 1103 2038 nos
1130 2004 1174 2037 ad
1201 2005 1268 2038 hoc
1298 2005 1430 2036 factum
1463 2003 1692 2044 impulerunt,

293 2055 330 2083 et
346 2061 390 2083 ex
410 2050 493 2083 facti
517 2051 694 2096 aequitate
714 2051 822 2084 animi
843 2052 953 2084 nostri
974 2050 1222 2084 rectitudinem
1243 2059 1458 2094 cognoscere.
1507 2046 1692 2092 Siquidem

291 2107 371 2128 cum
393 2097 520 2139 passim
543 2108 606 2140 per
625 2096 780 2130 civitates
812 2097 1018 2141 impostores
1039 2094 1208 2141 quosdam
1235 2100 1270 2128 et
1298 2094 1391 2127 fures
1413 2097 1474 2125 aut
1505 2093 1566 2136 qui
1593 2090 1692 2124 aliud

291 2141 437 2184 aliquod
455 2142 565 2174 scelus
579 2148 826 2186 perpetrarunt
843 2141 1000 2175 videmus
1021 2140 1124 2174 modo
1149 2141 1262 2184 capite
1291 2138 1462 2178 truncari,
1493 2137 1597 2170 modo
1623 2148 1690 2181 pe·-

292 2185 354 2218 des
371 2185 539 2229 discindi3
566 2188 775 2231 supplicium
798 2188 924 2230 ipsum,
944 2186 1039 2232 quod
1058 2186 1168 2219 oculis
1192 2185 1319 2218 nostris
1340 2183 1525 2222 cernimus,
1547 2194 1619 2215 non
1633 2183 1692 2214 in-

292 2242 470 2271 cusamus,
493 2234 715 2276 quantumvis
747 2231 975 2264 inhumanum
1003 2237 1108 2276 atque
1137 2236 1235 2263 atrox
1258 2229 1438 2269 videatur,
1471 2238 1588 2272 neque
1614 2238 1691 2260 eam

293 2276 339 2309 ob
373 2288 508 2308 causam
542 2279 755 2321 magistratui
781 2277 995 2312 eiuscemodi
1033 2277 1205 2320 supplicia
1250 2275 1416 2318 irroganti
1447 2273 1687 2318 indignamur,

291 2322 488 2366 piaculares
515 2327 550 2354 et
565 2324 719 2355 nefarios
741 2334 798 2356 eos
819 2329 999 2355 vocantes:
1030 2321 1091 2355 sed
1113 2333 1191 2354 cum
1213 2332 1300 2366 quae
1326 2320 1370 2352 ab
1396 2319 1467 2352 illis
1493 2322 1691 2362 perpetrata

294 2371 378 2399 sunt
394 2366 651 2400 consideramus
665 2393 674 2408 ,
700 2368 864 2413 quodque
889 2369 1059 2400 scelerum
1085 2378 1224 2399 suorum
1242 2377 1372 2410 poenas
1389 2365 1490 2396 luant
1506 2363 1690 2396 nobiscum

294 2417 496 2456 reputamus
509 2437 517 2452 ‚
542 2412 730 2456 gaudemus
752 2424 791 2445 ea
816 2412 1033 2446 crudelitate.
1081 2411 1204 2456 Neque
1223 2413 1316 2444 enim
1336 2411 1462 2442 frustra
1479 2407 1691 2452 supplicium

296 2463 350 2490 est
371 2457 595 2490 adinventum
608 2482 617 2496 ‚
642 2458 831 2490 sceleribus
851 2469 1072 2503 nequaquam
1091 2457 1315 2490 cessantibus.
1343 2455 1550 2487 Interfectus
1567 2453 1690 2496 itaque

297 2507 350 2535 est
366 2514 386 2535 a
403 2502 507 2534 nobis
524 2502 694 2535 Gubazes.
739 2504 782 2535 Et
801 2502 887 2548 quid
906 2504 1007 2543 mali,
1034 2504 1063 2535 si
1081 2502 1258 2534 hominem
1274 2500 1488 2545 proditorem
1505 2502 1542 2531 et
1554 2496 1692 2530 hostem

295 2547 560 2580 interfecimus?
606 2547 713 2592 Atqui
729 2547 839 2581 hostis
860 2549 1134 2592 appellationem
1155 2553 1248 2580 recte
1263 2548 1531 2590 interpretantes
1550 2553 1693 2575 accusa-

294 2597 400 2633 tores,
421 2604 492 2626 non
517 2593 562 2632 ei,
582 2592 644 2637 qui
659 2594 887 2626 remotissime
906 2595 953 2626 sit
973 2593 1128 2634 dissitus,
1146 2593 1333 2626 convenire
1355 2591 1470 2630 aiunt,
1496 2587 1559 2621 sed
1584 2587 1692 2620 cuivis

294 2639 400 2672 etiam
416 2638 590 2682 populari,
614 2639 676 2683 qui
697 2638 858 2672 hostibus
881 2639 1064 2683 gratificari
1087 2637 1236 2672 studeat.
1261 2637 1375 2682 Quam
1386 2634 1528 2680 quidem
1551 2633 1694 2682 opinio-J

293 2676 374 2717 nc'm
398 2685 506 2718 etiam
528 2694 592 2718 nos
617 2684 785 2730 optimam
809 2695 989 2719 censemus
1019 2689 1055 2718 et
1075 2684 1318 2727 verissimam3
1358 2681 1490 2726 quippe
1525 2685 1615 2722 quae
1638 2683 1691 2708 rel
