1832 3152
363 129 458 182 ²92
911 161 915 164 ⁴
929 131 1204 183 ἐᾼΟηὸιΤΗΙΑΕ

158 233 202 285 A.
218 233 255 267 C.
269 227 418 269 555καί
437 224 523 279 ἅμα
547 230 589 275 ἐς
608 227 659 270 τὰ
681 226 1122 287 πλήθηέπιοτραφείς·
1160 230 1214 289 ,,ἧ
1248 236 1347 290 οὐχὶ
1379 236 1450 279 καὶ
1476 235 1579 290 ὖμΐν
1597 242 1759 286 rafim&

203 281 426 347 Ῑ·Ῑ·’9ἔφη
473 294 638 345 ,,δοκεῖ,
675 286 710 332 ὦ
737 287 884 347 ἄνδρες
925 297 1288 351 ξυστρατιῶται,·”
1324 301 1362 342 οἱ
1389 303 1434 343 δὲ
1459 303 1752 360 ἐπευφήμησαν

347 355 419 406 ξὺν
439 357 538 412 βοῇ,
573 354 643 396 καί
664 357 802 397 δίκαια
834 353 942 399 εἶναι
963 359 1184 415 ἀνέκραγον
1213 361 1263 404 τὰ
1290 366 1345 421 τῷ
1370 372 1580 424 στρατηγῷ
1607 373 1752 422 βεβου-

347 419 536 471 λευμένα.
564 418 636 460 καί
659 419 697 461 οἱ
719 423 796 474 μὲν
818 421 1145 479 θαρραλεώτεροι
1172 427 1425 482 ἐγεγένηντο,
1467 433 1536 472 καί
1555 428 1639 475 οἷον
1666 431 1755 475 ἑτέ-

310 490 428 538 Βριον
461 479 509 524 οὗ
547 485 712 526 δεῖσθαι
742 487 1146 541 προσβοηθησάντων.
1193 489 1369 541 μάλιστα
1403 492 1481 549 γὰρ
1517 495 1669 544 αὐτούς
1695 497 1778 545 εἷς5

343 546 433 603 ἔριν
454 547 577 589 ἐκίνει
604 548 676 590 καί
703 551 940 604 φιλοτιμίαν
966 551 992 604 ἧ
1018 552 1100 593 τῶν
1125 552 1322 608 λαφύρων
1339 556 1473 612 ἐλπίς,
1500 561 1572 600 καί
1588 556 1648 602 ὅτι
1673 557 1751 602 αὖ-

343 614 411 654 ‘tot'
428 608 501 654 οὐκ
527 614 570 662 ἐς
587 613 751 669 μακρὰν
778 611 937 656 ἅπαντα
963 610 1084 673 ᾤοντο
1112 621 1360 671 κομιεῖσθαι,
1398 617 1532 676 ὥσπερ
1556 617 1635 678 ἤδη
1657 622 1754 672 τούς

345 678 559 730 δυσμενεῖς
589 678 810 727 ἀνελόντες·
846 680 919 721 καί
944 682 1063 722 τοῦτο
1097 678 1220 733 μόνον
1248 687 1589 738 πεφροντισμένον
1612 687 1754 736 αὐτοῖς

344 736 455 790 ὅπως
478 740 549 795 τὴν
570 741 686 792 λείαν
707 743 1006 795 διανεμοῦνται.

451 805 525 846 κδ’.
574 802 730 861 Ἀπέβη
753 807 799 847 δὲ
819 803 930 860 ὅμως
957 809 1030 850 καί
1051 807 1228 865 θάτερον
1252 812 1333 852 τῶν
1355 814 1573 866 Μαρτίνου
1592 815 1809 870 διανοη-ιο

340 867 495 922 μάτων.
537 869 558 911 ὃ
584 870 663 926 γὰρ
692 872 806 925 λόγος
834 867 953 921 οὗτος
979 872 1047 914 διὰ
1069 875 1143 914 τοῦ
1162 875 1347 929 πλήθους
1374 877 1660 932 έξολισθήσας,
1687 880 1758 921 καὶ

342 935 562 987 πανταχοῦ
581 937 876 990 περιηγμένος,
917 938 990 978 καί
1013 940 1109 992 παρ’
1140 935 1293 988 αὗτοὺς
1323 936 1491 995 ἀφῖκται
1513 941 1611 990 τοὺς
1638 945 1757 998 Πέρ-

341 1012 439 1050 σας,
479 997 536 1047 aig
565 994 651 1054 ἄρα
685 998 852 1056 στρατιά
878 998 999 1057 ἑτέρα
1034 1001 1252 1058 εΡωμαϊκὴ
1275 1002 1378 1060 πρὸς
1407 1007 1462 1062 τῷ
1485 1003 1652 1062 Νεόκνῳ
1683 1022 1758 1047 πο-

340 1063 458 1118 ταμῷ
479 1064 740 1119 παραγέγονε,
764 1064 838 1106 καί
857 1062 952 1108 ὅσον
981 1059 1095 1108 οἷῖπω
1114 1073 1198 1115 τοῖς
1222 1070 1433 1124 προτέροις
1454 1065 1757 1123 οἷναμεμιξεται.
1819 1123 1822 1126 ‚

343 1122 507 1184 ἀφασίᾳ
530 1125 580 1183 δὴ
612 1125 687 1170 οὖν
713 1126 890 1178 ἅπαντες
915 1129 1094 1183 εἴχοντο,
1131 1131 1306 1180 δεδιότες
1329 1133 1369 1174 εἰ
1388 1134 1585 1187 μέλλοιεν,
1613 1132 1811 1177 ‘cocos-15

339 1206 424 1239 τοις
450 1186 530 1246 ἤδη
556 1190 695 1242 πόνοις
715 1196 1040 1249 τετρυχωμένοι,
1077 1193 1180 1251 πρὸς
1211 1197 1327 1244 νέους
1360 1191 1507 1245 ἄλλους
1531 1199 1602 1239 καὶ
1627 1197 1759 1252 ἀκμῆ-

310 1268 423 1303 (ζτας
455 1254 796 1311 παρατάττεσθαι
841 1260 1071 1311 πολεμίους.
1116 1258 1137 1301 ὃ
1170 1260 1217 1300 δὲ
1260 1260 1512 1315 Ναχοραγᾴν
1550 1257 1672 1304 οὖδέν
1714 1278 1760 1302 >τι

340 1319 567 1374 μελλήσας,
609 1324 680 1364 καί
709 1320 800 1377 ἴλην
833 1322 926 1365 τινὰ
951 1324 1120 1379 μετρίαν
1158 1324 1203 1365 ἐκ
1241 1326 1323 1365 τῶν
1354 1326 1576 1381 Περσικῶν
1606 1324 1760 1367 ἔστειλε

341 1383 558 1437 ταγμάτων
576 1383 656 1427 dvo}
678 1385 753 1440 τὴν
773 1386 966 1442 ἀτραπὸν
986 1389 1152 1442 ἐκείνην,
1177 1391 1275 1429 καθ’
1289 1387 1340 1442 ἢν
1365 1383 1465 1444 ᾤετο
1488 1388 1760 1444 διαβήσεσθαι

342 1446 440 1496 τούς
468 1451 565 1504 περὶ
592 1443 650 1490 ὧν
677 1450 870 1503 ἐτύγχανε
903 1453 954 1506 τῇ
984 1450 1099 1508 φήμῃ
1131 1454 1444 1507 ἐξηπατημένος.
1490 1452 1527 1494 οἱ
1555 1455 1600 1495 δὲ
1625 1469 1815 1508 παρα-πο

343 1509 578 1565 γενόμενοι,
623 1516 785 1570 σπουδῇ
818 1530 862 1555 τε
905 1517 977 1557 καί
1002 1516 1203 1574 ἀγρυπνίᾳ
1237 1514 1311 1559 οὐκ
1331 1519 1383 1566 ἐν
1412 1520 1544 1560 δέοντι
1569 1519 1762 1573 ἐχρῶντο.

343 1576 638 1630 καταλαβόντες
679 1577 755 1634 γὰρ
796 1578 847 1621 τὰ
881 1579 1073 1637 ἐπίκαιρα
1115 1583 1196 1624 τῶν
1226 1583 1418 1637 χωρίων,
1463 1580 1761 1638 ὗπεκρύπτοντο

434 1669 466 1702 6.
493 1666 599 1702 αὐτοὶ
622 1670 659 1701 R.
674 1694 683 1710 ,
720 1670 830 1714 Intpr.
865 1669 966 1716 quod
989 1671 1177 1707 crederent
1203 1685 1239 1708 se
1256 1691 1301 1698 —-
1325 1681 1599 1719 asportaturos,
1634 1671 1763 1710 atheis

434 1714 527 1759 vulg.
621 1726 677 1749 22.
700 1715 938 1762 ὖπέκρυπτον
961 1718 999 1750 R.

345 1802 487 1847 inquit,
523 1802 630 1835 etiam
668 1803 795 1845 vobis,
827 1804 895 1838 viri
932 1805 1211 1845 commilitones,
1253 1807 1322 1839 ista
1354 1805 1552 1840 videntur?
1606 1805 1653 1839 At
1681 1807 1763 1846 illi,

346 1850 462 1882 fausta
491 1849 743 1882 acclamatione
787 1850 958 1893 praefecti
996 1852 1207 1884 senteutiam
1231 1857 1272 1884 ut
1302 1853 1553 1896 aequissimam
1583 1852 1763 1896 approba-

345 1899 452 1937 runt,
485 1895 627 1939 ipsique
651 1895 765 1927 multo
799 1895 1004 1928 fidentiores
1034 1901 1117 1929 sunt
1147 1896 1307 1937 redditi,
1345 1897 1495 1940 perinde
1528 1909 1572 1930 ac
1603 1897 1634 1929 si
1662 1898 1764 1930 nullo

344 1940 417 1973 alio
441 1939 601 1973 subsidio
627 1939 838 1984 indigerent.
886 1941 1075 1985 Praecipue
1107 1952 1188 1975 vero
1223 1943 1317 1986 ipsos
1342 1941 1387 1974 ad
1412 1943 1677 1979 contentionem
1699 1951 1761 1980 ae-

347 1985 652 2030 mulationemque
670 1985 834 2019 movebat
856 1997 934 2030 spes
959 1988 1177 2031 spoliorum3
1203 1988 1370 2032 quodque
1387 1987 1486 2021 brevi
1511 1989 1629 2020 omnia
1652 1998 1690 2020 se
1706 1987 1764 2020 di-

347 2037 510 2075 repturos
535 2030 746 2075 sperabant,
781 2037 906 2075 utpote
938 2031 1100 2065 hostibus
1125 2033 1252 2065 deletis
1273 2044 1281 2074 3
1317 2038 1354 2066 et
1382 2032 1452 2066 hoc
1481 2043 1591 2065 unum
1615 2033 1667 2066 eis
1691 2037 1767 2066 erat

347 2087 462 2116 curae,
490 2087 560 2120 quo
585 2082 688 2120 pacto
714 2078 809 2110 inter
832 2087 868 2109 se
891 2077 1055 2121 praedam
1079 2079 1305 2122 partirentur.

441 2121 494 2165 24.
544 2122 671 2155 Evenit
692 2133 774 2155 vero
803 2123 910 2155 etiam
929 2122 1041 2163 aliud,
1066 2123 1163 2168 quod
1194 2123 1368 2156 Martinus
1388 2122 1506 2155 animo
1532 2125 1768 2166 praeceperat.

348 2167 482 2200 Rumor
509 2168 605 2200 euim
629 2166 691 2200 hic
715 2169 754 2200 in
780 2168 903 2212 vulgus
935 2179 1072 2212 sparsus
1107 2171 1250 2214 lateque
1290 2169 1562 2212 circumvagatus
1596 2167 1642 2200 ad
1673 2167 1771 2211 ipsos

349 2211 460 2246 etiam
484 2213 602 2246 Persas
623 2217 698 2245 erat
719 2213 874 2256 delatus3
919 2213 1016 2259 quod
1046 2214 1170 2260 utique
1207 2215 1296 2248 alter
1325 2216 1500 2247 Romanus
1533 2212 1708 2246 exercitus
1726 2211 1771 2244 ad

348 2257 535 2302 Neoguum
558 2258 704 2290 fluvium
725 2260 968 2303 pervenisset,
996 2264 1033 2291 et
1064 2260 1206 2293 iamiam
1226 2270 1262 2292 se
1289 2270 1368 2292 cum
1389 2259 1469 2292 aliis
1497 2263 1591 2291 esset
1623 2258 1772 2290 coniun-

349 2307 481 2336 cturus.
518 2304 626 2338 Pavor
650 2305 772 2349 itaque
795 2304 976 2339 universos
996 2305 1149 2345 invasit,
1173 2310 1371 2337 metuentes
1393 2305 1447 2345 si,
1480 2315 1559 2340 cum
1582 2303 1691 2338 tantis
1716 2303 1771 2335 la-

349 2347 500 2381 boribus
519 2349 634 2382 attriti
656 2355 774 2382 essent
787 2374 797 2389 ‚
823 2349 986 2383 adversus
1005 2356 1183 2383 recentem
1201 2351 1428 2396 integrasque
1446 2350 1538 2384 vires
1555 2348 1773 2385 adferentem

351 2395 547 2427 exercitum
567 2394 653 2438 ipsis
679 2394 940 2439 confligendum
965 2401 1066 2430 esset.
1129 2395 1357 2440 Nachoragan
1381 2405 1463 2428 vero
1507 2393 1601 2427 nihil
1630 2397 1773 2426 cuncta-

350 2444 433 2479 tus,
454 2439 668 2474 mediocrem
692 2440 855 2485 equitum
882 2445 1032 2473 turmam
1062 2452 1080 2473 c
1105 2442 1250 2476 Persicis
1277 2441 1475 2486 agminibus
1505 2439 1604 2472 misit
1626 2436 1671 2470 ad
1694 2448 1774 2471 eum

350 2489 517 2524 tractum,
536 2496 601 2529 per
624 2495 729 2529 quem
749 2485 899 2529 putabat
916 2486 1126 2519 transituros
1154 2487 1248 2527 iilos,
1276 2486 1318 2519 de
1347 2486 1476 2531 quibus
1494 2484 1586 2517 sama
1607 2482 1774 2526 deceptus

353 2535 451 2572 erat3
488 2531 550 2575 qui
584 2540 662 2562 cum
686 2542 728 2563 eo
755 2532 944 2570 venissent,
971 2543 1098 2576 magna
1121 2531 1307 2576 diligentia
1322 2531 1574 2575 vigilantiaque
1586 2527 1779 2560 utebantur

354 2575 393 2607 in
414 2587 451 2611 re
479 2586 746 2619 supervacanea.
796 2576 985 2619 Occupatis
1008 2579 1100 2610 enim
1116 2577 1430 2622 opportunioribus
1446 2575 1555 2614 locis,
1581 2584 1623 2606 ex
1635 2572 1778 2615 insidiis

356 2621 610 2664 operiebantur
629 2632 710 2662 cos,
739 2621 803 2666 qui
823 2633 1051 2667 nequaquam
1076 2628 1175 2656 erant
1196 2623 1354 2664 venturi,
1379 2633 1421 2655 eo
1451 2620 1618 2654 videlicet
1642 2620 1779 2657 animo,

356 2667 453 2702 utin
474 2667 569 2712 ipsos
591 2677 712 2700 secure
743 2667 1050 2714 tumnltuarieqiie
1076 2668 1309 2713 procedentes
1323 2692 1333 2710 ,
1357 2667 1455 2713 quod
1481 2664 1648 2704 nimirum
1677 2665 1783 2700 inex—
