1832 3152
295 94 404 160 248
851 111 1122 154 AGATfflAE

99 217 187 253 A.C.
209 219 275 253 556
289 225 346 265 φη
364 242 377 262 ,
416 208 490 251 καὶ
519 212 598 252 τῶν
633 213 717 259 τοῖς
749 210 911 264 γονεῦσι
941 213 1244 265 τετολμημένων
1275 208 1396 253 οῦδὲν
1425 211 1688 267 ἐπιστάμενοι,

146 265 170 296 Ῑ·
192 265 272 299 Ῑ·30
285 279 491 327 παροινεῖν
520 271 627 315 οὕτω
653 275 725 315 καί
753 270 1010 329 ἀφυβρίζειν.
1060 270 1206 318 οὔκουν
1238 273 1379 325 αὐτοῖς
1416 277 1511 318 οὐδὲ
1554 273 1691 319 ἀποινὶ

285 339 405 378 τοῦτο
426 334 674 391 ἡμάρτηται.

391 399 436 442 κ’.
484 403 564 454 Τῆς
583 401 661 456 γάρ
688 400 833 450 νυκτὸς
855 399 1013 458 ἀπάσης
1035 405 1080 445 ἐν
1097 406 1274 446 τοιοῖσδε
1295 411 1431 457 κακοῖς
1452 407 1690 448 &avve-9⁸1¹-

283 479 380 519 σης,
419 459 498 519 ἤδη
534 481 578 506 τε
606 464 793 516 δόξαντος
818 469 894 507 τοῦ
919 469 1077 522 χωρίου
1112 470 1470 524 ἐκπεπορθῆσθαι,
1506 471 1599 512 τότε
1634 469 1712 525 δὴὅ

283 523 427 583 ἄνδρες
457 530 538 570 τῶν
574 532 846 582 Μισιμιανῶν
872 533 914 579 ἐς
937 534 1226 580 πεντακοσίους
1258 527 1306 572 εὖ
1327 532 1438 585 μάλα
1465 538 1691 590 τεθωρακι-

282 589 446 646 σμένοι,
491 594 566 635 τοῦ
601 596 802 650 φρουρίου
843 593 1060 648 ἐκβάντες,
1089 597 1131 644 ἐς
1172 595 1274 637 αὐτὸ
1318 595 1368 651 δὴ
1409 596 1456 638 τὰ
1492 600 1690 652 λυκαυγὲς

241 659 528 713 Βέπέρχονται
561 664 647 707 τοῖς
675 659 894 711 Ῥωμαίοις
926 656 1173 715 ἀφυλάκτως
1209 662 1476 713 διακειμένοις
1486 694 1500 714 ,
1539 660 1611 703 διὰ
1641 661 1688 703 τὰ

284 721 445 764 οἴεσθαι
467 723 692 764 τελεώτατα
715 726 1012 779 κεκρατηκέναι.
1040 726 1111 766 καί
1126 723 1349 778 πλήττουσι
1367 726 1443 777 μὲν
1462 723 1559 774 τούς
1578 726 1691 767 πλεί-

282 802 429 840 στους,
458 782 641 836 ἅπαντας
676 790 722 830 δὲ
756 790 798 837 ἐς
820 787 958 844 φυγήν
982 791 1222 845 ἐτρέψαντο,
1244 788 1476 845 βιαιότερον
1490 791 1746 840 ἐξωθοῦν-ιο

283 866 362 899 τες.
408 851 446 891 οἱ
477 853 523 893 δὲ
554 851 625 902 ξύν
649 856 815 908 ταραχῇ
849 852 919 893 ἐπὶ
948 852 994 895 τὸ
1027 853 1218 902 κάταντες
1244 853 1501 908 ὑπαγόμενοι,
1529 854 1692 907 συχνῶν

281 930 326 955 τε
349 914 421 956 καί
448 915 643 958 ποικίλων
662 919 912 972 τραυμάτων
937 918 1130 959 ἀνάπλεοι
1156 920 1199 967 ἐς
1218 917 1263 960 τὰ
1297 916 1573 974 στρατόπεδον
1591 919 1693 958 ἐπα-

282 980 465 1033 νῆλθον,
501 985 584 1029 τοῖς
617 997 658 1022 τε
690 981 890 1030 ἀκοντίοις
919 983 1000 1023 τῶν
1030 982 1234 1035 πολεμίων
1259 986 1499 1038 βληθέντες,
1535 983 1607 1024 καί
1633 982 1693 1038 τῷ

283 1043 541 1097 περιπταιῖειν
581 1043 702 1097 θαμά
733 1051 825 1093 ταῖς
863 1047 1032 1101 πέτραις
1073 1048 1436 1102 δίακεχαραγμένοι
1466 1044 1518 1087 τὰ
1557 1046 1692 1100 σκέλη·

287 1106 360 1148 καὶ
382 1109 446 1148 ἐπ’
468 1109 617 1149 ἐκεῖνον
635 1110 712 1160 μὲν
739 1103 866 1158 αὖθις
891 1107 962 1151 τὸν
987 1108 1182 1152 σκόπελον
1215 1112 1404 1167 ἀνέρπειν
1435 1106 1583 1166 ἥκιστα
1607 1111 1743 1156 διε-15

281 1172 459 1223 νοοῦντο,
488 1174 544 1229 τῷ
568 1173 613 1213 δὲ
633 1172 834 1230 περιβόλῳ
865 1174 1137 1230 ἐπιφέρεσθαι
1162 1171 1189 1232 ᾗ
1210 1177 1368 1228 μᾶλλον
1405 1175 1606 1229 ἐπίμαχος
1631 1171 1684 1216 εἶ-

277 1250 347 1275 ναι
374 1235 527 1290 ἐδόκει,
565 1238 637 1277 καί
658 1233 745 1289 ἅμα
775 1236 851 1292 τὴν
873 1237 1036 1294 τάφρον
1071 1239 1391 1292 καταχωννύναι.
1432 1239 1504 1281 και)
1548 1240 1690 1282 τοίνυν

156 1303 190 1340 Ρ.
209 1304 277 1344 129
288 1299 487 1348 οἰκίσκους
517 1298 630 1350 τινάς
656 1300 727 1341 καί
747 1300 927 1355 καλύβας
946 1304 1230 1357 πλησιαίτερον
1247 1304 1529 1358 τεκτηνάμενοι
1551 1305 1597 1344 ἐκ
1615 1305 1693 1344 τοῦ

279 1364 493 1419 ἀσφαλοῦς
526 1364 841 1418 ἐτειχομάχουν,
885 1372 1092 1420 μηχαναῖς
1129 1382 1172 1408 τε
1200 1367 1406 1422 χρώμενοι
1444 1368 1516 1408 καὶ
1545 1366 1690 1424 τοξείᾳ,

278 1427 350 1468 καί
377 1423 486 1485 ἄλλῳ
514 1427 668 1485 ὄτῳοῧν
698 1427 835 1486 τρόπῳ
865 1429 1161 1485 χαλεπωτάτην
1181 1436 1265 1479 τοῖς
1282 1430 1398 1473 ἔνδον
1420 1430 1492 1471 καί
1519 1426 1742 1478 daniam-20

277 1507 374 1534 στον
411 1492 646 1545 ποιούμενοι
682 1491 758 1547 την
792 1497 1040 1549 πολιορκίαν.
1085 1494 1123 1535 οἱ
1161 1495 1206 1536 δὲ
1236 1494 1443 1550 βάρβαροι
1477 1495 1690 1548 ἐμόχθουν

275 1559 352 1608 μὲν
381 1556 547 1612 σφόδρα
571 1556 643 1598 καί
670 1559 903 1610 ἐπιέζοντο,
946 1556 1053 1612 πλήν
1081 1554 1171 1600 ἀλλ’
1197 1553 1310 1599 οὔπω
1341 1557 1508 1601 ἀνίεσαν
1535 1556 1690 1612 ἀμυνό-

275 1637 402 1673 μενοι.
430 1617 509 1677 ἤδη
547 1620 624 1677 γάρ
654 1638 759 1671 τινες
783 1623 994 1664 σπαλίωνα
1017 1622 1274 1676 κομίζοντες,
1311 1625 1374 1665 ἐπ’
1405 1624 1538 1666 ἐκεῖνα
1561 1622 1612 1679 δὴ
1637 1624 1689 1666 τά

365 1711 398 1755 4.
423 1712 464 1746 ἐν
486 1718 564 1750 τοῖς
586 1717 703 1751 τοιοῒς
723 1715 766 1749 Β.
885 1715 916 1750 5.
941 1715 1004 1748 Pro
1029 1723 1068 1748 τε
1089 1716 1126 1748 R.
1149 1713 1198 1748 δὲ.
1291 1727 1344 1749 22.
1371 1713 1524 1753 ἀνίεσαν
1534 1717 1572 1750 Β.
1591 1716 1687 1763 (CL),

366 1757 531 1800 a’uq'wav
555 1760 647 1804 vulg.
742 1762 795 1796 23.
820 1757 882 1795 ἐπ’
903 1761 1029 1796 ἐκεῖνα
1054 1761 1091 1794 Β.
1113 1761 1208 1807 (CL),
1251 1759 1425 1798 ἐπέκεινα
1445 1762 1536 1806 vulg.

276 1845 409 1891 quique
438 1858 571 1889 eorum,
593 1858 683 1892 quae
714 1852 879 1892 parentes
909 1849 1065 1892 ipsorum
1080 1852 1335 1893 perpetrarant,
1359 1850 1564 1895 neutiquam
1587 1854 1688 1884 erant

273 1893 417 1933 conscii,
433 1904 544 1938 usque
562 1893 650 1927 adeo
665 1893 770 1927 foede
787 1895 936 1937 saevire3
955 1894 1004 1926 ita
1023 1895 1074 1928 eis
1093 1895 1224 1928 factum
1240 1894 1309 1928 hoc
1326 1906 1399 1928 non
1415 1896 1559 1940 impune
1580 1895 1681 1930 abiit.

363 1970 416 1993 20.
463 1959 576 1997 Nocte
598 1960 691 1994 enim
714 1965 789 1994 tota
822 1961 860 1994 in
886 1959 984 1993 hisce
1007 1960 1108 1995 malis
1140 1965 1334 2000 transacta,
1360 1972 1438 1994 cum
1475 1963 1546 1995 iam
1589 1967 1686 1996 totus

271 2004 335 2037 ille
355 2010 486 2038 tractus
505 2011 660 2039 vastatus
678 2005 878 2046 videretur,
901 2011 975 2041 tum
997 2017 1078 2039 vero
1103 2017 1147 2038 ex
1167 2006 1379 2043 Misimianis
1403 2008 1469 2040 viri
1498 2008 1685 2053 quingenti

272 2051 405 2093 optime
424 2053 558 2092 armati,
578 2051 754 2095 praesidio
773 2052 917 2096 egressi,
941 2051 1007 2084 sub
1029 2052 1145 2095 ipsum
1165 2051 1360 2084 diluculum
1379 2054 1551 2087 Romanos
1581 2055 1684 2086 inva-

271 2094 380 2135 dunt,
404 2096 518 2128 nullas
539 2102 602 2129 aut
618 2097 759 2141 exiguas
781 2097 946 2131 excubias
965 2103 1126 2140 agentes,
1151 2097 1246 2144 quod
1266 2104 1432 2142 putarent
1453 2109 1490 2132 se
1511 2100 1684 2143 plenissi-

268 2151 326 2172 ma
344 2142 489 2173 victoria
512 2143 665 2186 potitos3
690 2148 726 2175 et
744 2143 915 2186 plurimos
935 2142 1081 2188 quidem
1103 2142 1255 2176 caedunt
1270 2169 1279 2183 ‚
1309 2155 1429 2177 omnes
1450 2154 1533 2178 vero
1560 2146 1600 2179 in
1622 2145 1682 2177 fu-

268 2197 346 2229 gam
365 2191 522 2227 vertunt,
551 2188 727 2226 violenter
748 2189 986 2232 expellente83
1019 2188 1074 2220 illi
1099 2199 1181 2221 vero
1212 2190 1419 2222 turbulente
1449 2190 1488 2223 in
1514 2201 1681 2236 praeceps

267 2233 351 2271 acti,
377 2232 695 2280 frequentibusque
714 2239 750 2267 et
768 2234 872 2266 variis
897 2233 1100 2267 vulneribus
1118 2234 1230 2278 pleni,
1249 2236 1289 2274 in
1307 2240 1417 2268 castra
1435 2241 1518 2269 sunt
1537 2236 1680 2277 reversi,

268 2282 306 2309 et
326 2277 407 2310 telis
425 2276 580 2310 hostium
598 2280 674 2319 icti,
708 2284 754 2320 et,
771 2279 867 2324 quod
886 2279 1091 2323 frequenter
1115 2280 1151 2312 in
1170 2287 1287 2324 petras
1313 2280 1552 2323 offendissent,
1578 2282 1682 2315 tibiis

268 2324 416 2366 graviter
429 2325 603 2364 sauciatis,
626 2324 714 2358 adeo
735 2331 776 2358 ut
795 2326 844 2358 eis
861 2324 977 2358 denuo
997 2326 1036 2358 in
1052 2327 1234 2369 scopulum
1252 2327 1353 2359 illum
1365 2327 1586 2371 sui-reptandi
1604 2329 1683 2360 ani-

267 2378 342 2400 mus
356 2380 428 2406 non
449 2375 552 2410 esset,
575 2370 636 2403 sed
654 2382 791 2403 murum
809 2372 940 2415 potius,
954 2382 1021 2415 qua
1042 2377 1142 2414 parte
1161 2374 1395 2416 opportunior
1425 2374 1679 2417 oppugnationi

266 2414 456 2454 videretur,
485 2414 669 2451 adoriendi
699 2416 876 2461 simulque
909 2417 1035 2449 fossam
1055 2418 1235 2461 opplendi.
1284 2419 1458 2464 Quocirca
1482 2418 1678 2452 domuncu-

264 2459 310 2492 lis
329 2459 538 2504 quibusdam
559 2466 596 2495 et
616 2463 766 2506 tuguriis
792 2462 938 2505 propius
971 2464 1123 2502 structis,
1149 2475 1168 2496 e
1207 2469 1284 2497 tuto
1329 2475 1464 2497 murum
1495 2474 1676 2508 oppugna-—

264 2504 373 2545 bant,
405 2505 579 2540 machinis
603 2509 734 2552 pariter
753 2512 892 2542 utentes
923 2512 958 2540 et
988 2509 1222 2549 iaculatione,
1256 2516 1292 2543 et
1319 2511 1390 2543 alio
1421 2509 1544 2554 quovis
1571 2510 1676 2543 modo

265 2551 499 2594 gravissimam
518 2552 575 2593 iis,
604 2553 666 2602 qui
687 2553 782 2585 intus
805 2558 916 2594 erant,
934 2554 1266 2600 intolerabilemque
1285 2555 1507 2590 obsidionem
1524 2554 1677 2588 efficien—

261 2600 325 2628 tes.
372 2597 517 2631 Barbari
548 2609 630 2632 vero
659 2598 888 2632 vehementer
914 2599 1144 2640 laborabant,
1168 2602 1388 2646 graviterque
1405 2599 1675 2644 premebantur;

262 2642 420 2678 nondum
440 2648 558 2678 tamen
577 2654 652 2678 sese
671 2644 763 2684 tueri
787 2644 1016 2680 desistebant.
1066 2646 1137 2683 Iam
1162 2647 1256 2680 enim
1274 2645 1438 2684 nonnulli
1460 2645 1675 2686 testudinem
