1832 3152
552 136 932 180 ms'romARoM
961 140 1053 184 ⁴111.
1088 143 1156 186 22.
1462 114 1567 189 187

141 243 228 288 τῶν
238 240 420 297 Περσῶν
442 235 705 295 ἀφῃρῆσθαι·
731 231 860 280 αὗται
884 237 934 293 δὴ
963 233 1038 281 οὖν
1062 237 1109 281 αἱ
1131 237 1429 295 τριακόντοροι,
1458 232 1623 281 ‹inat-A.
1639 245 1676 279 C.
1701 245 1767 280 555

128 325 206 359 τας
225 305 401 361 ἔχουσαι
424 303 605 359 Μήδους
617 337 631 357 ,
667 304 713 346 ἐν
743 304 799 360 τῷ
823 306 995 361 ποταμῷ
1020 304 1317 358 ἐναυλοχοῦντο
1347 301 1566 349 καλωδίοις
1583 294 1609 327 1·-
1624 293 1710 338 1¹29

126 373 200 428 τῆς
219 373 294 426 γῆς
321 371 557 425 ἕξημμέναι.
586 366 734 418 νυκτὸς
764 370 811 410 δὲ
840 371 1166 424 ἐπιλαβομένης,
1197 367 1234 409 οἳ
1262 369 1340 420 μὲν
1360 362 1510 422 ἄνδρες
1530 366 1575 406 ἐν

127 433 276 485 αὖταῖς
296 433 529 476 ἐκάθευδον
555 431 752 484 ἅπαντες·
779 436 854 476 τοῦ
873 436 919 476 δὲ
939 434 1021 490 ῥοῦ
1052 435 1205 476 πολλοῦ
1224 433 1471 489 φερομένου,
1499 428 1574 472 καὶ

90 499 179 548 ιὅτιὶ
204 502 413 553 πείσματα
447 501 716 549 διατείνοντος
753 503 806 556 τῇ
841 498 1041 557 ’ὖπαγωγῇ
1083 501 1167 541 τῶν
1198 498 1412 551 ὁλκάδων,
1444 495 1576 552 dno&-

127 565 326 625 ῥήγνυται
349 568 402 622 τῇ
421 567 500 623 μιᾷ
524 563 544 606 ὃ
565 563 712 618 δεσμὸς
738 566 1001 617 ἐξαπιναίως·
1029 561 1183 621 ἄφετον
1207 566 1252 607 δὲ
1278 561 1406 618 αὐτὴν
1427 563 1451 618 ἡ
1483 562 1575 617 δίνη
1587 573 1628 608 V.
1643 585 1688 618 70

125 632 314 686 λαβοῦσα
346 634 420 673 καί
455 632 711 686 ἐλευθέραν,
754 630 829 672 καί
866 627 962 672 οὔτε
991 632 1173 687 εἰρεσίας
1210 626 1575 684 ἀντιπραττούσης,

111 692 223 741 οὔτε
244 696 449 752 πηδαλίου
474 694 657 754 ἑτέρωθί
669 713 748 739 που
772 698 1003 750 ἰθύνοντος,
1032 695 1199 750 κατάγει
1219 711 1307 743 πως
1330 693 1461 749 αὐτὴν
1482 691 1615 744 ὀξύ-Ι)

125 780 234 806 τατα
262 765 305 813 ἐς
331 761 378 804 τὸ
407 763 575 818 πρόσω,
626 764 699 804 καί
735 762 1007 818 παραδίδωσι
1037 767 1126 811 τοῖς
1155 759 1272 817 ἀμφὶ
1301 759 1579 814 Δαβραγέζαν

61 828 370 882 ,ιο“Ρωμαιὀις.
417 827 454 869 οἱ
483 829 529 869 δὲ
567 825 798 880 ἐσιδόντες,
840 823 1013 881 ἄσμενοι
1051 823 1162 869 εἶλον
1192 824 1239 867 τὸ
1262 825 1460 882 θήραμα,
1506 822 1581 864 καὶ

112 894 392 950 ε’πετέρποντο
412 896 463 950 τῇ
483 892 706 950 ξυντυχίᾳ,
737 889 803 934 ὅτι
823 909 870 947 γε
898 893 1043 942 αὐτοῖς
1070 889 1145 948 ἥδε
1173 891 1200 947 ἧ
1226 893 1329 942 ναῦς
1357 889 1450 945 κενὴ
1475 885 1577 945 πρό-

124 974 242 1015 τερον
267 958 534 1010 ἀπελθοῦσα,
563 956 653 1000 τότε
678 955 728 1013 δὴ
759 958 928 1013 ἀνδρῶν
960 956 1176 1007 ἀνάπλεως
1203 958 1416 1012 ἐπανῆκεν.

141 1066 146 1070 ,
235 1022 311 1078 ’‘13'-
360 1019 428 1066 Ἐν
458 1021 588 1080 τούτῳ
614 1024 660 1064 δὲ
685 1021 706 1064 ὅ
737 1022 999 1079 Ναχοραγάν
1027 1021 1168 1080 ἁπάσῃ
1190 1025 1239 1080 τῇ
1266 1022 1444 1075 δυνάμει
1468 1015 1575 1077 ἄρας

123 1090 172 1132 ἐκ
200 1090 276 1130 τοῦ
303 1090 604 1144 στρατοπέδου,
641 1090 698 1146 τῷ
724 1083 842 1130 ἄστει
867 1091 1092 1142 ἐπέλαζεν,
1136 1086 1500 1144 άκροβολίσασθαί
1528 1103 1575 1128 τε

75 1154 410 1209 ι5βουλόμενος,
443 1156 516 1196 καί
545 1153 782 1209 ἀπόπειραν
818 1153 1082 1209 ποιήσασθαι
1122 1158 1206 1196 τῶν
1234 1152 1486 1206 ζΡωμαίων,
1532 1153 1572 1194 εἰ

109 1222 325 1270 ,ἑπεξιάσι-
374 1222 503 1278 ταύτῃ
544 1237 590 1262 τε
629 1222 875 1277 σαφέστατα
915 1221 1167 1274 διαγνῶναι,
1221 1215 1332 1268 ὅπως
1371 1215 1486 1275 αὐτῷ
1514 1220 1575 1267 εἰς

109 1283 275 1342 ,ἑτέραν
295 1283 348 1327 τὰ
370 1287 413 1335 ἐς
426 1285 500 1328 τὸν
523 1284 702 1339 πόλεμον
722 1288 1080 1342 παρασκευαστὲα.
1109 1283 1205 1326 τότε
1230 1283 1279 1339 δὴ
1305 1280 1382 1326 οὖν
1401 1282 1439 1325 οἱ
1452 1285 1574 1339 Πέρ-

114 1367 224 1404 -σαι,
250 1348 403 1407 ἐπειδὴ
424 1353 467 1400 ἐς
501 1348 619 1402 τόξου
653 1350 781 1406 βολήν
811 1351 1022 1407 ἀφίκοντο,
1056 1347 1206 1392 αὐτίκα
1237 1351 1322 1404 οἵγε
1331 1383 1343 1402 ,
1374 1352 1496 1390 τοῦτο
1519 1347 1571 1403 δὴ

111 1416 268 1465 Δαὐτοῖς
287 1414 334 1457 τὸ
358 1416 606 1470 εἰθισμένον,
629 1414 752 1469 θαμά
784 1414 1093 1467 ἐπετοξάζοντο·
1124 1417 1272 1457 πολλοί
1286 1431 1329 1456 τε
1355 1416 1437 1456 τῶν
1466 1414 1572 1457 Ῥω-

72 1483 262 1536 ῃομαίων
283 1483 540 1538 τρωθέντες,
580 1481 618 1523 οἱ
650 1483 730 1536 μὲν
762 1480 826 1524 ἔτι
858 1479 1112 1535 ἀμυνόμενοι
1142 1478 1342 1535 ἀντεῖχον,
1383 1479 1484 1522 ἔνιοι
1520 1480 1566 1521 δὲ
1577 1489 1675 1530 Ρ,98

124 1549 199 1591 καί
226 1544 438 1601 ἀπόμαχοι
464 1548 684 1603 ἐγιῇινοντο.
728 1543 930 1603 ’Ἁγγιλας
969 1548 1015 1588 δὲ
1058 1546 1131 1589 καί
1182 1544 1447 1599 Φιλομάθιος
1493 1547 1568 1587 καί

123 1614 208 1655 τῶν
233 1613 344 1670 ἄμφ’
370 1611 525 1663 αὖτοὺς
547 1612 766 1669 ταγμάτων
799 1609 951 1670 ἄνδρες
976 1614 1019 1662 ἒς
1045 1614 1306 1664 διακοσίους,
1336 1612 1408 1652 καί
1431 1612 1568 1652 ταῦτα

122 1681 419 1736 προειρημένον
440 1678 580 1737 ἁπάσῃ
611 1682 663 1736 τῇ
684 1681 860 1737 στρατιᾷ
882 1677 964 1720 ὑπὸ
986 1680 1210 1735 Μαρτίνου
1229 1679 1368 1730 μένειν
1391 1677 1566 1725 ἕκαστον

214 1749 247 1782 3.
275 1747 340 1780 Pro
364 1746 428 1792 τῆς
454 1749 523 1792 γῆς
545 1749 583 1780 R.
612 1748 724 1781 τισὶν.
796 1748 828 1782 8.
853 1756 913 1779 πω
934 1747 972 1779 R.
997 1757 1062 1790 pro
1085 1756 1175 1781 που,
1270 1756 1302 1789 9.
1326 1743 1569 1790 Δαβραγέζαν

213 1794 251 1826 R.
283 1805 303 1826 a
329 1805 359 1827 2.
384 1806 454 1834 m.‚
485 1794 738 1839 Λαβραγέζοις
767 1806 794 1829 1.
819 1805 888 1834 m.‚
914 1793 1147 1827 Dabracezes
1167 1790 1292 1836 Intpr.‚
1317 1789 1568 1836 Λαβραγάζαν

212 1840 310 1886 vulg.
368 1852 421 1876 ιο.
444 1840 638 1878 ἐπιδόντες
661 1842 700 1874 R.
800 1853 851 1885 19.
874 1837 981 1885 θαμὰ
1008 1851 1075 1872 om.
1106 1841 1144 1872 R.

119 1902 268 1949 inquam
286 1927 296 1943 ,
327 1912 433 1936 naves
463 1901 642 1934 militibus
675 1901 789 1946 gravis
823 1906 1025 1934 armaturae
1062 1907 1164 1935 erant
1191 1901 1410 1942 instructae,
1455 1906 1565 1947 atque

121 1949 174 1985 ita
196 1949 411 1983 rudentibus
440 1948 485 1981 ad
510 1959 609 1981 oram
642 1949 838 1993 alligatae3
871 1953 981 1981 noctu
1013 1959 1100 1982 vero
1138 1948 1401 1982 dormientibus
1438 1948 1475 1980 in
1512 1948 1564 1980 eis
1600 1975 1604 1979 .

125 1995 327 2038 universis,
357 2007 438 2028 cum
485 2000 604 2027 aestus
641 1995 766 2039 ingens
804 2000 898 2027 esset
929 1994 1078 2028 obortus
1118 2001 1155 2028 et
1182 1994 1352 2027 rudentes
1378 1993 1566 2028 distende-

124 2045 200 2082 ret,
234 2041 465 2087 depressione
491 2040 760 2087 agitationeque
786 2041 1011 2086 navigiorum
1035 2042 1183 2076 alterius
1217 2042 1359 2074 illarum
1380 2041 1566 2074 vinculum

123 2093 272 2132 repente
321 2093 376 2122 est
426 2088 657 2132 disruptum3
708 2099 817 2134 quam
857 2099 936 2120 cum
969 2093 1096 2121 vortex
1141 2088 1295 2121 solutam
1336 2087 1565 2132 liberamque

122 2134 337 2179 accepisset,
389 2145 509 2180 neque
562 2134 616 2166 illi
652 2134 712 2167 vel
746 2134 896 2178 remigio
929 2133 1068 2175 obniti,
1114 2135 1173 2167 vel
1216 2133 1458 2179 gubernaculo
1492 2135 1564 2167 ali-

121 2191 241 2213 orsum
269 2191 347 2214 eam
375 2180 530 2226 dirigere
558 2185 727 2224 possent,
753 2181 939 2225 abreptam
967 2181 1194 2225 rapidissime
1229 2181 1488 2227 celerrimeque
1517 2180 1564 2214 ad

121 2227 308 2269 Romanos,
332 2228 465 2274 quibus
490 2225 712 2270 Dabragezas
734 2233 911 2272 praeerat,
937 2227 1067 2268 defert,
1092 2228 1155 2274 qui
1191 2226 1339 2273 quidem
1364 2238 1442 2260 eam
1473 2238 1562 2260 con-

120 2273 280 2317 spicati,
319 2273 408 2307 laeti
446 2278 644 2319 ceperunt,
678 2274 931 2319 insperataque
967 2279 1114 2318 captura
1147 2278 1232 2307 sunt
1277 2274 1428 2318 gravisi,
1463 2273 1563 2319 quod

118 2319 231 2361 navis,
257 2330 349 2365 quae
373 2325 479 2354 antea
505 2331 614 2354 vacua
636 2319 681 2351 ab
709 2321 796 2364 ipsis
825 2319 976 2361 abierat,
1002 2321 1088 2354 viris
1116 2321 1224 2365 plena
1249 2319 1428 2354 rediisset.

214 2378 270 2400 υ.
318 2367 458 2401 Interea
480 2366 716 2410 Nachoragan
743 2378 824 2399 cum
850 2367 1017 2400 universo
1045 2368 1204 2400 exercitu
1230 2377 1249 2399 e
1270 2368 1394 2399 castris
1414 2376 1560 2399 movens

118 2411 203 2445 urbi
231 2413 559 2459 appropinquavit,
591 2411 776 2446 velitando
805 2418 842 2446 et
873 2413 1065 2447 iaculando
1096 2419 1237 2447 tentare
1267 2414 1391 2446 volens
1427 2415 1562 2446 Roma-

109 2470 204 2500 ⁴nos,
226 2470 272 2491 an
304 2460 531 2503 eruptionem
560 2459 742 2501 facerent;
776 2471 892 2505 eaque
915 2460 1056 2493 ratione
1079 2459 1305 2505 apertissime
1334 2469 1561 2504 cognoscere,

118 2516 192 2550 quo
217 2510 322 2550 pacto
347 2505 418 2538 sibi
442 2505 481 2538 in
516 2510 726 2551 sequentem
751 2506 848 2539 diem
873 2517 928 2539 res
951 2506 1106 2539 bellicae
1131 2505 1400 2551 praeparandae
1427 2510 1559 2538 essent.

116 2551 245 2584 Persae
281 2552 407 2597 itaque
441 2552 659 2597 simulatque
695 2551 740 2585 ad
776 2553 842 2585 teli
874 2553 1012 2586 iactum
1051 2558 1323 2598 pervenerunt,
1365 2551 1560 2586 confestim

115 2607 216 2631 more
239 2609 303 2631 suo
332 2599 516 2643 ingentem
544 2599 749 2643 sagittarum
773 2599 846 2632 vim
875 2600 1067 2640 emittunt,
1094 2600 1291 2643 multisque
1319 2600 1559 2632 Romanorum

115 2644 337 2685 vulneratis,
371 2645 435 2677 alii
460 2643 607 2690 quidem
634 2645 752 2678 adhuc
775 2646 969 2690 pugnando
996 2646 1235 2685 resistebant,
1259 2646 1322 2678 alii
1348 2655 1467 2689 pugna
1491 2655 1559 2677 ex-

119 2696 314 2727 cesserunt.
361 2691 507 2735 Augilas
541 2701 625 2724 vero
662 2697 700 2724 et
721 2690 982 2726 Philomathius
1017 2697 1055 2726 et
1082 2704 1126 2725 ex
1159 2694 1316 2736 ipsorum
1353 2690 1556 2737 agminibus

116 2733 186 2770 viri
210 2737 370 2780 ducenti,
396 2737 538 2772 tametsi
565 2737 743 2773 Martinus
776 2738 943 2775 universo
972 2739 1148 2774 exercitui
1182 2739 1389 2784 imperarat,
1418 2742 1460 2771 ut
1492 2749 1556 2771 suo
