1794 3112
721 162 1036 203 PRAEFATIO.
1551 145 1582 199 5

153 256 229 303 θοὶ
245 259 327 302 τῶν
347 258 538 310 πολέμων
560 253 790 311 ἀγωνισταὶ
807 258 1010 314 λαφύρων
1032 275 1077 313 γε
1094 259 1224 312 μόνον
1242 262 1313 303 καί
1326 252 1402 302 rest)
1422 277 1587 317 παραυ-
1600 274 1626 308 c

151 327 245 367 τίκα
273 325 494 379 κερδαλέου
528 322 741 378 ἐφιέμενοι
757 356 770 376 ,
798 323 842 371 ἐς
879 320 1093 378 προῦπτόν
1123 341 1169 367 τε
1201 325 1273 368 καί
1294 328 1478 382 διαφανῆ
1501 328 1587 368 m'u-

153 391 280 432 δυνον
302 390 415 445 σφᾶς
439 384 591 437 αύτούς
613 388 811 443 ἀφιᾶσιν·
841 387 948 429 ἀλλά
979 386 1100 443 δόξης
1120 386 1348 447 ἀμφότεροι
1372 394 1484 433 ἕκατι
1517 395 1589 446 βε·-

152 456 278 507 βαίας
297 469 343 496 τε
366 452 440 495 καί
463 449 696 508 ἀκηράτου,
724 450 776 507 ἢν
797 452 878 505 οὔχ
899 449 987 494 οἶόν
1018 469 1063 493 τε
1088 449 1224 502 ἄλλως
1260 454 1588 511 καρπώσασθαι,

114 514 183 574 ’ὄῆ
203 519 278 573 τῆς,
299 516 485 574 ἱστορίας
506 515 658 566 αὐτούς
688 517 1081 571 ἀπαθανατιζούσης
1097 534 1109 544 ·
1137 517 1219 571 οὐχ
1249 516 1315 561 οἷα
1341 518 1390 562 τά
1419 519 1591 573 Ζαμόλ-

153 583 264 634 ξιδος
300 582 459 635 νόμιμα
491 581 564 624 καί
595 582 621 637 ἡ
666 585 707 624 Γ
705 581 816 636 ετικη
858 580 1188 637 παραφροσύνη,
1217 583 1308 624 ἀλλ’
1341 583 1397 632 ὥς
1420 581 1590 640 ἀληθῶς

151 645 292 704 τρόπῳ
320 646 406 689 τινι)
432 646 535 705 θείῳ
573 662 619 688 τε
654 645 727 688 καί
763 644 964 703 ἀθανάτῳ
973 679 985 698 ,
1015 645 1089 687 καί
1115 641 1149 704 ᾧ
1185 646 1297 705 μόνῳ
1329 646 1503 689 δύναται
1535 646 1627 692 τάΙ)

150 710 287 767 θνητοὶ
303 713 347 761 ἐς
368 708 438 754 ἀεὶ
455 710 732 766 διαβιώσκειν.
761 710 907 769 ῥᾴδιον
924 713 1005 764 μὲν
1029 707 1106 754 οὖν
1122 708 1270 766 ἥκιστα
1291 706 1343 754 ἂν
1371 712 1432 767 εἴη
1457 711 1588 754 ἅπαν-

152 793 207 818 τα
226 777 422 828 διεξιέναι
441 778 512 818 καί
531 774 883 832 ἀπαριθμεῖσθαι,
911 775 1072 819 ὁπόσων
1094 777 1265 831 ἀγαθῶν
1282 776 1310 832 ἤ
1334 777 1497 833 ἱστορία
1518 776 1589 819 τὸν

105 843 247 896 Ιοβίον
273 841 502 896 ἐμπίπλησι
521 840 596 883 τὸν
620 839 907 898 ἀνθρώπειον·
936 842 994 890 ὥς
1015 843 1061 883 δὲ
1085 843 1319 897 συλλήβδην
1352 843 1500 894 εἰπεῖν,
1529 838 1590 884 οἶ-

149 906 238 960 μαί
263 922 310 962 γε
343 905 475 962 αὐτὴν
503 909 754 963 φιλοσοφίας
788 909 863 962 τῆς
884 908 1097 962 πολιτικῆς
1132 906 1183 948 οὗ
1206 905 1323 959 μάλα
1343 911 1590 960 μειονεκτεῖ-

151 975 283 1025 σθαι,
323 972 364 1014 εἷ
397 969 456 1027 μή
507 988 548 1014 τι
587 971 660 1013 καὶ
700 974 858 1024 μᾶλλον
889 971 1098 1027 ὄνίνησιν.
1124 972 1150 1027 ἧ
1170 973 1249 1025 μὲν
1278 971 1355 1028 γαρ
1369 1005 1383 1025 ,
1419 973 1488 1014 οἵα
1529 987 1592 1020 τις

138 1035 369 1093 «ἀστεμφης
391 1038 586 1078 δέσποινα
607 1037 680 1078 καί
693 1034 949 1090 ἀθώπευτος,
971 1036 1129 1078 κελεύει
1143 1035 1216 1078 καί
1230 1036 1455 1090 διατάττει,
1476 1035 1591 1077 ὅποί-
1604 1043 1670 1081 Ρ.3

125 1120 130 1124 ·
150 1118 211 1143 ων
231 1118 276 1144 τε
300 1101 475 1156 ἔχεσθαι
497 1103 570 1143 καί
593 1100 718 1143 ὁποῖα
742 1099 986 1157 διαφεύγειν
1012 1101 1229 1156 προσήκει,
1259 1098 1397 1157 ὥσπερ
1423 1102 1480 1158 τῷ
1501 1103 1591 1143 πεί-

104 1166 274 1209 ιόθοντι
310 1169 598 1220 καταμιγνῦσα
626 1166 671 1209 τὸ
706 1166 934 1221 ἀναγκάζον
953 1183 964 1194 ·
991 1164 1016 1221 ἧ
1039 1169 1085 1208 δὲ
1124 1169 1182 1224 τῷ
1206 1170 1391 1221 θέλγοντι
1416 1168 1591 1224 πλείστῳ

151 1234 349 1288 χρωμένη
371 1231 444 1274 καί
465 1229 550 1275 οἷον
571 1233 858 1288 καρυκεύουσα
877 1232 952 1281 τὰς
973 1231 1222 1286 ἀπαγγελίας
1238 1233 1290 1288 τῇ
1306 1232 1485 1289 ποικιλίᾳ
1507 1233 1590 1272 τῶν
1599 1242 1640 1280 V,
1654 1244 1678 1278 6

135 1297 522 1354 παραδειγμάτων,
551 1297 623 1339 καί
640 1300 887 1353 παριστῶσα
912 1299 968 1354 τῷ
983 1295 1111 1355 λόγῳ,
1141 1299 1186 1339 ἐν
1205 1293 1266 1346 οἷς
1290 1312 1335 1338 τε
1368 1293 1589 1350 εὐδοκιμή-

152 1378 277 1403 κασιν
316 1357 534 1418 ἅνθρωποι
577 1363 773 1420 εὐβουλίᾳ
813 1360 1071 1418 χρησάμενοι
1110 1363 1182 1404 καί
1218 1361 1480 1418 δικαιοσύνῃ,
1518 1362 1592 1402 καί

153 1424 259 1468 ἔνθα
282 1427 513 1481 διήμαρτον
536 1429 614 1468 τοῦ
637 1427 934 1482 προσήκοντος,
961 1422 989 1482 ἢ
1013 1426 1180 1481 γνώμης
1203 1425 1314 1476 τινὸς
1345 1426 1533 1474 §ravum
1560 1421 1622 1481 ἢΒ
1653 1474 1658 1478 ,

101 1492 281 1546 Ωοτύχης
308 1491 592 1546 ἦγησαμένης,
627 1492 827 1533 λανθάνει
861 1498 953 1541 ταῖς
984 1499 1144 1545 ψυχαῖς
1173 1492 1309 1547 ἡρέμα
1337 1490 1413 1539 τὰς
1442 1487 1590 1545 ἀρετὰς

153 1555 426 1606 ἐσοικιζουσα.
450 1555 496 1601 τὸ
513 1556 593 1612 γάρ
612 1558 813 1612 προσηνὲς
833 1553 982 1606 αὖταῖς
1000 1556 1070 1598 καί
1090 1557 1344 1611 αὕθαιρετον
1370 1555 1530 1608 μᾶλλόν
1545 1571 1588 1596 τι

154 1620 363 1678 ἐμφύεται
383 1623 455 1663 καί
473 1622 725 1677 προσιζάνει.
753 1620 833 1675 ἐγώ
854 1623 932 1674 μὲν
952 1617 1027 1664 οὖν
1047 1623 1181 1669 ταῦτα
1200 1622 1245 1666 ἑκ
1273 1622 1465 1666 πλείστου
1491 1636 1588 1663 σκο-

254 1722 306 1756 ¹7·
333 1713 559 1758 παριστῶσα
582 1711 642 1752 R„
665 1710 886 1757 παριστᾶσα
907 1711 1000 1756 vulg.

157 1789 296 1824 strenui
322 1789 514 1823 bellatores
539 1786 737 1835 spoliorum
761 1795 901 1824 tantum
927 1794 964 1823 et
979 1790 1176 1834 praesentis
1202 1789 1292 1822 lucri
1312 1789 1500 1834 cupiditati
1527 1799 1588 1823 ac-

157 1837 255 1870 censi
280 1837 319 1869 in
359 1843 482 1880 aperta
512 1838 775 1882 manifestaque
809 1838 969 1881 pericula
1001 1848 1038 1869 se
1064 1836 1322 1869 coniiciebant:
1358 1836 1420 1868 sed
1445 1837 1588 1881 utrique

158 1882 298 1917 aolidae
331 1888 439 1928 atque
468 1883 558 1916 adeo
588 1884 800 1916 immortalis
835 1882 966 1927 gloriae
1001 1879 1274 1927 consequendae
1305 1882 1423 1915 studio
1449 1882 1590 1915 inflam-

156 1929 268 1963 mati:
292 1940 399 1974 quam
424 1928 572 1974 quidem
597 1930 703 1962 aliter
726 1929 876 1973 adipisci
901 1941 974 1962 non
998 1929 1222 1973 potuissent,
1259 1929 1330 1961 nisi
1354 1928 1503 1961 historia
1527 1940 1588 1961 eos

155 1974 202 2007 ab
228 1975 378 2008 interitu
402 1974 611 2008 vindicante
637 1981 744 2020 atque
771 1976 988 2008 immortales
1002 1975 1198 2015 efficiente3
1228 1986 1302 2007 non
1323 1979 1362 2006 ut
1375 1974 1587 2006 Zamolxidis

156 2021 324 2054 instituta
359 2026 396 2054 et
422 2021 550 2054 Getica
582 2021 837 2062 deliramenta,
870 2021 933 2055 sed
969 2031 1052 2054 vere
1087 2026 1124 2053 ct
1147 2020 1254 2053 modo
1279 2020 1435 2065 quodam
1461 2019 1586 2053 divino

156 2072 268 2112 atque
305 2067 519 2108 immortali,
563 2079 709 2113 quoque
753 2068 830 2100 solo
868 2068 1034 2101 mortalia
1065 2065 1155 2099 haec
1186 2067 1392 2110 perpetuari
1426 2070 1590 2110 possunt.

156 2111 445 2158 Haudquaquam
470 2113 579 2158 igitur
603 2114 710 2147 facile
735 2113 846 2146 fuerit
873 2114 1036 2148 oratione
1060 2113 1226 2157 persequi
1247 2117 1354 2157 atque
1380 2122 1587 2144 enumerare

156 2159 277 2192 omnia
326 2159 432 2192 uibus
455 2158 606 2193 historia
629 2159 824 2193 humanam
849 2160 958 2192 vitam
990 2158 1132 2203 expleat
1156 2159 1261 2191 bona.
1314 2159 1360 2190 Ut
1381 2169 1464 2191 vero
1485 2169 1587 2190 sum-

155 2206 280 2238 marim
299 2172 442 2245 dicam,
477 2206 647 2250 equidem
672 2206 771 2238 civili
796 2204 1029 2249 philosophia
1055 2216 1131 2237 eam
1154 2216 1229 2237 non
1256 2204 1465 2237 inferiorem
1502 2215 1587 2236 cen-

141 2251 311 2293 *suet-inu
337 2251 408 2286 nisi
434 2252 543 2284 etiam
567 2253 648 2296 plus
675 2253 768 2284 forte
795 2252 963 2286 utilitatis
988 2251 1158 2284 conserat.
1215 2250 1312 2283 Haec
1342 2251 1440 2282 enim
1474 2249 1586 2282 veluti

156 2307 279 2333 severa
302 2297 478 2342 quaedam
502 2299 721 2343 minimeque
747 2297 880 2330 blanda
906 2298 1051 2330 domina
1075 2296 1178 2329 iubet
1202 2307 1242 2330 ac
1260 2296 1472 2340 praescrihit
1494 2306 1586 2340 qnae

142 2343 283 2387 sequi,
309 2354 402 2387 quae
426 2344 548 2388 fugere
574 2349 757 2387 oporteat,
784 2344 1011 2377 suasionibus
1036 2344 1108 2375 suis
1137 2343 1209 2377 vim
1234 2341 1493 2388 quodammodo
1519 2353 1586 2374 ne-

157 2388 432 2434 cessitatemque
457 2391 709 2426 commiscens:
735 2390 824 2422 haec
847 2400 951 2430 vero,
979 2388 1252 2423 oblectamentis
1278 2390 1444 2433 plurimis
1468 2393 1585 2427 utens,

155 2445 197 2467 ac
221 2434 334 2468 veluti
357 2435 527 2468 condiens
552 2442 742 2480 praecepta
765 2436 938 2468 varietate
965 2436 1220 2478 exemplorum,
1246 2440 1283 2468 et
1307 2434 1353 2468 ob
1379 2434 1499 2467 oculos
1522 2444 1587 2476 po·-

154 2491 245 2513 nens
277 2479 407 2524 quibus
439 2481 477 2514 in
508 2482 615 2515 rebus
650 2482 815 2515 homines
847 2481 1040 2526 prudentia
1070 2482 1281 2526 iustitiaque
1317 2482 1372 2514 usi
1406 2479 1584 2522 praeclare

140 2537 231 2560 -rem
255 2527 452 2570 gesserint,
488 2527 619 2572 quibus
654 2530 765 2566 etiam
800 2529 839 2561 in
865 2527 991 2567 rebuS‚
1017 2527 1076 2560 vel
1111 2528 1223 2560 animi
1255 2526 1432 2560 contrario
1461 2525 1585 2569 aliquo

155 2572 215 2605 vel
240 2572 406 2604 fortunae
432 2571 541 2608 ductu
567 2579 675 2619 atque
701 2575 859 2618 impulsu
883 2585 903 2606 a
927 2579 1024 2606 recto
1051 2573 1261 2613 aber-ratim,
1286 2573 1417 2604 leniter
1439 2582 1479 2602 ac
1505 2571 1585 2614 pla-

157 2617 239 2650 cide
261 2618 411 2650 virtutes
436 2620 564 2652 animis
590 2621 759 2652 insinuat.
807 2619 942 2652 Blanda
965 2620 1062 2652 cuim
1087 2625 1122 2652 et
1147 2619 1338 2651 voluntatis
1364 2622 1504 2649 nostrae
1529 2627 1586 2648 ar-

156 2663 270 2699 bitrio
297 2664 540 2708 electionique
563 2666 725 2709 exposita
750 2666 888 2698 facilius
914 2666 1042 2698 animis
1064 2665 1230 2697 humanis
1254 2663 1453 2698 illabuntur
1476 2668 1583 2706 atquc

143 2709 427 2749 adhaerescunt.
465 2711 538 2754 Ego
563 2711 685 2758 itaque
709 2711 802 2748 hanc
818 2710 1027 2748 iamdudum
1048 2710 1276 2745 considerans
1302 2715 1339 2743 et
1360 2720 1441 2743 cum
1465 2709 1582 2742 animo
