1794 3112
177 150 247 214 84
725 163 994 205 AGATnlAE

9 272 169 310 A‚C.553
182 279 261 305 νων
286 263 584 317 ἐξηπατημένοι.
631 261 669 302 οῖ
701 263 746 302 δὲ
773 259 884 317 ἆμφί
909 262 1108 304 Σίνδουαλ
1136 257 1210 302 οὔκ
1240 263 1426 314 ἀνίεσαν,
1474 258 1562 302 ἀλλ’
1591 263 1593 265 ’

52 321 78 351 ¹·
91 319 164 362 Ι’27
179 327 391 377 ἐνέκειντο,
418 327 493 373 ἕως
510 323 606 371 τούς
623 325 699 376 μὲν
718 325 1027 380 κατεστόρεσαν,
1057 325 1094 366 οῖ
1119 327 1163 366 δὲ
1189 327 1231 373 ές
1254 325 1328 374 τὰς
1347 327 1418 367 τοῦ
1441 341 1564 366 ποτα-

173 392 254 442 μοῦ
277 389 459 437 ἐξέπεσον
479 389 603 436 δίνας.
632 386 739 429 οὕτω
756 405 800 430 τε
819 391 901 430 τῶν
935 387 1136 444 Ἐρούλων
1162 391 1216 445 τῷ
1240 391 1420 446 σφετέρῳ
1441 390 1562 445 χώρῳ

133 451 523 506 Βὲγκαταστάντων,
561 449 606 492 τό
631 468 673 492 τε
699 453 859 504 κένωμα
884 455 1117 508 ἐπληροῦτο,
1144 453 1215 494 καὶ
1235 453 1261 508 ἦ
1284 453 1444 508 φάλαγξ
1468 468 1575 494 συν-.

169 516 400 567 έκέκλειστο,
428 514 498 555 καί
519 514 704 557 τολοιπὸν
727 516 765 557 οἱ
785 515 979 571 Φράγγοι,
999 516 1179 572 καθάπερ
1204 520 1261 566 εἰς
1279 512 1404 571 ἄρκυς
1433 521 1584 567 ξυνα-5

166 580 383 634 λημμένοι,
413 578 630 620 ἐκτείνοντο
657 579 868 622 πάντοθεν.
903 577 932 633 ἥ
959 596 1000 621 τε
1019 579 1098 635 γάρ
1123 579 1234 630 τάξις
1259 577 1398 628 αὐτοῖς
1422 579 1567 621 τελεώ-
1591 581 1594 584 ’

174 659 278 684 τατα
309 642 534 694 διελέλυτο,
570 642 640 683 καί
659 644 790 697 χύδην
811 645 879 685 ἐπί
908 646 1019 699 σφᾶς
1042 643 1320 697 ὑπελίποντο,
1348 641 1422 684 οὖκ
1453 642 1568 697 ἕχον-

174 722 240 760 τες
263 704 309 758 ὅ,
337 722 377 747 τι
406 706 477 747 καί
507 708 694 760 γένοιντο.
737 708 775 748 οἱ
802 708 846 748 δὲ
868 708 1070 760 “Ρωμαῖοι
1095 705 1143 749 οὕ
1170 708 1295 759 μόνον
1330 713 1415 756 τοῖς
1439 707 1568 758 τόξοις

174 767 320 819 αὐτοὺς
339 772 568 825 διεχρῶντο,
598 768 701 811 ἀλλὰ
722 770 767 811 τό
795 787 837 812 τε
862 770 1070 813 ὁπλιτικὸν
1091 774 1162 813 κατ’
1182 770 1219 812 οἱ
1242 770 1360 825 ψιλοὶ
1381 773 1568 826 ἐπῄεσαν,

177 832 345 888 δοράτιά
368 850 410 875 τε
434 832 699 884 ἀκοντίζοντες
721 833 792 875 καί
819 841 902 884 τοῖς
922 835 1073 884 κόντοις
1094 835 1377 888 διωθούμενοι,
1396 837 1467 876 καί
1483 839 1622 882 ταϊςῑῡ

176 900 403 951 μαχαίραις
427 899 759 950 κατατέμνοντες,
789 900 831 939 οἳ
848 915 891 940 τε
913 898 1043 949 ἱππεῖς
1067 899 1359 957 ὗπερκεριόσεις
1379 900 1570 951 ποιούμε-

178 977 240 1001 νοι
258 961 498 1013 ὑπεδέχοντο
532 961 684 1010 αὐτούς
705 962 800 1003 εἴσω
821 962 891 1003 καί
914 964 1210 1017 ἀπελάμβανον.
1249 968 1288 1006 εἰ
1314 965 1359 1005 δέ
1373 979 1412 1005 τι
1434 964 1570 1004 αὐτῶν

79 1031 167 1070 ΠΜ)
178 1026 248 1065 καί
268 1024 434 1078 διέφυγε
459 1023 510 1064 τά
534 1025 643 1079 ξίφη,
672 1024 707 1066 οἱ
730 1027 773 1067 δὲ
789 1029 836 1082 τῇ
850 1026 983 1075 διώξει
1008 1029 1282 1081 ἐκβιαζόμενοι
1307 1031 1350 1076 ἐς
1366 1026 1434 1070 τὸν
1450 1042 1571 1068 ποτα-

168 1086 248 1139 μὸν
273 1089 559 1142 κατεφέροντο,
587 1088 658 1129 καὶ
674 1089 919 1143 ὑποβρύχιοι
936 1093 1163 1144 γιγνόμενοι
1181 1091 1388 1147 ἔθνησκον·
1417 1090 1568 1145 οἰμωγή

169 1168 214 1192 τε
240 1148 406 1206 ἦκοόετο
423 1152 663 1205 ἁπανταχοῦ
678 1155 757 1194 τῶν
777 1154 998 1210 βαρβάρων
1025 1157 1264 1210 οἰκτρότατα
1286 1148 1621 1209 διολλυμένων·ῐ5

170 1213 296 1263 αὖτός
316 1231 357 1256 τε
384 1213 434 1269 δὴ
459 1210 531 1256 οὖν
550 1219 788 1266 Βουτιλϊνος
811 1217 831 1259 ὃ
857 1219 1077 1273 στρατηγὸς
1104 1223 1175 1261 καί
1194 1217 1285 1262 ὅλον
1305 1219 1348 1262 τὸ
1375 1220 1570 1274 στράτευ-

167 1296 229 1332 μα
258 1282 516 1341 πανωλεθρία
543 1279 740 1334 ἠφάνιστο
750 1315 762 1333 ,
804 1283 848 1322 έν
877 1289 961 1330 τοῖς
991 1283 1063 1324 καί
1089 1283 1128 1324 οῖ
1156 1285 1236 1325 τῶν
1256 1282 1465 1338 Ἔρούλων
1493 1282 1571 1337 πρὸ

171 1340 292 1397 τῆσδε
313 1346 382 1397 τῆς
405 1345 631 1397 ξυμπλοκῆς
651 1345 912 1396 μεταβάντες,
942 1346 1012 1387 καί
1030 1343 1163 1394 οὗδείς
1180 1344 1288 1396 ὅστις
1308 1348 1387 1388 τῶν
1407 1349 1448 1387 Γ
1445 1363 1570 1399 ερμα-

170 1409 251 1449 νῶν
269 1409 311 1456 ἐς
323 1406 373 1448 τά
397 1406 548 1461 πάτρια
567 1406 777 1461 ἐνόστησεν
799 1404 895 1461 ἤθη,
913 1406 977 1449 ὅτι
991 1409 1047 1462 μη
1072 1413 1187 1449 πέντε
1208 1406 1351 1463 ἅνδρες
1368 1408 1570 1464 ὄτῳδηοῦν

170 1472 303 1527 τρόπῳ
327 1469 643 1524 διαδεδρακότες,
667 1473 754 1519 πῶς
780 1473 824 1512 δὲ
847 1472 922 1512 οὐκ
951 1469 1002 1512 ἂν
1026 1471 1087 1526 εἴη
1114 1473 1324 1527 ἀρίδηλον,
1356 1471 1411 1518 ὥς
1427 1468 1622 1518 ποινάςῖθ

170 1534 351 1587 ὑπέσχον
380 1535 461 1574 τῶν
488 1533 770 1588 ἀδικημάτων,
799 1536 871 1576 καί
888 1533 1092 1590 ’ὖπερτέρα
1119 1551 1181 1583 τις
1202 1531 1352 1583 αὖτοὺς
1367 1535 1568 1588 μετῆλθεν

172 1597 345 1652 ἀνάγκη,-
373 1598 395 1636 0‘
410 1599 486 1649 μὲν
509 1596 585 1653 γάρ
602 1602 750 1653 μυρίος
767 1600 915 1647 ἐκεῖνος
940 1596 1079 1650 ὅμιλος
1099 1599 1178 1639 τῶν
1204 1597 1404 1652 Φράγγων
1423 1613 1468 1638 τε
1495 1598 1566 1638 καί

163 1658 431 1714 Ἀλαμανῶν,
470 1660 542 1702 καί
566 1663 647 1703 τῶν
681 1659 770 1703 ὅσοι
803 1661 853 1715 δὴ
887 1659 1027 1710 αὸτοῖς
1054 1661 1180 1714 τυχὸν
1203 1662 1333 1715 ἕτεροι
1357 1659 1429 1701 τὸν
1451 1660 1570 1700 πόλε-

267 1750 294 1771 1.
322 1737 527 1771 α’νίεσαν-
541 1738 719 1772 ἐνέκειντο
742 1740 778 1771 R.
802 1738 896 1783 (CL),
929 1741 1037 1783 Intpr.
1057 1738 1382 1774 intermittendo—
1402 1737 1566 1776 institit„

260 1783 422 1831 ἀνῄεσαν
439 1802 485 1807 —-
504 1784 645 1817 ἔκειντο
668 1785 778 1828 vulg.‚
822 1784 930 1828 Lugd.
957 1795 1022 1828 mg.
1042 1786 1089 1817 ἴσ.
1114 1785 1306 1818 ἐνέκειντο.
1431 1783 1480 1824 ι4.
1506 1784 1569 1818 καὶ

259 1829 485 1871 ὕποβρύχιοι
503 1848 549 1854 -
569 1827 720 1870 ἠκούετο
740 1828 817 1861 add.
843 1841 886 1862 ex
919 1831 954 1861 R.
978 1837 1013 1862 et
1036 1831 1143 1872 Intpr.
1168 1838 1201 1863 et
1224 1827 1425 1874 gurgitibus
1448 1827 1570 1861 hausti

260 1875 465 1907 interibant.
485 1874 579 1908 unde
604 1883 637 1909 et
657 1875 892 1908 barbarorum
915 1876 1102 1910 continens
1122 1872 1565 1911 eiulatus—audiebatur.

262 1921 312 1952 18.
342 1920 476 1964 συμπλ.
501 1921 539 1952 R.
652 1931 706 1955 20.
733 1921 787 1961 εἴη
815 1931 883 1957 om.
907 1921 943 1952 R.

174 1986 222 2018 cis
244 1985 376 2030 absque
396 1987 468 2018 ulla
489 1988 748 2020 intermissione
768 1987 935 2027 instabat,
960 1987 1073 2020 donec
1095 1987 1182 2020 alios
1207 1985 1350 2031 quidem
1370 1983 1568 2028 prostravit,

171 2032 258 2063 alios
286 2043 367 2063 vero
393 2032 429 2062 in
457 2033 668 2065 vorticosum
690 2033 818 2064 flumen
851 2031 978 2077 adegit.
1025 2033 1140 2076 Atque
1165 2033 1214 2064 ita
1244 2031 1382 2064 Herulis
1406 2030 1444 2062 'in
1468 2039 1569 2062 suum

173 2076 290 2108 locum
313 2076 477 2119 receptiS,
501 2078 654 2109 vacuitas
673 2078 734 2109 illa
756 2078 794 2109 in
813 2077 930 2110 medio
951 2079 1123 2110 exercitus
1147 2077 1309 2120 suppleta
1333 2081 1399 2114 est,
1425 2080 1461 2107 et
1478 2074 1571 2118 pha-

173 2122 255 2153 lanx
272 2122 400 2153 clausa:
432 2121 627 2166 Francique
646 2122 811 2165 deinceps
829 2123 939 2155 veluti
959 2124 1091 2156 retibus
1108 2123 1271 2160 involuti,
1295 2121 1392 2153 omni
1410 2131 1452 2153 ex
1473 2124 1571 2163 parte

177 2165 422 2198 caedebantur.
471 2166 557 2197 Nam
577 2172 612 2199 et
638 2167 723 2198 ordo
751 2169 906 2210 ipsorum
927 2169 1067 2209 penitus
1094 2172 1167 2199 erat
1192 2167 1402 2205 dissolutus,
1429 2169 1465 2197 et
1484 2175 1569 2196 con-

178 2212 253 2242 fuse
286 2212 378 2243 inter
415 2221 451 2242 se
474 2210 770 2254 glomerabantur,
814 2211 902 2255 quid
928 2212 1084 2245 facerent
1109 2212 1230 2255 ignari.
1288 2210 1433 2243 Romani
1455 2215 1570 2242 autem

177 2267 248 2288 non
267 2256 379 2288 solum
400 2257 532 2299 sagittis
555 2267 614 2288 eos
631 2256 908 2296 interficiebant,
931 2257 992 2289 sed
1006 2263 1041 2290 et
1055 2258 1220 2300 gravioris
1243 2262 1279 2289 et
1295 2256 1437 2288 levioris
1457 2265 1570 2287 arma-

176 2307 276 2333 turae
299 2301 427 2333 milites
458 2301 588 2334 iuvecti
617 2300 734 2333 hastas
761 2302 799 2333 in
820 2312 878 2334 eos
897 2302 1120 2346 torquebant,
1146 2307 1183 2334 et
1200 2302 1311 2334 contis
1329 2299 1571 2344 profligabant,

179 2346 393 2390 ensibusque
418 2345 692 2388 obtruncabant3
737 2347 874 2390 equites
895 2347 1000 2378 etiam
1025 2347 1178 2380 diductis
1203 2347 1266 2378 alis
1292 2357 1353 2378 eos
1379 2345 1572 2378 circumve-

178 2391 329 2423 niebant
351 2396 387 2423 et
411 2391 689 2432 concludebant3
725 2393 754 2423 si
775 2391 836 2436 qui
854 2402 934 2425 vero
958 2402 1078 2424 eorum
1099 2402 1198 2424 enses
1213 2394 1414 2434 effugerant,
1436 2388 1475 2421 hi
1500 2389 1568 2432 ipsi

177 2436 428 2468 insectantium
461 2437 496 2468 vi
525 2437 694 2479 compulsi
714 2436 923 2480 praecipites
951 2437 989 2468 in
1017 2437 1148 2469 flumen
1167 2436 1390 2476 ferebantur,
1415 2433 1570 2467 barbaris

178 2482 307 2524 passim
336 2481 528 2514 miserrime
555 2482 796 2523 pereuntibus.
855 2480 934 2524 Ipse
958 2482 1076 2526 itaque
1100 2481 1170 2513 dux
1195 2481 1371 2514 Butilinus
1392 2490 1468 2511 cum
1488 2478 1570 2510 uni-

175 2536 274 2558 verso
303 2527 457 2558 exercitu
479 2526 524 2558 ad
548 2527 825 2558 internecionem
843 2527 968 2568 periit:
1002 2527 1095 2559 inter
1121 2537 1208 2571 quos
1234 2527 1340 2558 etiam
1367 2524 1422 2557 illi
1447 2522 1569 2555 Heruli

180 2572 241 2613 qui
268 2577 349 2603 ante
374 2571 546 2613 proelium
561 2571 828 2614 transfugerunt3
853 2582 970 2615 neque
991 2573 1174 2615 quisquam
1194 2582 1212 2603 e
1227 2571 1408 2603 Germanis
1426 2568 1470 2600 ad
1490 2578 1570 2599 suos

177 2620 232 2647 est
252 2626 421 2655 reversus,
444 2621 583 2659 praeter
605 2617 759 2660 quinque
775 2617 879 2655 viros,
898 2627 1106 2661 quocunque
1125 2616 1264 2649 tandem
1286 2614 1390 2647 modo
1408 2612 1461 2644 illi
1487 2623 1569 2644 eva-

178 2660 296 2692 serint.
355 2660 517 2704 Quonam
542 2672 622 2694 vero
647 2666 746 2704 pactu
775 2672 846 2693 non
870 2661 916 2692 sit
936 2663 1159 2705 perspicuum
1186 2671 1244 2692 eos
1273 2659 1463 2702 impietatis
1487 2667 1570 2689 suae

182 2715 311 2749 poenas
325 2705 442 2746 luisse,
472 2707 650 2751 superiore
666 2706 814 2752 quadam
834 2707 1040 2740 necessitate
1057 2707 1140 2751 ipsis
1161 2704 1410 2740 incumbente?
1431 2702 1571 2736 Infinita
