1722 3146
687 139 979 189 AGATmAE.
1462 140 1551 187 xlx

118 245 339 302 Agathiam
357 245 410 287 de
431 245 549 287 bello
571 240 829 287 Gothorum:
871 261 894 286 e
912 248 1126 287 contrario
1152 247 1196 287 in
1220 246 1435 287 Marciana
1461 247 1552 287 Ve-

119 311 245 352 netiis
268 312 363 355 cod.
389 313 596 353 Dccxn.
621 312 751 352 libros
777 313 1031 367 posteriores
1049 343 1061 364 ,
1091 313 1386 354 deficientibus
1416 312 1552 367 primo

119 383 162 416 et
197 377 374 417 secundi
394 383 534 431 parte:
564 377 751 426 scilicet5
788 382 837 417 ut
856 377 1052 429 videtur,
1082 378 1156 417 illa
1177 378 1266 433 ipsa
1287 379 1340 420 de
1370 377 1553 419 Narsetis

115 439 233 482 bello
261 441 412 482 Italico
449 443 702 484 narratione.

228 508 373 559 Quum
393 513 535 547 autem
556 508 756 562 Agathias
778 508 822 548 in
849 522 997 548 eorum
1027 512 1202 548 numero
1227 509 1357 549 fuerit
1379 509 1553 549 histori-

118 586 266 613 corum
301 579 407 626 q'uos
443 573 747 613 Constantinus
779 573 1172 628 Porphyrogenitus
1208 573 1251 612 in
1293 574 1460 628 eclogas
1482 588 1553 614 re—

119 637 209 692 digi
238 637 360 678 iussit
380 667 392 686 ,
421 638 622 692 leguntur
649 653 702 679 ex
735 639 811 679 illo
836 640 916 678 tria
948 639 1000 679 de
1041 639 1326 692 legationibus
1354 646 1552 694 excerpta

118 703 162 742 in
190 703 350 744 Codice
372 702 546 755 Bavaro,
577 718 761 758 quorum
783 705 958 744 collatio
984 719 1081 744 cum
1109 704 1232 745 editis
1268 704 1448 744 debetur
1475 706 1552 745 do-

119 767 305 809 ctissimo
323 769 567 823 Spengelio.
615 770 752 809 Multo
774 771 868 824 plus
893 770 1006 810 idem
1027 769 1209 824 scriptor
1230 770 1281 808 ad
1304 770 1476 808 titulum
1500 770 1552 810 de

119 827 343 875 sententiis
376 835 571 874 conferre
604 835 809 887 debebat,
850 849 978 889 quem
1016 835 1258 889 nuperrime
1292 835 1335 873 in
1378 835 1554 875 luminis

119 913 214 939 oras
233 898 406 939 reduxit
434 899 497 940 ill.
524 892 682 940 Maius:
723 901 789 941 vir
817 900 1009 941 iuvandis
1033 901 1185 940 litteris
1220 900 1422 940 divinitus
1461 914 1555 940 sae—

119 965 217 1005 culo
242 970 385 1004 nostro
412 976 653 1017 concessus,
683 973 726 1006 et
747 967 848 1018 „cui
871 981 996 1006 nemo
1019 966 1117 1006 civi'
1139 980 1280 1020 neque
1297 966 1430 1006 hostis
1457 964 1555 1019 qui-

118 1030 181 1070 hit
205 1044 284 1085 pro
313 1029 435 1070 factis
464 1031 644 1072 reddere
676 1046 829 1087 operae
856 1026 1081 1086 pretium.’'
1139 1033 1223 1072 Sex
1263 1029 1369 1071 folia
1400 1031 1453 1071 de
1488 1030 1554 1070 his

119 1095 330 1150 excerptis
357 1106 578 1150 superesse
611 1097 645 1137 is
667 1106 748 1138 nos'
776 1098 935 1138 edocet
961 1097 1090 1150 (Coll.
1121 1098 1352 1138 vaticanae
1377 1096 1556 1149 scripto·

117 1175 216 1202 rum
257 1175 508 1215 graecorum
538 1163 592 1204 11.
620 1177 661 1217 p.
688 1163 821 1214 464.)ε
859 1177 1041 1217 quorum
1069 1162 1343 1203 collationem
1375 1161 1427 1200 ab
1464 1161 1556 1200 eius

118 1227 303 1267 amicitia
327 1227 551 1281 petissem,
582 1230 991 1284 impetraturumque
1016 1229 1146 1270 fuisse
1179 1235 1294 1269 certe
1331 1226 1441 1274 scio;
1479 1238 1557 1265 ve-

115 1306 213 1333 rum
237 1306 365 1348 opere
396 1293 476 1332 i'am
497 1292 721 1350 profligato
751 1295 873 1336 nolui
899 1294 1104 1335 molestus
1140 1306 1230 1335 esse
1262 1293 1355 1333 viro
1379 1292 1556 1332 minime

119 1359 268 1399 otioso.

228 1423 451 1463 Praeterea
469 1429 660 1477 superest
679 1424 723 1463 in
735 1424 952 1465 Parisinae
970 1425 1112 1478 regiae
1135 1422 1228 1463 cod.
1250 1421 1408 1464 MDCI.
1427 1435 1556 1461 mem·

120 1487 330 1528 bra'naceo
346 1517 358 1539 ,
387 1489 767 1540 Fonteblandensi‚
794 1489 946 1529 folium
968 1489 1160 1539 unicum,
1203 1487 1325 1528 cuius
1350 1486 1557 1527 lectiones

121 1566 231 1606 quae
255 1553 435 1602 variant,
449 1553 562 1592 dedi.
591 1554 745 1594 lisdem
766 1555 939 1595 fortasse
965 1554 1155 1594 terminis
1177 1553 1425 1593 continetur
1446 1551 1557 1604 frag*

119 1622 310 1657 mentum
333 1617 386 1658 de
409 1618 583 1659 Francis
602 1619 939 1658 Laurentianum
957 1620 1066 1662 LIX.
1086 1634 1145 1673 ¹7·
1159 1633 1199 1672 9.
1213 1641 1264 1649 -
1285 1617 1359 1656 ubi
1379 1616 1423 1654 in
1446 1616 1555 1669 plut.

119 1683 312 1726 LXXIV.
331 1713 344 1734 ,
381 1684 440 1723 13.
460 1683 526 1733 64.
554 1684 668 1722 varia
702 1696 755 1723 ex
780 1684 972 1736 quinque
995 1684 1113 1724 libris
1138 1689 1336 1736 excerpta
1357 1681 1556 1729 inveniri,

119 1749 332 1789 Harlesius
360 1748 602 1799 annotavit,
633 1749 890 1788 Bandinium
914 1755 1108 1800 secutus,
1149 1755 1228 1789 eat.
1258 1746 1380 1789 codd.
1407 1760 1468 1800 gr.
1495 1746 1554 1789 II.

119 1830 161 1870 p.
196 1815 290 1856 530.
317 1813 402 1854 111.·
421 1829 463 1868 p.
492 1815 584 1855 115.
621 1815 738 1868 quod
766 1828 872 1869 opus
915 1814 1143 1869 inspicient
1174 1813 1328 1868 quibus
1357 1811 1436 1851 illo
1470 1812 1557 1850 frui

119 1883 242 1936 posse
257 1885 262 1902 ³
273 1872 495 1935 contingit.

147 1948 149 1951 “
228 1945 645 1986 Hadrianuslunius
666 1944 1096 1986 Animadversionum
1124 1945 1156 1987 1.
1172 1944 1211 1994 4.
1237 1949 1284 1983 ut
1312 1941 1556 1996 interpretis

118 2007 383 2052 oscitantiam
403 2016 447 2050 et
470 2010 710 2051 vecordiam
733 2012 988 2060 confutaret,
1018 2010 1181 2063 aliquot
1210 2009 1413 2064 Agathiae
1438 2008 1555 2047 locos

120 2090 268 2132 graece
290 2076 577 2131 transcripsit,
609 2075 748 2117 multis
779 2077 901 2117 annis
930 2082 1027 2116 ante
1047 2076 1284 2129 principem
1320 2072 1555 2114 editionem

120 2143 324 2196 g'r'a'e'catn.
353 2139 415 2182 Ad
427 2140 601 2197 plann'm
620 2136 793 2196 quidem
809 2140 884 2192 est,
899 2136 1071 2182 Iunium
1090 2140 1226 2181 videri
1250 2155 1293 2180 se
1321 2140 1385 2181 uti
1413 2152 1554 2179 exem·

119 2205 227 2261 plari
247 2202 396 2262 graeco
432 2208 637 2249 voluisse:
662 2216 770 2262 quae
791 2214 932 2248 tamen
955 2207 1072 2247 affert
1101 2221 1149 2246 ea
1174 2212 1325 2246 cuncta
1348 2219 1400 2244 ex
1423 2204 1554 2244 suida

121 2273 338 2327 desumpta
367 2280 489 2320 sunt;
519 2274 804 2313 terminantur
827 2275 940 2314 enim
967 2273 1093 2328 plane
1115 2271 1264 2312 iisdem
1285 2270 1440 2310 finibus
1460 2270 1553 2324 qui-

119 2337 200 2376 bus
242 2337 358 2379 illius
394 2345 614 2392 excerpta,
659 2340 834 2393 eiusque
889 2340 1143 2393 scripturam
1182 2337 1497 2378 dissentientem
1526 2347 1550 2375 a

120 2402 338 2442 codicibus
369 2410 698 2458 repraesentant.

227 2467 446 2509 Editiones
476 2475 559 2509 tres
582 2484 776 2523 graecas,
807 2484 914 2524 quae
940 2470 1160 2524 hucusque
1185 2469 1445 2524 prodierant,
1479 2483 1550 2509 su-

119 2546 195 2587 pra
227 2532 272 2571 in
301 2533 562 2587 praefatione
592 2535 801 2575 indicavi:
848 2536 922 2575 uhi
952 2535 1077 2576 etiam
1113 2536 1165 2575 de
1199 2536 1331 2574 latina
1359 2535 1550 2575 versione

120 2597 211 2652 egi,
248 2612 376 2652 quam
408 2599 735 2654 Christophorus
764 2603 971 2651 Persona,
1002 2601 1119 2654 prior
1146 2601 1187 2640 S.
1208 2600 1420 2649 Balbinae,
1445 2615 1552 2640 con-

118 2663 244 2702 fecit:
278 2663 354 2715 qui
381 2663 527 2703 itidem
551 2671 710 2717 partem
742 2667 947 2706 librorum
979 2666 1175 2719 Procopii
1195 2665 1420 2705 transtulit.
1449 2665 1553 2705 Eam

120 2728 164 2767 in
187 2728 374 2768 Fabricii
400 2729 658 2770 bibliotheca
675 2761 686 2781 ‚
717 2732 768 2771 ab
790 2728 982 2772 Harlesio
1010 2730 1241 2784 recognita,
1271 2730 1445 2770 invenio
1471 2731 1551 2769 im-
