<?xml version="1.0" encoding="UTF-8"?>
<!DOCTYPE html PUBLIC "-//W3C//DTD XHTML 1.0 Transitional//EN"
    "http://www.w3.org/TR/xhtml1/DTD/xhtml1-transitional.dtd">
<html xmlns="http://www.w3.org/1999/xhtml" xml:lang="en" lang="en">
 <head>
  <title>
</title>
<meta http-equiv="Content-Type" content="text/html;charset=utf-8" />
  <meta name='ocr-system' content='tesseract 3.04.00' />
  <meta name='ocr-capabilities' content='ocr_page ocr_carea ocr_par ocr_line ocrx_word'/>
</head>
<body>
  <div class='ocr_page' id='page_1' title='image "./corpusscriptorum01niebuoft_0268.png"; bbox 0 0 1832 3152; ppageno 0'>
   <div class='ocr_carea' id='block_1_1' title="bbox 314 136 1148 199">
    <p class='ocr_par' dir='ltr' id='par_1_1' title="bbox 314 136 1148 199">
     <span class='ocr_line' id='line_1_1' title="bbox 314 136 1148 199; baseline 0.001 -1"><span class='ocrx_word' id='word_1_1' title='bbox 314 136 420 198; x_wconf 69' lang='lat'><strong>224</strong></span> <span class='ocrx_word' id='word_1_2' title='bbox 879 153 1148 199; x_wconf 75' lang='lat' dir='ltr'>AGATfflAE</span> 
     </span>
    </p>
   </div>
   <div class='ocr_carea' id='block_1_2' title="bbox 138 246 1764 1659">
    <p class='ocr_par' dir='ltr' id='par_1_2' title="bbox 138 246 1764 1403">
     <span class='ocr_line' id='line_1_2' title="bbox 138 246 1710 314; baseline 0.007 -22"><span class='ocrx_word' id='word_1_3' title='bbox 138 252 466 305; x_wconf 77' lang='grc' dir='ltr'><strong><em>Α.Ο.555νὴσεις,</em></strong></span> <span class='ocrx_word' id='word_1_4' title='bbox 514 253 555 300; x_wconf 80' lang='grc' dir='ltr'><strong><em>ἒς</em></strong></span> <span class='ocrx_word' id='word_1_5' title='bbox 585 246 680 306; x_wconf 78' lang='grc' dir='ltr'><strong><em>ὅπερ</em></strong></span> <span class='ocrx_word' id='word_1_6' title='bbox 717 248 768 293; x_wconf 67' lang='grc' dir='ltr'><strong>ἄν</strong></span> <span class='ocrx_word' id='word_1_7' title='bbox 800 252 870 294; x_wconf 79' lang='grc' dir='ltr'><em>καί</em></span> <span class='ocrx_word' id='word_1_8' title='bbox 889 255 1134 311; x_wconf 70' lang='grc' dir='ltr'><strong><em>χωρήσαιεν.</em></strong></span> <span class='ocrx_word' id='word_1_9' title='bbox 1172 259 1210 303; x_wconf 81' lang='grc' dir='ltr'><strong>εἶ</strong></span> <span class='ocrx_word' id='word_1_10' title='bbox 1240 262 1315 311; x_wconf 80' lang='grc' dir='ltr'><strong>μὲν</strong></span> <span class='ocrx_word' id='word_1_11' title='bbox 1351 254 1423 302; x_wconf 78' lang='grc' dir='ltr'><strong>οὖν</strong></span> <span class='ocrx_word' id='word_1_12' title='bbox 1452 261 1650 314; x_wconf 68' lang='grc' dir='ltr'><strong>μέγιστόν·ι</strong></span> <span class='ocrx_word' id='word_1_13' title='bbox 1669 278 1710 303; x_wconf 81' lang='grc' dir='ltr'><strong><em>τι</em></strong></span> 
     </span>
     <span class='ocr_line' id='line_1_3' title="bbox 185 308 1715 382; baseline 0.01 -30"><span class='ocrx_word' id='word_1_14' title='bbox 185 308 210 340; x_wconf 83' lang='lat'><strong>1·</strong></span> <span class='ocrx_word' id='word_1_15' title='bbox 221 308 244 339; x_wconf 81' lang='grc' dir='ltr'><strong>Ῑ·</strong></span> <span class='ocrx_word' id='word_1_16' title='bbox 261 318 304 350; x_wconf 82' lang='lat'><strong>29</strong></span> <span class='ocrx_word' id='word_1_17' title='bbox 318 314 418 355; x_wconf 78' lang='grc' dir='ltr'><strong><em>κατὰ</em></strong></span> <span class='ocrx_word' id='word_1_18' title='bbox 445 315 538 363; x_wconf 80' lang='grc' dir='ltr'><strong><em>τούς</em></strong></span> <span class='ocrx_word' id='word_1_19' title='bbox 558 318 757 367; x_wconf 81' lang='grc' dir='ltr'><strong><em>πολέμους</em></strong></span> <span class='ocrx_word' id='word_1_20' title='bbox 787 323 872 366; x_wconf 81' lang='grc' dir='ltr'><strong><em>τοῖς</em></strong></span> <span class='ocrx_word' id='word_1_21' title='bbox 908 316 1131 372; x_wconf 75' lang='grc' dir='ltr'><strong>εΡωμαίοις</strong></span> <span class='ocrx_word' id='word_1_22' title='bbox 1162 323 1375 377; x_wconf 78' lang='grc' dir='ltr'><strong><em>διήνυστο,</em></strong></span> <span class='ocrx_word' id='word_1_23' title='bbox 1413 324 1484 365; x_wconf 83' lang='grc' dir='ltr'>καί</span> <span class='ocrx_word' id='word_1_24' title='bbox 1508 326 1579 366; x_wconf 74' lang='grc' dir='ltr'><strong>τοῦ</strong></span> <span class='ocrx_word' id='word_1_25' title='bbox 1600 327 1715 382; x_wconf 51' lang='grc' dir='ltr'><strong><em>νικᾷν,</em></strong></span> 
     </span>
     <span class='ocr_line' id='line_1_4' title="bbox 277 376 1713 441; baseline 0.009 -23"><span class='ocrx_word' id='word_1_26' title='bbox 277 376 478 432; x_wconf 76' lang='grc' dir='ltr'><strong><em>Βένεργόν</em></strong></span> <span class='ocrx_word' id='word_1_27' title='bbox 499 394 543 419; x_wconf 88' lang='grc' dir='ltr'><strong>τε</strong></span> <span class='ocrx_word' id='word_1_28' title='bbox 570 379 642 420; x_wconf 82' lang='grc' dir='ltr'>καί</span> <span class='ocrx_word' id='word_1_29' title='bbox 662 379 938 436; x_wconf 71' lang='grc' dir='ltr'><em>ἀληθεστάτην</em></span> <span class='ocrx_word' id='word_1_30' title='bbox 963 379 1111 438; x_wconf 68' lang='grc' dir='ltr'><strong><em>ἤραντο</em></strong></span> <span class='ocrx_word' id='word_1_31' title='bbox 1139 384 1283 439; x_wconf 76' lang='grc' dir='ltr'><strong><em>δόξαν,</em></strong></span> <span class='ocrx_word' id='word_1_32' title='bbox 1322 386 1344 428; x_wconf 77' lang='grc' dir='ltr'><strong><em>ὅ</em></strong></span> <span class='ocrx_word' id='word_1_33' title='bbox 1367 389 1412 430; x_wconf 80' lang='grc' dir='ltr'><strong>δὲ</strong></span> <span class='ocrx_word' id='word_1_34' title='bbox 1441 387 1486 429; x_wconf 87' lang='grc' dir='ltr'><strong>τὸ</strong></span> <span class='ocrx_word' id='word_1_35' title='bbox 1517 391 1713 441; x_wconf 83' lang='grc' dir='ltr'><strong><em>δυσμενὲς</em></strong></span> 
     </span>
     <span class='ocr_line' id='line_1_5' title="bbox 310 443 1713 509; baseline 0.009 -27"><span class='ocrx_word' id='word_1_36' title='bbox 310 443 382 495; x_wconf 82' lang='grc' dir='ltr'><strong><em>τῆς</em></strong></span> <span class='ocrx_word' id='word_1_37' title='bbox 415 443 557 496; x_wconf 81' lang='grc' dir='ltr'><strong><em>ψυχῆς</em></strong></span> <span class='ocrx_word' id='word_1_38' title='bbox 591 444 662 484; x_wconf 80' lang='grc' dir='ltr'><em>καί</em></span> <span class='ocrx_word' id='word_1_39' title='bbox 695 447 912 496; x_wconf 75' lang='grc' dir='ltr'><strong><em>βασκαῖνον</em></strong></span> <span class='ocrx_word' id='word_1_40' title='bbox 957 446 1180 497; x_wconf 79' lang='grc' dir='ltr'><strong><em>ἐπιδεικνὺς</em></strong></span> <span class='ocrx_word' id='word_1_41' title='bbox 1201 483 1213 501; x_wconf 86' lang='grc'><strong><em>,</em></strong></span> <span class='ocrx_word' id='word_1_42' title='bbox 1261 452 1539 509; x_wconf 69' lang='grc' dir='ltr'><strong><em>διακωμῳδεῖν</em></strong></span> <span class='ocrx_word' id='word_1_43' title='bbox 1585 449 1713 502; x_wconf 61' lang='lat' dir='ltr'><strong>edei-9</strong></span> 
     </span>
     <span class='ocr_line' id='line_1_6' title="bbox 311 506 1737 572; baseline 0.009 -26"><span class='ocrx_word' id='word_1_44' title='bbox 311 506 500 561; x_wconf 73' lang='grc' dir='ltr'><strong><em>ἐπειρᾶτο</em></strong></span> <span class='ocrx_word' id='word_1_45' title='bbox 518 541 529 559; x_wconf 94' lang='grc'><strong><em>,</em></strong></span> <span class='ocrx_word' id='word_1_46' title='bbox 557 507 629 548; x_wconf 82' lang='grc' dir='ltr'><em>καί</em></span> <span class='ocrx_word' id='word_1_47' title='bbox 646 507 827 549; x_wconf 78' lang='grc' dir='ltr'><strong><em>διαλύειν</em></strong></span> <span class='ocrx_word' id='word_1_48' title='bbox 853 507 926 563; x_wconf 74' lang='grc' dir='ltr'><strong>τήν</strong></span> <span class='ocrx_word' id='word_1_49' title='bbox 950 512 994 550; x_wconf 82' lang='grc' dir='ltr'><strong>ἐκ</strong></span> <span class='ocrx_word' id='word_1_50' title='bbox 1015 514 1094 552; x_wconf 85' lang='grc' dir='ltr'><strong>τῶν</strong></span> <span class='ocrx_word' id='word_1_51' title='bbox 1116 511 1245 568; x_wconf 76' lang='grc' dir='ltr'><strong><em>ἔργων</em></strong></span> <span class='ocrx_word' id='word_1_52' title='bbox 1272 515 1495 571; x_wconf 87' lang='grc' dir='ltr'><strong><em>σεμνότητα</em></strong></span> <span class='ocrx_word' id='word_1_53' title='bbox 1508 550 1520 568; x_wconf 93' lang='grc'><strong><em>,</em></strong></span> <span class='ocrx_word' id='word_1_54' title='bbox 1549 517 1737 572; x_wconf 73' lang='grc' dir='ltr'><strong><em>φαύληνό</em></strong></span> 
     </span>
     <span class='ocr_line' id='line_1_7' title="bbox 310 570 1714 634; baseline 0.009 -23"><span class='ocrx_word' id='word_1_55' title='bbox 310 573 387 622; x_wconf 79' lang='grc' dir='ltr'><strong>μὲν</strong></span> <span class='ocrx_word' id='word_1_56' title='bbox 418 570 490 624; x_wconf 76' lang='grc' dir='ltr'><strong>τὴν</strong></span> <span class='ocrx_word' id='word_1_57' title='bbox 514 573 766 628; x_wconf 69' lang='grc' dir='ltr'><strong><em>ἐγχειρησιν,</em></strong></span> <span class='ocrx_word' id='word_1_58' title='bbox 805 573 1058 629; x_wconf 79' lang='grc' dir='ltr'><strong><em>φαυλότατον</em></strong></span> <span class='ocrx_word' id='word_1_59' title='bbox 1083 578 1127 617; x_wconf 85' lang='grc' dir='ltr'><strong>δὲ</strong></span> <span class='ocrx_word' id='word_1_60' title='bbox 1155 577 1200 618; x_wconf 88' lang='grc' dir='ltr'><strong>τὸ</strong></span> <span class='ocrx_word' id='word_1_61' title='bbox 1234 579 1360 634; x_wconf 87' lang='grc' dir='ltr'><strong><em>πέρας</em></strong></span> <span class='ocrx_word' id='word_1_62' title='bbox 1383 577 1616 634; x_wconf 72' lang='grc' dir='ltr'><strong><em>ἀποκαλῶν,</em></strong></span> <span class='ocrx_word' id='word_1_63' title='bbox 1644 581 1714 623; x_wconf 79' lang='grc' dir='ltr'><strong><em>καὶ</em></strong></span> 
     </span>
     <span class='ocr_line' id='line_1_8' title="bbox 313 630 1713 699; baseline 0.009 -24"><span class='ocrx_word' id='word_1_64' title='bbox 313 630 410 676; x_wconf 73' lang='grc' dir='ltr'><strong><em>οὐδὲ</em></strong></span> <span class='ocrx_word' id='word_1_65' title='bbox 432 637 550 677; x_wconf 77' lang='grc' dir='ltr'><strong><em>τοῦτο</em></strong></span> <span class='ocrx_word' id='word_1_66' title='bbox 578 637 776 692; x_wconf 80' lang='grc' dir='ltr'><strong><em>ἡμέτερον</em></strong></span> <span class='ocrx_word' id='word_1_67' title='bbox 784 671 796 690; x_wconf 93' lang='grc'><strong><em>,</em></strong></span> <span class='ocrx_word' id='word_1_68' title='bbox 838 635 943 680; x_wconf 73' lang='grc' dir='ltr'><strong><em>ἄλλα</em></strong></span> <span class='ocrx_word' id='word_1_69' title='bbox 971 642 1042 680; x_wconf 85' lang='grc' dir='ltr'><strong>τοῦ</strong></span> <span class='ocrx_word' id='word_1_70' title='bbox 1070 637 1281 694; x_wconf 70' lang='grc' dir='ltr'><strong><em>ἀλογίστου</em></strong></span> <span class='ocrx_word' id='word_1_71' title='bbox 1315 646 1386 698; x_wconf 82' lang='grc' dir='ltr'><strong><em>τῆς</em></strong></span> <span class='ocrx_word' id='word_1_72' title='bbox 1419 645 1554 699; x_wconf 79' lang='grc' dir='ltr'><strong><em>τύχης.</em></strong></span> <span class='ocrx_word' id='word_1_73' title='bbox 1606 648 1645 687; x_wconf 84' lang='grc' dir='ltr'><strong>εἰ</strong></span> <span class='ocrx_word' id='word_1_74' title='bbox 1667 647 1713 687; x_wconf 83' lang='grc' dir='ltr'><strong>δέ</strong></span> 
     </span>
     <span class='ocr_line' id='line_1_9' title="bbox 313 698 1710 763; baseline 0.007 -23"><span class='ocrx_word' id='word_1_75' title='bbox 313 714 392 740; x_wconf 89' lang='grc' dir='ltr'><strong>που</strong></span> <span class='ocrx_word' id='word_1_76' title='bbox 417 698 540 753; x_wconf 81' lang='grc' dir='ltr'><strong><em>τυχὸν</em></strong></span> <span class='ocrx_word' id='word_1_77' title='bbox 556 701 628 742; x_wconf 78' lang='grc' dir='ltr'>καί</span> <span class='ocrx_word' id='word_1_78' title='bbox 649 701 911 757; x_wconf 80' lang='grc' dir='ltr'><strong><em>σφαλείημεν,</em></strong></span> <span class='ocrx_word' id='word_1_79' title='bbox 938 705 1041 759; x_wconf 75' lang='grc' dir='ltr'><strong><em>(πῶς</em></strong></span> <span class='ocrx_word' id='word_1_80' title='bbox 1062 707 1107 746; x_wconf 87' lang='grc' dir='ltr'><strong>δὲ</strong></span> <span class='ocrx_word' id='word_1_81' title='bbox 1137 702 1222 748; x_wconf 79' lang='grc' dir='ltr'><strong><em>οἷόν</em></strong></span> <span class='ocrx_word' id='word_1_82' title='bbox 1240 722 1282 747; x_wconf 84' lang='grc' dir='ltr'><strong>τε</strong></span> <span class='ocrx_word' id='word_1_83' title='bbox 1303 706 1349 747; x_wconf 84' lang='grc' dir='ltr'><strong>τὸ</strong></span> <span class='ocrx_word' id='word_1_84' title='bbox 1377 705 1630 763; x_wconf 72' lang='grc' dir='ltr'><strong><em>ἀνθρώπειον</em></strong></span> <span class='ocrx_word' id='word_1_85' title='bbox 1652 707 1710 762; x_wconf 69' lang='grc' dir='ltr'><strong><em>μὴ</em></strong></span> 
     </span>
     <span class='ocr_line' id='line_1_10' title="bbox 314 761 1713 822; baseline 0.007 -18"><span class='ocrx_word' id='word_1_86' title='bbox 314 761 414 818; x_wconf 77' lang='grc' dir='ltr'><strong>οὕχί</strong></span> <span class='ocrx_word' id='word_1_87' title='bbox 446 764 518 806; x_wconf 73' lang='grc' dir='ltr'><strong>καὶ</strong></span> <span class='ocrx_word' id='word_1_88' title='bbox 548 764 651 820; x_wconf 85' lang='grc' dir='ltr'><strong><em>πρὸς</em></strong></span> <span class='ocrx_word' id='word_1_89' title='bbox 682 762 874 808; x_wconf 73' lang='grc' dir='ltr'><strong><em>τάναντία</em></strong></span> <span class='ocrx_word' id='word_1_90' title='bbox 909 771 1200 822; x_wconf 81' lang='grc' dir='ltr'><strong><em>μεταβάλλειν,</em></strong></span> <span class='ocrx_word' id='word_1_91' title='bbox 1244 767 1332 811; x_wconf 75' lang='grc' dir='ltr'><strong><em>ἀλλ’</em></strong></span> <span class='ocrx_word' id='word_1_92' title='bbox 1366 771 1436 813; x_wconf 78' lang='grc' dir='ltr'><strong>ἐπὶ</strong></span> <span class='ocrx_word' id='word_1_93' title='bbox 1468 774 1548 814; x_wconf 84' lang='grc' dir='ltr'><strong>τῶν</strong></span> <span class='ocrx_word' id='word_1_94' title='bbox 1578 769 1713 814; x_wconf 71' lang='grc' dir='ltr'><strong><em>αὐτῶν</em></strong></span> 
     </span>
     <span class='ocr_line' id='line_1_11' title="bbox 310 825 1764 889; baseline 0.004 -21"><span class='ocrx_word' id='word_1_95' title='bbox 310 825 378 868; x_wconf 63' lang='lat' dir='ltr'><strong>cia*</strong></span> <span class='ocrx_word' id='word_1_96' title='bbox 394 830 649 884; x_wconf 69' lang='grc' dir='ltr'><strong><em>βεβηκέναις)</em></strong></span> <span class='ocrx_word' id='word_1_97' title='bbox 689 828 710 870; x_wconf 79' lang='grc' dir='ltr'><em>ὃ</em></span> <span class='ocrx_word' id='word_1_98' title='bbox 740 832 785 871; x_wconf 80' lang='grc' dir='ltr'><strong>δὲ</strong></span> <span class='ocrx_word' id='word_1_99' title='bbox 813 830 994 887; x_wconf 78' lang='grc' dir='ltr'><strong><em>καθάπερ</em></strong></span> <span class='ocrx_word' id='word_1_100' title='bbox 1027 849 1087 882; x_wconf 86' lang='grc' dir='ltr'><strong>τις</strong></span> <span class='ocrx_word' id='word_1_101' title='bbox 1112 833 1341 886; x_wconf 67' lang='grc' dir='ltr'><strong><em>αὐτόματος</em></strong></span> <span class='ocrx_word' id='word_1_102' title='bbox 1361 837 1440 877; x_wconf 85' lang='grc' dir='ltr'><strong>τῶν</strong></span> <span class='ocrx_word' id='word_1_103' title='bbox 1469 837 1764 889; x_wconf 73' lang='grc' dir='ltr'><strong><em>γιγνομένωνῑο</em></strong></span> 
     </span>
     <span class='ocr_line' id='line_1_12' title="bbox 311 891 1713 952; baseline 0.006 -20"><span class='ocrx_word' id='word_1_104' title='bbox 311 891 472 948; x_wconf 81' lang='grc' dir='ltr'><strong><em>κριτὴς,</em></strong></span> <span class='ocrx_word' id='word_1_105' title='bbox 500 892 576 947; x_wconf 78' lang='grc' dir='ltr'><strong>τὴν</strong></span> <span class='ocrx_word' id='word_1_106' title='bbox 602 895 677 945; x_wconf 84' lang='grc' dir='ltr'><strong>μὲν</strong></span> <span class='ocrx_word' id='word_1_107' title='bbox 699 892 829 949; x_wconf 81' lang='grc' dir='ltr'><strong><em>τύχην</em></strong></span> <span class='ocrx_word' id='word_1_108' title='bbox 858 892 989 946; x_wconf 68' lang='grc' dir='ltr'><strong><em>εὐθὺς</em></strong></span> <span class='ocrx_word' id='word_1_109' title='bbox 1009 894 1125 952; x_wconf 69' lang='grc' dir='ltr'><strong><em>ἀφίει</em></strong></span> <span class='ocrx_word' id='word_1_110' title='bbox 1147 900 1227 940; x_wconf 88' lang='grc' dir='ltr'><strong>τῶν</strong></span> <span class='ocrx_word' id='word_1_111' title='bbox 1253 899 1512 952; x_wconf 78' lang='grc' dir='ltr'><strong><em>ἐγκλημάτων</em></strong></span> <span class='ocrx_word' id='word_1_112' title='bbox 1535 898 1713 941; x_wconf 69' lang='grc' dir='ltr'><strong><em>ἀνεύθυ-</em></strong></span> 
     </span>
     <span class='ocr_line' id='line_1_13' title="bbox 198 954 1711 1019; baseline 0.003 -21"><span class='ocrx_word' id='word_1_113' title='bbox 198 974 233 1006; x_wconf 81' lang='lat' dir='ltr'><strong>p,</strong></span> <span class='ocrx_word' id='word_1_114' title='bbox 246 970 406 1010; x_wconf 65' lang='lat'><strong>11722021,</strong></span> <span class='ocrx_word' id='word_1_115' title='bbox 443 957 499 1006; x_wconf 79' lang='grc' dir='ltr'><strong><em>ῶς</em></strong></span> <span class='ocrx_word' id='word_1_116' title='bbox 528 954 575 998; x_wconf 81' lang='grc' dir='ltr'><strong>οὗ</strong></span> <span class='ocrx_word' id='word_1_117' title='bbox 602 957 723 1011; x_wconf 88' lang='grc' dir='ltr'><strong><em>μετὸν</em></strong></span> <span class='ocrx_word' id='word_1_118' title='bbox 753 961 860 1015; x_wconf 73' lang='grc' dir='ltr'><strong><em>αὐτῇ</em></strong></span> <span class='ocrx_word' id='word_1_119' title='bbox 881 964 955 1002; x_wconf 82' lang='grc' dir='ltr'><strong>τοῦ</strong></span> <span class='ocrx_word' id='word_1_120' title='bbox 983 962 1224 1015; x_wconf 73' lang='grc' dir='ltr'><strong><em>συμβάντος·</em></strong></span> <span class='ocrx_word' id='word_1_121' title='bbox 1266 961 1317 1018; x_wconf 79' lang='grc' dir='ltr'><strong>ἧν</strong></span> <span class='ocrx_word' id='word_1_122' title='bbox 1344 965 1390 1005; x_wconf 82' lang='grc' dir='ltr'><strong>δὲ</strong></span> <span class='ocrx_word' id='word_1_123' title='bbox 1412 963 1573 1012; x_wconf 78' lang='grc' dir='ltr'><strong><em>πάντως</em></strong></span> <span class='ocrx_word' id='word_1_124' title='bbox 1600 964 1711 1019; x_wconf 71' lang='grc' dir='ltr'><strong><em>αὐτῷ</em></strong></span> 
     </span>
     <span class='ocr_line' id='line_1_14' title="bbox 310 1022 1713 1081; baseline 0.001 -18"><span class='ocrx_word' id='word_1_125' title='bbox 310 1022 636 1076; x_wconf 81' lang='grc' dir='ltr'><strong><em>προεσκεμμένον</em></strong></span> <span class='ocrx_word' id='word_1_126' title='bbox 659 1022 731 1063; x_wconf 80' lang='grc' dir='ltr'>καί</span> <span class='ocrx_word' id='word_1_127' title='bbox 753 1026 962 1079; x_wconf 74' lang='grc' dir='ltr'><strong><em>ἐγκριθὲν,</em></strong></span> <span class='ocrx_word' id='word_1_128' title='bbox 1000 1028 1129 1081; x_wconf 82' lang='grc' dir='ltr'><strong><em>μηδὲν</em></strong></span> <span class='ocrx_word' id='word_1_129' title='bbox 1161 1022 1258 1068; x_wconf 67' lang='grc' dir='ltr'><strong><em>ἄλλο</em></strong></span> <span class='ocrx_word' id='word_1_130' title='bbox 1289 1029 1421 1068; x_wconf 78' lang='grc' dir='ltr'><strong><em>δοκεῖν</em></strong></span> <span class='ocrx_word' id='word_1_131' title='bbox 1449 1027 1580 1069; x_wconf 68' lang='grc' dir='ltr'><strong><em>αἴτιον</em></strong></span> <span class='ocrx_word' id='word_1_132' title='bbox 1608 1025 1713 1069; x_wconf 86' lang='grc' dir='ltr'><strong><em>εἶναι</em></strong></span> 
     </span>
     <span class='ocr_line' id='line_1_15' title="bbox 310 1087 1712 1147; baseline 0.004 -20"><span class='ocrx_word' id='word_1_133' title='bbox 310 1088 384 1127; x_wconf 78' lang='grc' dir='ltr'><strong>τοῦ</strong></span> <span class='ocrx_word' id='word_1_134' title='bbox 411 1087 557 1134; x_wconf 81' lang='grc' dir='ltr'><strong><em>ἐνδεῶς</em></strong></span> <span class='ocrx_word' id='word_1_135' title='bbox 597 1087 696 1141; x_wconf 83' lang='grc' dir='ltr'><strong>ἦμῖν</strong></span> <span class='ocrx_word' id='word_1_136' title='bbox 725 1105 765 1129; x_wconf 93' lang='grc' dir='ltr'><strong><em>τι</em></strong></span> <span class='ocrx_word' id='word_1_137' title='bbox 800 1092 1061 1144; x_wconf 72' lang='grc' dir='ltr'><strong><em>πεπρᾶχθαι,</em></strong></span> <span class='ocrx_word' id='word_1_138' title='bbox 1098 1088 1124 1145; x_wconf 81' lang='grc' dir='ltr'><em>ἢ</em></span> <span class='ocrx_word' id='word_1_139' title='bbox 1146 1091 1267 1143; x_wconf 86' lang='grc' dir='ltr'><strong><em>μόνον</em></strong></span> <span class='ocrx_word' id='word_1_140' title='bbox 1297 1091 1518 1147; x_wconf 77' lang='grc' dir='ltr'><strong><em>ἀνανδρίαν</em></strong></span> <span class='ocrx_word' id='word_1_141' title='bbox 1551 1091 1712 1145; x_wconf 77' lang='grc' dir='ltr'><strong><em>γνώμης</em></strong></span> 
     </span>
     <span class='ocr_line' id='line_1_16' title="bbox 310 1149 1764 1211; baseline 0.005 -22"><span class='ocrx_word' id='word_1_142' title='bbox 310 1149 381 1190; x_wconf 81' lang='grc' dir='ltr'>καί</span> <span class='ocrx_word' id='word_1_143' title='bbox 407 1152 560 1205; x_wconf 81' lang='grc' dir='ltr'><strong><em>χειρῶν</em></strong></span> <span class='ocrx_word' id='word_1_144' title='bbox 591 1151 809 1193; x_wconf 69' lang='grc' dir='ltr'><strong><em>ἅσθενείαν</em></strong></span> <span class='ocrx_word' id='word_1_145' title='bbox 844 1153 915 1194; x_wconf 77' lang='grc' dir='ltr'><strong>καὶ</strong></span> <span class='ocrx_word' id='word_1_146' title='bbox 951 1154 1243 1207; x_wconf 81' lang='grc' dir='ltr'><strong><em>βουλευμάτων</em></strong></span> <span class='ocrx_word' id='word_1_147' title='bbox 1283 1152 1538 1211; x_wconf 80' lang='grc' dir='ltr'><strong><em>ἆβελτηρίαν.</em></strong></span> <span class='ocrx_word' id='word_1_148' title='bbox 1567 1153 1612 1196; x_wconf 84' lang='grc' dir='ltr'><strong>τὸ</strong></span> <span class='ocrx_word' id='word_1_149' title='bbox 1632 1152 1764 1209; x_wconf 71' lang='grc' dir='ltr'><strong>γὰριὸ</strong></span> 
     </span>
     <span class='ocr_line' id='line_1_17' title="bbox 309 1213 1713 1275; baseline 0.003 -21"><span class='ocrx_word' id='word_1_150' title='bbox 309 1213 569 1275; x_wconf 62' lang='grc' dir='ltr'><strong>παλιζιιβολονι</strong></span> <span class='ocrx_word' id='word_1_151' title='bbox 584 1216 656 1268; x_wconf 81' lang='grc' dir='ltr'><strong><em>τῆς</em></strong></span> <span class='ocrx_word' id='word_1_152' title='bbox 678 1215 806 1271; x_wconf 80' lang='grc' dir='ltr'><strong><em>τύχης</em></strong></span> <span class='ocrx_word' id='word_1_153' title='bbox 826 1219 896 1258; x_wconf 81' lang='grc' dir='ltr'>καί</span> <span class='ocrx_word' id='word_1_154' title='bbox 917 1213 1086 1260; x_wconf 72' lang='grc' dir='ltr'><strong><em>ἄτακτον</em></strong></span> <span class='ocrx_word' id='word_1_155' title='bbox 1107 1220 1177 1261; x_wconf 80' lang='grc' dir='ltr'>καί</span> <span class='ocrx_word' id='word_1_156' title='bbox 1200 1216 1423 1273; x_wconf 74' lang='grc' dir='ltr'><strong><em>ἀλόγιστον,</em></strong></span> <span class='ocrx_word' id='word_1_157' title='bbox 1449 1218 1521 1260; x_wconf 68' lang='grc' dir='ltr'><strong>καὶ</strong></span> <span class='ocrx_word' id='word_1_158' title='bbox 1539 1214 1597 1267; x_wconf 80' lang='grc' dir='ltr'><strong><em>οἷς</em></strong></span> <span class='ocrx_word' id='word_1_159' title='bbox 1618 1220 1713 1258; x_wconf 74' lang='grc' dir='ltr'><strong><em>καθ’</em></strong></span> 
     </span>
     <span class='ocr_line' id='line_1_18' title="bbox 308 1278 1713 1337; baseline 0.004 -19"><span class='ocrx_word' id='word_1_160' title='bbox 308 1278 424 1332; x_wconf 72' lang='grc' dir='ltr'><strong><em>ἡμῶν</em></strong></span> <span class='ocrx_word' id='word_1_161' title='bbox 453 1278 583 1332; x_wconf 75' lang='grc' dir='ltr'><strong><em>αὐτὴν</em></strong></span> <span class='ocrx_word' id='word_1_162' title='bbox 607 1281 912 1336; x_wconf 82' lang='grc' dir='ltr'><strong><em>διελοιδορεῖτο,</em></strong></span> <span class='ocrx_word' id='word_1_163' title='bbox 939 1279 1130 1335; x_wconf 75' lang='grc' dir='ltr'><strong><em>οὐδαμῶς</em></strong></span> <span class='ocrx_word' id='word_1_164' title='bbox 1153 1285 1272 1337; x_wconf 74' lang='grc' dir='ltr'><strong><em>ἐπῆγε</em></strong></span> <span class='ocrx_word' id='word_1_165' title='bbox 1298 1289 1383 1332; x_wconf 83' lang='grc' dir='ltr'><strong><em>τοῖς</em></strong></span> <span class='ocrx_word' id='word_1_166' title='bbox 1406 1282 1631 1336; x_wconf 81' lang='grc' dir='ltr'><strong><em>πολεμίοις,</em></strong></span> <span class='ocrx_word' id='word_1_167' title='bbox 1659 1279 1713 1331; x_wconf 75' lang='grc' dir='ltr'><strong><em>ὥς</em></strong></span> 
     </span>
     <span class='ocr_line' id='line_1_19' title="bbox 310 1341 1501 1403; baseline 0.005 -21"><span class='ocrx_word' id='word_1_168' title='bbox 310 1343 355 1383; x_wconf 74' lang='grc' dir='ltr'><strong>ἐκ</strong></span> <span class='ocrx_word' id='word_1_169' title='bbox 378 1341 534 1384; x_wconf 79' lang='grc' dir='ltr'><strong><em>τούτων</em></strong></span> <span class='ocrx_word' id='word_1_170' title='bbox 557 1344 688 1397; x_wconf 73' lang='grc' dir='ltr'><strong><em>ἡμᾶς,</em></strong></span> <span class='ocrx_word' id='word_1_171' title='bbox 718 1343 825 1392; x_wconf 69' lang='grc' dir='ltr'><strong><em>οὕτω</em></strong></span> <span class='ocrx_word' id='word_1_172' title='bbox 862 1347 1096 1402; x_wconf 84' lang='grc' dir='ltr'><strong><em>παρασχὸν,</em></strong></span> <span class='ocrx_word' id='word_1_173' title='bbox 1123 1346 1501 1403; x_wconf 72' lang='grc' dir='ltr'><strong><em>ὑπερβαλλομένοις.</em></strong></span> 
     </span>
    </p>

    <p class='ocr_par' dir='ltr' id='par_1_3' title="bbox 310 1404 1764 1659">
     <span class='ocr_line' id='line_1_20' title="bbox 415 1404 1712 1467; baseline 0.005 -20"><span class='ocrx_word' id='word_1_174' title='bbox 415 1404 470 1447; x_wconf 73' lang='grc' dir='ltr'><strong>θ’·</strong></span> <span class='ocrx_word' id='word_1_175' title='bbox 525 1407 648 1459; x_wconf 65' lang='lat' dir='ltr'><strong>„Kal</strong></span> <span class='ocrx_word' id='word_1_176' title='bbox 680 1409 816 1450; x_wconf 88' lang='grc' dir='ltr'><strong><em>τοίνυν</em></strong></span> <span class='ocrx_word' id='word_1_177' title='bbox 830 1409 988 1463; x_wconf 72' lang='grc' dir='ltr'><strong><em>,ἀνεβόα</em></strong></span> <span class='ocrx_word' id='word_1_178' title='bbox 1018 1413 1148 1452; x_wconf 76' lang='grc' dir='ltr'><strong><em>ταῦτα</em></strong></span> <span class='ocrx_word' id='word_1_179' title='bbox 1172 1414 1426 1467; x_wconf 76' lang='grc' dir='ltr'><strong><em>περιφανῶς,</em></strong></span> <span class='ocrx_word' id='word_1_180' title='bbox 1469 1415 1539 1453; x_wconf 81' lang='grc' dir='ltr'>καί</span> <span class='ocrx_word' id='word_1_181' title='bbox 1561 1414 1712 1465; x_wconf 79' lang='grc' dir='ltr'><strong><em>γνῶναι</em></strong></span> 
     </span>
     <span class='ocr_line' id='line_1_21' title="bbox 310 1468 1764 1531; baseline 0.004 -21"><span class='ocrx_word' id='word_1_182' title='bbox 310 1475 504 1526; x_wconf 80' lang='grc' dir='ltr'><strong><em>παρεῖχεν</em></strong></span> <span class='ocrx_word' id='word_1_183' title='bbox 523 1468 572 1511; x_wconf 75' lang='grc' dir='ltr'><strong>οὗ</strong></span> <span class='ocrx_word' id='word_1_184' title='bbox 602 1471 728 1524; x_wconf 87' lang='grc' dir='ltr'><strong><em>μόνον</em></strong></span> <span class='ocrx_word' id='word_1_185' title='bbox 750 1479 834 1521; x_wconf 78' lang='grc' dir='ltr'><strong><em>τοῖς</em></strong></span> <span class='ocrx_word' id='word_1_186' title='bbox 861 1475 1134 1530; x_wconf 76' lang='grc' dir='ltr'><strong><em>στρατεύμασι</em></strong></span> <span class='ocrx_word' id='word_1_187' title='bbox 1156 1478 1237 1517; x_wconf 83' lang='grc' dir='ltr'><strong>τῶν</strong></span> <span class='ocrx_word' id='word_1_188' title='bbox 1264 1477 1465 1531; x_wconf 85' lang='grc' dir='ltr'><strong><em>Περσῶν,</em></strong></span> <span class='ocrx_word' id='word_1_189' title='bbox 1494 1472 1554 1524; x_wconf 83' lang='grc' dir='ltr'><strong><em>οἷς</em></strong></span> <span class='ocrx_word' id='word_1_190' title='bbox 1574 1475 1623 1531; x_wconf 76' lang='grc' dir='ltr'><em>δὴ</em></span> <span class='ocrx_word' id='word_1_191' title='bbox 1644 1475 1764 1516; x_wconf 71' lang='lat' dir='ltr'><strong>naae&#39;ao</strong></span> 
     </span>
     <span class='ocr_line' id='line_1_22' title="bbox 311 1535 1713 1598; baseline 0.004 -24"><span class='ocrx_word' id='word_1_192' title='bbox 311 1535 463 1575; x_wconf 71' lang='grc' dir='ltr'><strong><em>ἕκαστα</em></strong></span> <span class='ocrx_word' id='word_1_193' title='bbox 509 1537 725 1579; x_wconf 78' lang='grc' dir='ltr'><strong><em>διεπονεῖτο</em></strong></span> <span class='ocrx_word' id='word_1_194' title='bbox 763 1540 834 1579; x_wconf 82' lang='grc' dir='ltr'>καί</span> <span class='ocrx_word' id='word_1_195' title='bbox 872 1536 1096 1594; x_wconf 79' lang='grc' dir='ltr'><strong><em>ἔπρασσεν,</em></strong></span> <span class='ocrx_word' id='word_1_196' title='bbox 1142 1536 1232 1581; x_wconf 72' lang='grc' dir='ltr'><strong><em>ἄλλ’</em></strong></span> <span class='ocrx_word' id='word_1_197' title='bbox 1264 1537 1392 1598; x_wconf 64' lang='grc' dir='ltr'><strong><em>εῆθὺς</em></strong></span> <span class='ocrx_word' id='word_1_198' title='bbox 1425 1537 1713 1595; x_wconf 70' lang='grc' dir='ltr'><strong><em>ἀγγελιαφόροι</em></strong></span> 
     </span>
     <span class='ocr_line' id='line_1_23' title="bbox 312 1598 1714 1659; baseline 0.004 -21"><span class='ocrx_word' id='word_1_199' title='bbox 312 1599 524 1647; x_wconf 83' lang='grc' dir='ltr'><strong><em>σταλέντες</em></strong></span> <span class='ocrx_word' id='word_1_200' title='bbox 568 1598 668 1656; x_wconf 85' lang='grc' dir='ltr'><strong><em>πρὸς</em></strong></span> <span class='ocrx_word' id='word_1_201' title='bbox 711 1598 840 1643; x_wconf 73' lang='grc' dir='ltr'><strong><em>αὐτοῦ</em></strong></span> <span class='ocrx_word' id='word_1_202' title='bbox 880 1602 1135 1658; x_wconf 73' lang='grc' dir='ltr'><strong><em>διεκήρυττον</em></strong></span> <span class='ocrx_word' id='word_1_203' title='bbox 1169 1605 1226 1652; x_wconf 82' lang='grc' dir='ltr'><strong><em>εἷς</em></strong></span> <span class='ocrx_word' id='word_1_204' title='bbox 1261 1603 1464 1659; x_wconf 85' lang='grc' dir='ltr'><strong><em>Ἰβηρίαν,</em></strong></span> <span class='ocrx_word' id='word_1_205' title='bbox 1502 1605 1559 1653; x_wconf 80' lang='grc' dir='ltr'><strong><em>εἰς</em></strong></span> <span class='ocrx_word' id='word_1_206' title='bbox 1591 1604 1714 1645; x_wconf 78' lang='grc' dir='ltr'><strong><em>Ἀλα-</em></strong></span> 
     </span>
    </p>
   </div>
   <div class='ocr_carea' id='block_1_3' title="bbox 402 1684 1713 1780">
    <p class='ocr_par' dir='ltr' id='par_1_4' title="bbox 402 1684 1713 1780">
     <span class='ocr_line' id='line_1_24' title="bbox 402 1684 1713 1736; baseline -0.001 -15"><span class='ocrx_word' id='word_1_207' title='bbox 402 1689 435 1721; x_wconf 79' lang='lat'><strong>3.</strong></span> <span class='ocrx_word' id='word_1_208' title='bbox 458 1684 570 1732; x_wconf 78' lang='grc' dir='ltr'><strong><em>ἤρατο</em></strong></span> <span class='ocrx_word' id='word_1_209' title='bbox 594 1688 631 1719; x_wconf 79' lang='lat' dir='ltr'><strong>R.</strong></span> <span class='ocrx_word' id='word_1_210' title='bbox 740 1700 789 1722; x_wconf 80' lang='grc' dir='ltr'><strong>ιο.</strong></span> <span class='ocrx_word' id='word_1_211' title='bbox 813 1689 1005 1733; x_wconf 79' lang='grc' dir='ltr'><strong><em>βεβηκόσιν</em></strong></span> <span class='ocrx_word' id='word_1_212' title='bbox 1028 1692 1064 1723; x_wconf 88' lang='lat' dir='ltr'><strong>R.</strong></span> <span class='ocrx_word' id='word_1_213' title='bbox 1162 1692 1210 1724; x_wconf 80' lang='lat'><strong>13.</strong></span> <span class='ocrx_word' id='word_1_214' title='bbox 1236 1690 1538 1736; x_wconf 79' lang='grc' dir='ltr'><strong><em>προεσκεμμένον</em></strong></span> <span class='ocrx_word' id='word_1_215' title='bbox 1563 1689 1615 1729; x_wconf 68' lang='lat' dir='ltr'><strong>R„</strong></span> <span class='ocrx_word' id='word_1_216' title='bbox 1639 1698 1713 1721; x_wconf 84' lang='grc' dir='ltr'><strong>πα-</strong></span> 
     </span>
     <span class='ocr_line' id='line_1_25' title="bbox 403 1734 1393 1780; baseline 0.004 -16"><span class='ocrx_word' id='word_1_217' title='bbox 403 1734 658 1778; x_wconf 79' lang='grc' dir='ltr'><strong><em>ρεσκεμμένον</em></strong></span> <span class='ocrx_word' id='word_1_218' title='bbox 678 1734 772 1778; x_wconf 83' lang='lat' dir='ltr'>vulg.</span> <span class='ocrx_word' id='word_1_219' title='bbox 856 1747 904 1780; x_wconf 89' lang='lat'><strong>¹7·</strong></span> <span class='ocrx_word' id='word_1_220' title='bbox 933 1734 1051 1778; x_wconf 69' lang='grc' dir='ltr'><strong><em>αὐτὴν</em></strong></span> <span class='ocrx_word' id='word_1_221' title='bbox 1078 1737 1134 1777; x_wconf 86' lang='lat' dir='ltr'><strong>R.‚</strong></span> <span class='ocrx_word' id='word_1_222' title='bbox 1158 1736 1281 1769; x_wconf 76' lang='grc' dir='ltr'><strong><em>αὐτῶν</em></strong></span> <span class='ocrx_word' id='word_1_223' title='bbox 1302 1736 1393 1780; x_wconf 84' lang='lat' dir='ltr'><strong>vulg.</strong></span> 
     </span>
    </p>
   </div>
   <div class='ocr_carea' id='block_1_4' title="bbox 310 1817 1720 2728">
    <p class='ocr_par' dir='ltr' id='par_1_5' title="bbox 310 1817 1717 2590">
     <span class='ocr_line' id='line_1_26' title="bbox 310 1817 1713 1864; baseline -0.001 -14"><span class='ocrx_word' id='word_1_224' title='bbox 310 1817 414 1850; x_wconf 80' lang='lat' dir='ltr'><strong>vabat</strong></span> <span class='ocrx_word' id='word_1_225' title='bbox 436 1821 555 1849; x_wconf 88' lang='lat' dir='ltr'><strong>tamen</strong></span> <span class='ocrx_word' id='word_1_226' title='bbox 579 1822 738 1850; x_wconf 88' lang='lat' dir='ltr'><strong>accurate</strong></span> <span class='ocrx_word' id='word_1_227' title='bbox 760 1819 976 1862; x_wconf 86' lang='lat' dir='ltr'><strong>proeliorum</strong></span> <span class='ocrx_word' id='word_1_228' title='bbox 998 1825 1131 1860; x_wconf 87' lang='lat' dir='ltr'><strong>motus,</strong></span> <span class='ocrx_word' id='word_1_229' title='bbox 1155 1830 1224 1864; x_wconf 88' lang='lat' dir='ltr'><strong>quo</strong></span> <span class='ocrx_word' id='word_1_230' title='bbox 1247 1819 1442 1852; x_wconf 78' lang='lat' dir='ltr'><strong>tenderent.</strong></span> <span class='ocrx_word' id='word_1_231' title='bbox 1474 1821 1511 1854; x_wconf 89' lang='lat' dir='ltr'><strong>Si</strong></span> <span class='ocrx_word' id='word_1_232' title='bbox 1534 1817 1620 1864; x_wconf 88' lang='lat' dir='ltr'><strong>quid</strong></span> <span class='ocrx_word' id='word_1_233' title='bbox 1643 1818 1713 1860; x_wconf 80' lang='lat' dir='ltr'><strong>igi-</strong></span> 
     </span>
     <span class='ocr_line' id='line_1_27' title="bbox 314 1863 1712 1908; baseline -0.002 -12"><span class='ocrx_word' id='word_1_234' title='bbox 314 1869 374 1896; x_wconf 71' lang='lat' dir='ltr'><strong>tur</strong></span> <span class='ocrx_word' id='word_1_235' title='bbox 395 1863 573 1906; x_wconf 84' lang='lat' dir='ltr'><strong>praeclare</strong></span> <span class='ocrx_word' id='word_1_236' title='bbox 607 1874 627 1894; x_wconf 90' lang='lat' dir='ltr'><strong>a</strong></span> <span class='ocrx_word' id='word_1_237' title='bbox 650 1864 811 1896; x_wconf 85' lang='lat' dir='ltr'><strong>Romanis</strong></span> <span class='ocrx_word' id='word_1_238' title='bbox 842 1870 934 1898; x_wconf 84' lang='lat' dir='ltr'><strong>esset</strong></span> <span class='ocrx_word' id='word_1_239' title='bbox 964 1870 1118 1908; x_wconf 79' lang='lat' dir='ltr'><strong>gestum,</strong></span> <span class='ocrx_word' id='word_1_240' title='bbox 1156 1870 1192 1897; x_wconf 90' lang='lat' dir='ltr'><strong>et</strong></span> <span class='ocrx_word' id='word_1_241' title='bbox 1222 1870 1398 1897; x_wconf 82' lang='lat' dir='ltr'><strong>strenuam</strong></span> <span class='ocrx_word' id='word_1_242' title='bbox 1426 1865 1712 1907; x_wconf 81' lang='lat' dir='ltr'><strong>verissimamque</strong></span> 
     </span>
     <span class='ocr_line' id='line_1_28' title="bbox 313 1907 1713 1954; baseline 0 -14"><span class='ocrx_word' id='word_1_243' title='bbox 313 1908 479 1941; x_wconf 74' lang='lat' dir='ltr'><strong>victoriae</strong></span> <span class='ocrx_word' id='word_1_244' title='bbox 501 1907 641 1942; x_wconf 80' lang='lat' dir='ltr'><strong>laudem</strong></span> <span class='ocrx_word' id='word_1_245' title='bbox 664 1913 918 1952; x_wconf 78' lang='lat' dir='ltr'><strong>reportassent,</strong></span> <span class='ocrx_word' id='word_1_246' title='bbox 951 1911 1026 1954; x_wconf 86' lang='lat' dir='ltr'><strong>ipse</strong></span> <span class='ocrx_word' id='word_1_247' title='bbox 1052 1910 1218 1943; x_wconf 80' lang='lat' dir='ltr'><strong>hostilem</strong></span> <span class='ocrx_word' id='word_1_248' title='bbox 1248 1922 1347 1942; x_wconf 86' lang='lat' dir='ltr'><strong>suum</strong></span> <span class='ocrx_word' id='word_1_249' title='bbox 1378 1910 1608 1954; x_wconf 86' lang='lat' dir='ltr'><strong>invidumque</strong></span> <span class='ocrx_word' id='word_1_250' title='bbox 1633 1908 1713 1940; x_wconf 83' lang='lat' dir='ltr'><strong>ani-</strong></span> 
     </span>
     <span class='ocr_line' id='line_1_29' title="bbox 313 1953 1715 1996; baseline -0.001 -11"><span class='ocrx_word' id='word_1_251' title='bbox 313 1965 408 1986; x_wconf 86' lang='lat' dir='ltr'><strong>mum</strong></span> <span class='ocrx_word' id='word_1_252' title='bbox 423 1953 602 1986; x_wconf 74' lang='lat' dir='ltr'><strong>declarans</strong></span> <span class='ocrx_word' id='word_1_253' title='bbox 619 1977 630 1994; x_wconf 91' lang='lat'>‚</span> <span class='ocrx_word' id='word_1_254' title='bbox 654 1954 861 1990; x_wconf 84' lang='lat' dir='ltr'><strong>mordaciter</strong></span> <span class='ocrx_word' id='word_1_255' title='bbox 879 1956 1048 1988; x_wconf 88' lang='lat' dir='ltr'><strong>comicum</strong></span> <span class='ocrx_word' id='word_1_256' title='bbox 1067 1957 1104 1988; x_wconf 88' lang='lat' dir='ltr'><strong>in</strong></span> <span class='ocrx_word' id='word_1_257' title='bbox 1123 1966 1255 1988; x_wconf 88' lang='lat' dir='ltr'><strong>morem</strong></span> <span class='ocrx_word' id='word_1_258' title='bbox 1275 1954 1422 1988; x_wconf 82' lang='lat' dir='ltr'><strong>irridere</strong></span> <span class='ocrx_word' id='word_1_259' title='bbox 1438 1959 1486 1989; x_wconf 82' lang='lat' dir='ltr'><strong>‘et</strong></span> <span class='ocrx_word' id='word_1_260' title='bbox 1505 1964 1619 1988; x_wconf 84' lang='lat' dir='ltr'><strong>rerum</strong></span> <span class='ocrx_word' id='word_1_261' title='bbox 1654 1963 1715 1996; x_wconf 75' lang='lat' dir='ltr'><strong>ge·-</strong></span> 
     </span>
     <span class='ocr_line' id='line_1_30' title="bbox 310 1998 1715 2044; baseline -0.002 -12"><span class='ocrx_word' id='word_1_262' title='bbox 310 2005 444 2040; x_wconf 62' lang='lat' dir='ltr'><strong>starum</strong></span> <span class='ocrx_word' id='word_1_263' title='bbox 469 1999 690 2044; x_wconf 73' lang='lat' dir='ltr'><strong>splendorem</strong></span> <span class='ocrx_word' id='word_1_264' title='bbox 713 2010 753 2031; x_wconf 86' lang='lat' dir='ltr'><strong>ac</strong></span> <span class='ocrx_word' id='word_1_265' title='bbox 769 2000 974 2044; x_wconf 84' lang='lat' dir='ltr'><strong>dignitatem</strong></span> <span class='ocrx_word' id='word_1_266' title='bbox 995 2003 1164 2034; x_wconf 79' lang='lat' dir='ltr'><strong>offuscare</strong></span> <span class='ocrx_word' id='word_1_267' title='bbox 1195 2001 1393 2040; x_wconf 81' lang='lat' dir='ltr'><strong>nitebatur,</strong></span> <span class='ocrx_word' id='word_1_268' title='bbox 1423 2000 1565 2034; x_wconf 82' lang='lat' dir='ltr'><strong>ridiculi</strong></span> <span class='ocrx_word' id='word_1_269' title='bbox 1597 1998 1715 2040; x_wconf 71' lang='lat' dir='ltr'><strong>coepti</strong></span> 
     </span>
     <span class='ocr_line' id='line_1_31' title="bbox 312 2043 1715 2091; baseline -0.001 -14"><span class='ocrx_word' id='word_1_270' title='bbox 312 2045 504 2078; x_wconf 80' lang='lat' dir='ltr'><strong>ridiculum</strong></span> <span class='ocrx_word' id='word_1_271' title='bbox 537 2050 699 2077; x_wconf 88' lang='lat' dir='ltr'><strong>eventum</strong></span> <span class='ocrx_word' id='word_1_272' title='bbox 734 2046 936 2089; x_wconf 87' lang='lat' dir='ltr'><strong>appellans,</strong></span> <span class='ocrx_word' id='word_1_273' title='bbox 975 2047 1108 2091; x_wconf 87' lang='lat' dir='ltr'><strong>quique</strong></span> <span class='ocrx_word' id='word_1_274' title='bbox 1140 2057 1211 2078; x_wconf 88' lang='lat' dir='ltr'><strong>non</strong></span> <span class='ocrx_word' id='word_1_275' title='bbox 1234 2047 1389 2089; x_wconf 87' lang='lat' dir='ltr'><strong>ipsorum</strong></span> <span class='ocrx_word' id='word_1_276' title='bbox 1408 2043 1715 2083; x_wconf 83' lang='lat' dir='ltr'><strong>fortitudini‚sed</strong></span> 
     </span>
     <span class='ocr_line' id='line_1_32' title="bbox 315 2090 1715 2135; baseline -0.001 -12"><span class='ocrx_word' id='word_1_277' title='bbox 315 2091 481 2123; x_wconf 75' lang='lat' dir='ltr'><strong>fortunae</strong></span> <span class='ocrx_word' id='word_1_278' title='bbox 504 2091 698 2126; x_wconf 81' lang='lat' dir='ltr'><strong>temeritati</strong></span> <span class='ocrx_word' id='word_1_279' title='bbox 718 2090 915 2124; x_wconf 82' lang='lat' dir='ltr'><strong>deberetur.</strong></span> <span class='ocrx_word' id='word_1_280' title='bbox 964 2092 1086 2125; x_wconf 86' lang='lat' dir='ltr'><strong>Sicubi</strong></span> <span class='ocrx_word' id='word_1_281' title='bbox 1110 2101 1192 2125; x_wconf 86' lang='lat' dir='ltr'><strong>vero</strong></span> <span class='ocrx_word' id='word_1_282' title='bbox 1222 2091 1377 2124; x_wconf 81' lang='lat' dir='ltr'><strong>fortassis</strong></span> <span class='ocrx_word' id='word_1_283' title='bbox 1400 2092 1488 2135; x_wconf 82' lang='lat' dir='ltr'><strong>lapsi</strong></span> <span class='ocrx_word' id='word_1_284' title='bbox 1515 2091 1715 2127; x_wconf 79' lang='lat' dir='ltr'><strong>fuissemus,</strong></span> 
     </span>
     <span class='ocr_line' id='line_1_33' title="bbox 315 2133 1715 2179; baseline -0.001 -12"><span class='ocrx_word' id='word_1_285' title='bbox 315 2137 398 2179; x_wconf 87' lang='lat' dir='ltr'><strong>(qui</strong></span> <span class='ocrx_word' id='word_1_286' title='bbox 425 2137 519 2169; x_wconf 89' lang='lat' dir='ltr'><strong>enim</strong></span> <span class='ocrx_word' id='word_1_287' title='bbox 537 2136 753 2179; x_wconf 20' lang='lat' dir='ltr'><strong>fierilpossit⁵</strong></span> <span class='ocrx_word' id='word_1_288' title='bbox 770 2142 810 2170; x_wconf 88' lang='lat' dir='ltr'><strong>ut</strong></span> <span class='ocrx_word' id='word_1_289' title='bbox 826 2148 880 2170; x_wconf 85' lang='lat' dir='ltr'><strong>res</strong></span> <span class='ocrx_word' id='word_1_290' title='bbox 904 2136 1073 2170; x_wconf 82' lang='lat' dir='ltr'><strong>humanae</strong></span> <span class='ocrx_word' id='word_1_291' title='bbox 1087 2149 1160 2170; x_wconf 90' lang='lat' dir='ltr'><strong>non</strong></span> <span class='ocrx_word' id='word_1_292' title='bbox 1177 2137 1212 2168; x_wconf 91' lang='lat' dir='ltr'><strong>in</strong></span> <span class='ocrx_word' id='word_1_293' title='bbox 1237 2137 1449 2171; x_wconf 88' lang='lat' dir='ltr'><strong>contrarium</strong></span> <span class='ocrx_word' id='word_1_294' title='bbox 1469 2140 1622 2179; x_wconf 81' lang='lat' dir='ltr'><strong>vergant,</strong></span> <span class='ocrx_word' id='word_1_295' title='bbox 1651 2133 1715 2166; x_wconf 76' lang='lat' dir='ltr'><strong>sed</strong></span> 
     </span>
     <span class='ocr_line' id='line_1_34' title="bbox 314 2179 1714 2227; baseline -0.003 -13"><span class='ocrx_word' id='word_1_296' title='bbox 314 2187 488 2225; x_wconf 87' lang='lat' dir='ltr'><strong>perpetuo</strong></span> <span class='ocrx_word' id='word_1_297' title='bbox 507 2182 544 2214; x_wconf 89' lang='lat' dir='ltr'><strong>in</strong></span> <span class='ocrx_word' id='word_1_298' title='bbox 559 2192 630 2215; x_wconf 88' lang='lat' dir='ltr'><strong>uno</strong></span> <span class='ocrx_word' id='word_1_299' title='bbox 643 2181 839 2227; x_wconf 85' lang='lat' dir='ltr'><strong>eodemque</strong></span> <span class='ocrx_word' id='word_1_300' title='bbox 858 2187 947 2215; x_wconf 83' lang='lat' dir='ltr'><strong>statu</strong></span> <span class='ocrx_word' id='word_1_301' title='bbox 970 2182 1247 2226; x_wconf 80' lang='lat' dir='ltr'><strong>permaneant?)</strong></span> <span class='ocrx_word' id='word_1_302' title='bbox 1270 2187 1345 2214; x_wconf 86' lang='lat' dir='ltr'><strong>tum</strong></span> <span class='ocrx_word' id='word_1_303' title='bbox 1366 2183 1434 2216; x_wconf 86' lang='lat' dir='ltr'><strong>iste</strong></span> <span class='ocrx_word' id='word_1_304' title='bbox 1462 2186 1628 2226; x_wconf 80' lang='lat' dir='ltr'><strong>tanquam</strong></span> <span class='ocrx_word' id='word_1_305' title='bbox 1657 2179 1714 2210; x_wconf 93' lang='lat' dir='ltr'><strong>ul-</strong></span> 
     </span>
     <span class='ocr_line' id='line_1_35' title="bbox 314 2223 1715 2271; baseline -0.004 -12"><span class='ocrx_word' id='word_1_306' title='bbox 314 2231 459 2260; x_wconf 82' lang='lat' dir='ltr'><strong>troneus</strong></span> <span class='ocrx_word' id='word_1_307' title='bbox 481 2227 624 2271; x_wconf 89' lang='lat' dir='ltr'><strong>quidam</strong></span> <span class='ocrx_word' id='word_1_308' title='bbox 643 2232 832 2261; x_wconf 81' lang='lat' dir='ltr'><strong>eventuum</strong></span> <span class='ocrx_word' id='word_1_309' title='bbox 866 2227 992 2267; x_wconf 81' lang='lat' dir='ltr'><strong>iudex,</strong></span> <span class='ocrx_word' id='word_1_310' title='bbox 1025 2229 1199 2260; x_wconf 82' lang='lat' dir='ltr'><strong>fortunam</strong></span> <span class='ocrx_word' id='word_1_311' title='bbox 1227 2227 1370 2271; x_wconf 89' lang='lat' dir='ltr'><strong>quidem</strong></span> <span class='ocrx_word' id='word_1_312' title='bbox 1394 2229 1535 2267; x_wconf 76' lang='lat' dir='ltr'><strong>statim,</strong></span> <span class='ocrx_word' id='word_1_313' title='bbox 1566 2223 1715 2269; x_wconf 83' lang='lat' dir='ltr'><strong>perinde</strong></span> 
     </span>
     <span class='ocr_line' id='line_1_36' title="bbox 315 2267 1716 2316; baseline -0.004 -11"><span class='ocrx_word' id='word_1_314' title='bbox 315 2283 358 2305; x_wconf 85' lang='lat' dir='ltr'><strong>ac</strong></span> <span class='ocrx_word' id='word_1_315' title='bbox 381 2273 415 2304; x_wconf 81' lang='lat' dir='ltr'><strong>si</strong></span> <span class='ocrx_word' id='word_1_316' title='bbox 426 2277 571 2305; x_wconf 85' lang='lat' dir='ltr'><strong>eventus</strong></span> <span class='ocrx_word' id='word_1_317' title='bbox 591 2283 705 2306; x_wconf 89' lang='lat' dir='ltr'><strong>rerum</strong></span> <span class='ocrx_word' id='word_1_318' title='bbox 729 2273 772 2306; x_wconf 90' lang='lat' dir='ltr'><strong>ab</strong></span> <span class='ocrx_word' id='word_1_319' title='bbox 796 2284 837 2306; x_wconf 90' lang='lat' dir='ltr'><strong>ea</strong></span> <span class='ocrx_word' id='word_1_320' title='bbox 861 2284 932 2306; x_wconf 89' lang='lat' dir='ltr'><strong>non</strong></span> <span class='ocrx_word' id='word_1_321' title='bbox 951 2273 1147 2316; x_wconf 86' lang='lat' dir='ltr'><strong>penderent</strong></span> <span class='ocrx_word' id='word_1_322' title='bbox 1161 2296 1169 2312; x_wconf 88' lang='lat'>,</span> <span class='ocrx_word' id='word_1_323' title='bbox 1196 2274 1297 2316; x_wconf 86' lang='lat' dir='ltr'><strong>culpa</strong></span> <span class='ocrx_word' id='word_1_324' title='bbox 1319 2275 1416 2306; x_wconf 89' lang='lat' dir='ltr'><strong>omni</strong></span> <span class='ocrx_word' id='word_1_325' title='bbox 1435 2271 1624 2305; x_wconf 81' lang='lat' dir='ltr'><strong>liberabat:</strong></span> <span class='ocrx_word' id='word_1_326' title='bbox 1646 2267 1716 2302; x_wconf 77' lang='lat' dir='ltr'><strong>hoe</strong></span> 
     </span>
     <span class='ocr_line' id='line_1_37' title="bbox 313 2313 1716 2364; baseline -0.004 -13"><span class='ocrx_word' id='word_1_327' title='bbox 313 2329 398 2351; x_wconf 75' lang='lat' dir='ltr'><strong>vero</strong></span> <span class='ocrx_word' id='word_1_328' title='bbox 424 2317 529 2349; x_wconf 78' lang='lat' dir='ltr'><strong>fixum</strong></span> <span class='ocrx_word' id='word_1_329' title='bbox 554 2318 588 2350; x_wconf 89' lang='lat' dir='ltr'><strong>ei</strong></span> <span class='ocrx_word' id='word_1_330' title='bbox 612 2318 861 2364; x_wconf 86' lang='lat' dir='ltr'><strong>decretumque</strong></span> <span class='ocrx_word' id='word_1_331' title='bbox 884 2319 1068 2359; x_wconf 81' lang='lat' dir='ltr'><strong>manebat,</strong></span> <span class='ocrx_word' id='word_1_332' title='bbox 1108 2318 1239 2351; x_wconf 85' lang='lat' dir='ltr'><strong>nullam</strong></span> <span class='ocrx_word' id='word_1_333' title='bbox 1263 2319 1367 2350; x_wconf 84' lang='lat' dir='ltr'><strong>aliam</strong></span> <span class='ocrx_word' id='word_1_334' title='bbox 1391 2329 1466 2351; x_wconf 86' lang='lat' dir='ltr'><strong>esse</strong></span> <span class='ocrx_word' id='word_1_335' title='bbox 1500 2326 1636 2350; x_wconf 82' lang='lat' dir='ltr'><strong>causam</strong></span> <span class='ocrx_word' id='word_1_336' title='bbox 1663 2313 1716 2346; x_wconf 80' lang='lat' dir='ltr'><strong>rei</strong></span> 
     </span>
     <span class='ocr_line' id='line_1_38' title="bbox 316 2362 1717 2408; baseline -0.004 -12"><span class='ocrx_word' id='word_1_337' title='bbox 316 2374 441 2407; x_wconf 72' lang='lat' dir='ltr'><strong>parum</strong></span> <span class='ocrx_word' id='word_1_338' title='bbox 465 2362 556 2396; x_wconf 87' lang='lat' dir='ltr'><strong>bene</strong></span> <span class='ocrx_word' id='word_1_339' title='bbox 579 2374 598 2395; x_wconf 88' lang='lat' dir='ltr'><strong>a</strong></span> <span class='ocrx_word' id='word_1_340' title='bbox 622 2363 727 2396; x_wconf 85' lang='lat' dir='ltr'><strong>nobis</strong></span> <span class='ocrx_word' id='word_1_341' title='bbox 751 2370 886 2408; x_wconf 82' lang='lat' dir='ltr'><strong>gestae,</strong></span> <span class='ocrx_word' id='word_1_342' title='bbox 909 2370 1047 2408; x_wconf 86' lang='lat' dir='ltr'><strong>praeter</strong></span> <span class='ocrx_word' id='word_1_343' title='bbox 1069 2364 1179 2396; x_wconf 82' lang='lat' dir='ltr'><strong>solam</strong></span> <span class='ocrx_word' id='word_1_344' title='bbox 1199 2363 1308 2396; x_wconf 86' lang='lat' dir='ltr'><strong>animi</strong></span> <span class='ocrx_word' id='word_1_345' title='bbox 1323 2364 1529 2402; x_wconf 88' lang='lat' dir='ltr'><strong>mollitiem,</strong></span> <span class='ocrx_word' id='word_1_346' title='bbox 1553 2369 1717 2394; x_wconf 79' lang='lat' dir='ltr'><strong>manuum</strong></span> 
     </span>
     <span class='ocr_line' id='line_1_39' title="bbox 321 2404 1716 2442; baseline -0.002 -2"><span class='ocrx_word' id='word_1_347' title='bbox 321 2408 606 2441; x_wconf 87' lang='lat' dir='ltr'><strong>imbecillitatem</strong></span> <span class='ocrx_word' id='word_1_348' title='bbox 637 2414 673 2440; x_wconf 90' lang='lat' dir='ltr'><strong>et</strong></span> <span class='ocrx_word' id='word_1_349' title='bbox 706 2410 936 2442; x_wconf 84' lang='lat' dir='ltr'><strong>consiliorum</strong></span> <span class='ocrx_word' id='word_1_350' title='bbox 959 2410 1198 2442; x_wconf 81' lang='lat' dir='ltr'><strong>stoliditatem.</strong></span> <span class='ocrx_word' id='word_1_351' title='bbox 1249 2409 1425 2442; x_wconf 82' lang='lat' dir='ltr'><strong>Fortunae</strong></span> <span class='ocrx_word' id='word_1_352' title='bbox 1449 2409 1543 2441; x_wconf 81' lang='lat' dir='ltr'><strong>enim</strong></span> <span class='ocrx_word' id='word_1_353' title='bbox 1560 2404 1716 2439; x_wconf 83' lang='lat' dir='ltr'><strong>mutabi-</strong></span> 
     </span>
     <span class='ocr_line' id='line_1_40' title="bbox 318 2453 1717 2499; baseline -0.003 -13"><span class='ocrx_word' id='word_1_354' title='bbox 318 2453 456 2486; x_wconf 86' lang='lat' dir='ltr'><strong>litatem</strong></span> <span class='ocrx_word' id='word_1_355' title='bbox 470 2477 478 2493; x_wconf 89' lang='lat'>‚</span> <span class='ocrx_word' id='word_1_356' title='bbox 506 2454 779 2486; x_wconf 82' lang='lat' dir='ltr'><strong>inconstantiam</strong></span> <span class='ocrx_word' id='word_1_357' title='bbox 811 2459 848 2487; x_wconf 87' lang='lat' dir='ltr'><strong>et</strong></span> <span class='ocrx_word' id='word_1_358' title='bbox 873 2456 1106 2488; x_wconf 80' lang='lat' dir='ltr'><strong>temeritatem</strong></span> <span class='ocrx_word' id='word_1_359' title='bbox 1131 2460 1166 2487; x_wconf 89' lang='lat' dir='ltr'><strong>et</strong></span> <span class='ocrx_word' id='word_1_360' title='bbox 1181 2455 1249 2488; x_wconf 86' lang='lat' dir='ltr'><strong>alia</strong></span> <span class='ocrx_word' id='word_1_361' title='bbox 1264 2479 1274 2494; x_wconf 90' lang='lat'>‚</span> <span class='ocrx_word' id='word_1_362' title='bbox 1297 2465 1387 2499; x_wconf 90' lang='lat' dir='ltr'><strong>quae</strong></span> <span class='ocrx_word' id='word_1_363' title='bbox 1410 2454 1512 2487; x_wconf 83' lang='lat' dir='ltr'><strong>nobis</strong></span> <span class='ocrx_word' id='word_1_364' title='bbox 1538 2455 1717 2485; x_wconf 85' lang='lat' dir='ltr'><strong>contume-</strong></span> 
     </span>
     <span class='ocr_line' id='line_1_41' title="bbox 317 2495 1716 2544; baseline -0.001 -13"><span class='ocrx_word' id='word_1_365' title='bbox 317 2499 407 2532; x_wconf 89' lang='lat' dir='ltr'><strong>liose</strong></span> <span class='ocrx_word' id='word_1_366' title='bbox 431 2498 642 2538; x_wconf 87' lang='lat' dir='ltr'><strong>obiiciebat‚</strong></span> <span class='ocrx_word' id='word_1_367' title='bbox 666 2498 827 2531; x_wconf 83' lang='lat' dir='ltr'><strong>hostibus</strong></span> <span class='ocrx_word' id='word_1_368' title='bbox 848 2511 1069 2544; x_wconf 87' lang='lat' dir='ltr'><strong>nequaquam</strong></span> <span class='ocrx_word' id='word_1_369' title='bbox 1091 2499 1334 2540; x_wconf 81' lang='lat' dir='ltr'><strong>adscribebat,</strong></span> <span class='ocrx_word' id='word_1_370' title='bbox 1364 2506 1530 2544; x_wconf 88' lang='lat' dir='ltr'><strong>tanquam</strong></span> <span class='ocrx_word' id='word_1_371' title='bbox 1552 2497 1649 2530; x_wconf 69' lang='lat' dir='ltr'><strong>hince</strong></span> <span class='ocrx_word' id='word_1_372' title='bbox 1671 2495 1716 2528; x_wconf 82' lang='lat' dir='ltr'><strong>de</strong></span> 
     </span>
     <span class='ocr_line' id='line_1_42' title="bbox 320 2543 1240 2590; baseline -0.001 -12"><span class='ocrx_word' id='word_1_373' title='bbox 320 2546 449 2585; x_wconf 81' lang='lat' dir='ltr'><strong>causis,</strong></span> <span class='ocrx_word' id='word_1_374' title='bbox 472 2545 652 2578; x_wconf 73' lang='lat' dir='ltr'><strong>occasione</strong></span> <span class='ocrx_word' id='word_1_375' title='bbox 672 2544 723 2577; x_wconf 84' lang='lat' dir='ltr'><strong>ita</strong></span> <span class='ocrx_word' id='word_1_376' title='bbox 746 2543 884 2585; x_wconf 84' lang='lat' dir='ltr'><strong>oblata,</strong></span> <span class='ocrx_word' id='word_1_377' title='bbox 925 2557 987 2578; x_wconf 89' lang='lat' dir='ltr'><strong>nos</strong></span> <span class='ocrx_word' id='word_1_378' title='bbox 1011 2551 1240 2590; x_wconf 81' lang='lat' dir='ltr'><strong>superassent.</strong></span> 
     </span>
    </p>

    <p class='ocr_par' dir='ltr' id='par_1_6' title="bbox 322 2585 1720 2728">
     <span class='ocr_line' id='line_1_43' title="bbox 408 2585 1718 2636; baseline -0.005 -14"><span class='ocrx_word' id='word_1_379' title='bbox 408 2602 439 2635; x_wconf 89' lang='lat'><strong>9.</strong></span> <span class='ocrx_word' id='word_1_380' title='bbox 487 2590 601 2628; x_wconf 83' lang='lat' dir='ltr'><strong>„Haec</strong></span> <span class='ocrx_word' id='word_1_381' title='bbox 624 2591 743 2634; x_wconf 87' lang='lat' dir='ltr'><strong>itaque</strong></span> <span class='ocrx_word' id='word_1_382' title='bbox 763 2589 826 2622; x_wconf 91' lang='lat' dir='ltr'><strong>ille</strong></span> <span class='ocrx_word' id='word_1_383' title='bbox 845 2590 1096 2634; x_wconf 83' lang='lat' dir='ltr'><strong>proclamabat,</strong></span> <span class='ocrx_word' id='word_1_384' title='bbox 1122 2597 1158 2625; x_wconf 87' lang='lat' dir='ltr'><strong>et</strong></span> <span class='ocrx_word' id='word_1_385' title='bbox 1179 2591 1396 2636; x_wconf 84' lang='lat' dir='ltr'><strong>significahat</strong></span> <span class='ocrx_word' id='word_1_386' title='bbox 1411 2600 1485 2623; x_wconf 76' lang='lat' dir='ltr'><strong>non</strong></span> <span class='ocrx_word' id='word_1_387' title='bbox 1504 2587 1617 2620; x_wconf 88' lang='lat' dir='ltr'><strong>solum</strong></span> <span class='ocrx_word' id='word_1_388' title='bbox 1636 2585 1718 2620; x_wconf 82' lang='lat' dir='ltr'><strong>Per-</strong></span> 
     </span>
     <span class='ocr_line' id='line_1_44' title="bbox 322 2630 1719 2681; baseline -0.004 -14"><span class='ocrx_word' id='word_1_389' title='bbox 322 2646 436 2669; x_wconf 84' lang='lat' dir='ltr'><strong>sarum</strong></span> <span class='ocrx_word' id='word_1_390' title='bbox 465 2636 677 2669; x_wconf 75' lang='lat' dir='ltr'><strong>exercitibus</strong></span> <span class='ocrx_word' id='word_1_391' title='bbox 694 2660 702 2675; x_wconf 91' lang='lat'><strong>‚</strong></span> <span class='ocrx_word' id='word_1_392' title='bbox 733 2635 862 2681; x_wconf 83' lang='lat' dir='ltr'><strong>quibus</strong></span> <span class='ocrx_word' id='word_1_393' title='bbox 887 2637 1030 2681; x_wconf 86' lang='lat' dir='ltr'><strong>quidem</strong></span> <span class='ocrx_word' id='word_1_394' title='bbox 1056 2638 1116 2670; x_wconf 89' lang='lat' dir='ltr'><strong>ille</strong></span> <span class='ocrx_word' id='word_1_395' title='bbox 1149 2638 1252 2670; x_wconf 86' lang='lat' dir='ltr'><strong>etiam</strong></span> <span class='ocrx_word' id='word_1_396' title='bbox 1278 2636 1411 2681; x_wconf 84' lang='lat' dir='ltr'><strong>singula</strong></span> <span class='ocrx_word' id='word_1_397' title='bbox 1445 2639 1481 2668; x_wconf 83' lang='lat' dir='ltr'><strong>et</strong></span> <span class='ocrx_word' id='word_1_398' title='bbox 1513 2630 1719 2680; x_wconf 51' lang='lat' dir='ltr'><strong>elaborabft</strong></span> 
     </span>
     <span class='ocr_line' id='line_1_45' title="bbox 323 2677 1720 2728; baseline -0.004 -14"><span class='ocrx_word' id='word_1_399' title='bbox 323 2686 358 2714; x_wconf 82' lang='lat' dir='ltr'><strong>et</strong></span> <span class='ocrx_word' id='word_1_400' title='bbox 390 2682 616 2727; x_wconf 73' lang='lat' dir='ltr'><strong>perficiebat3</strong></span> <span class='ocrx_word' id='word_1_401' title='bbox 647 2681 708 2715; x_wconf 86' lang='lat' dir='ltr'><strong>sed</strong></span> <span class='ocrx_word' id='word_1_402' title='bbox 744 2682 862 2716; x_wconf 85' lang='lat' dir='ltr'><strong>nuntii</strong></span> <span class='ocrx_word' id='word_1_403' title='bbox 893 2683 1013 2716; x_wconf 82' lang='lat' dir='ltr'><strong>statim</strong></span> <span class='ocrx_word' id='word_1_404' title='bbox 1040 2683 1093 2725; x_wconf 79' lang='lat' dir='ltr'><strong>ab</strong></span> <span class='ocrx_word' id='word_1_405' title='bbox 1129 2685 1205 2728; x_wconf 79' lang='lat' dir='ltr'><strong>ipso</strong></span> <span class='ocrx_word' id='word_1_406' title='bbox 1235 2683 1352 2716; x_wconf 79' lang='lat' dir='ltr'><strong>emissi</strong></span> <span class='ocrx_word' id='word_1_407' title='bbox 1376 2681 1414 2714; x_wconf 88' lang='lat' dir='ltr'><strong>id</strong></span> <span class='ocrx_word' id='word_1_408' title='bbox 1434 2677 1660 2725; x_wconf 75' lang='lat' dir='ltr'><strong>perferebant</strong></span> <span class='ocrx_word' id='word_1_409' title='bbox 1680 2682 1720 2708; x_wconf 77' lang='lat' dir='ltr'><strong>m</strong></span> 
     </span>
    </p>
   </div>
  </div>
 </body>
</html>
