1832 3152
351 118 459 190 398
703 131 972 175 AGATHIAE
1010 133 1402 175 EPIGRAMMATA.

1021 233 1074 272 79-

348 291 562 333 Purpureum
586 288 724 333 placide
756 290 846 322 iacet
871 300 1020 333 aequor,
1055 290 1222 336 nullaque
1246 290 1342 323 venti

394 338 439 367 Ut
461 341 624 378 spument
646 334 769 367 fluctus
792 336 845 368 vis
868 335 1021 367 animosa
1043 335 1135 368 facit.

349 381 422 414 Nec
445 381 513 412 iam
536 381 628 412 ultra
653 380 806 423 scopulis
831 378 923 412 illisa
944 379 1141 412 minacibus
1168 380 1262 413 unda

396 427 542 458 Rursum
570 425 802 468 praecipitans
830 425 868 457 in
893 425 995 457 maris
1019 425 1089 456 ima
1112 426 1193 457 ruit.

349 472 394 504 At
416 470 561 513 Zephyri
586 471 741 514 spirant,
763 481 870 503 verna
894 474 1070 514 argutatur
1092 469 1269 508 hirundo,

395 517 438 548 Et
456 516 646 548 thalamum
669 526 688 547 e
710 516 821 559 paleis
843 516 1116 560 quisquiliisque
1140 515 1234 547 facit.

349 562 474 595 Ponito
500 565 606 592 nauta
630 565 785 601 metum,
817 560 983 593 sulcanda
1007 565 1060 592 est
1080 570 1141 591 seu
1164 560 1232 593 tibi
1257 559 1384 602 Syrtis,

397 607 478 639 Sive
501 617 622 649 parum
646 605 757 639 Siculi
782 606 852 638 fida
877 605 1019 648 crepido
1044 606 1157 637 maris.

353 652 525 691 Tantum,
558 650 732 695 praesidio
758 656 810 684 est
833 652 895 695 qui
915 650 1097 695 portibus,
1133 661 1195 683 ure
1217 650 1341 694 Priapo

398 697 468 731 Seu
491 697 614 730 bocam
639 696 748 730 rubeo
772 701 928 741 tergore,
966 697 1038 730 sive
1057 705 1201 728 scarum.

1038 771 1096 809 83.

357 841 426 874 Cur
453 841 581 873 metuis
604 846 751 873 mortem
773 850 914 874 causam
935 844 1149 883 matremque
1174 838 1326 882 quietis,

403 886 502 931 Quae
527 887 670 930 perimit
691 885 830 919 morbos
845 910 854 924 ‚
877 885 1148 930 pauperiemque
1171 882 1299 916 necat?

358 933 435 965 Una
458 932 565 964 semel
587 931 677 964 lethi
702 930 868 965 calcanda
892 936 946 963 est
968 930 1092 962 semita
1114 929 1263 968 cunctis,

407 977 480 1010 Nec
505 979 669 1022 cuiquam
693 978 836 1010 omniuo
858 987 949 1008 mors
974 977 1100 1008 iterata
1122 974 1229 1006 venit.

363 1023 568 1058 Morborum
591 1023 720 1055 multae
745 1027 908 1055 exercent
929 1021 1117 1063 variaeque
1141 1019 1268 1062 figurae

409 1069 510 1103 Nunc
534 1068 617 1110 hos,
649 1079 743 1102 nunc
765 1068 865 1111 illos3
896 1066 966 1111 ipsi
988 1066 1052 1099 alii
1075 1076 1118 1098 ex
1139 1065 1228 1097 aliis.
