1794 3112
534 132 910 178 H1ST0R1ARUM
951 137 1004 177 11.
1041 135 1110 182 15.
1310 173 1312 175 ,
1491 135 1562 190 97

124 237 253 298 ᾳῦτιέῖ
277 236 533 294 (ἐτύγχανον
559 234 642 292 γὰρ
685 232 818 279 αὐτοῦ’
848 237 1076 292 διατρίβων
1110 236 1303 287 παιδείας
1333 238 1451 278 ἕνεκα
1489 237 1659 291 τῆςΑ.Ο.
1679 242 1748 288 554

125 303 206 360 πρὸ
232 305 315 346 τῶν
337 299 478 355 νόμων
490 304 523 359 ,)
547 303 732 344 δεδιέναι
758 299 944 358 προσῄει,
965 302 1182 344 καὶταῦτα
1206 302 1276 343 ἐπὶ
1297 302 1392 343 λίαν
1413 301 1568 358 σμικρᾷ
1594 291 1657 326 Ῑ·Ῑ·
1671 294 1715 326 ²3

123 371 174 426 τῇ
192 369 352 424 κινήσει
369 401 382 422 ,
417 369 682 425 λογιζομένῳ,
711 363 774 409 ὅτι
803 365 854 421 δὴ
879 367 1019 417 αὐτοῖς
1032 365 1076 408 αἱ
1099 365 1331 420 οἰκοδομίαι
1354 367 1428 408 οὐκ
1452 367 1574 420 ἰσχυ-

123 435 199 491 ραί
230 433 326 475 οὐδὲ
352 433 512 489 εὐρεῖαι
535 430 810 488 τυγχάνουσιν
836 427 981 485 οὖσαι,
1011 428 1107 474 οὐδὲ
1130 428 1215 475 οἷαι
1237 433 1310 473 καί
1333 430 1438 488 πρὸς
1459 436 1566 487 βρα-

94 498 178 554 ᾶχὺ
205 499 472 553 α’νασχέσθαι
493 497 756 551 δονούμεναι,
784 497 874 539 ἀλλ’
900 498 1046 551 ἰσχναί
1067 490 1173 551 ι’ἱγαν
1184 499 1256 539 καί
1268 497 1456 547 ἀσθενεῖς
1477 499 1566 554 (ἐφ’

118 561 183 616 ἔνι’
199 561 280 621 γάρ
310 564 558 620 ὖφαίνονται
579 563 722 622 λίθῳ).
752 561 858 605 ἀλλὰ
887 561 965 620 γὰρ
994 563 1067 604 καί
1094 559 1129 615 ὅ,
1161 579 1203 604 τι
1235 563 1407 616 λόγιμον
1438 565 1482 605 ἐν
1512 564 1567 619 τῇ

118 627 248 683 πόλει,
276 629 513 683 ἐδειζιιαινον
532 631 604 672 καί
620 632 719 683 οἵδε,
741 623 794 671 οἷῖ
807 629 856 671 τί
866 645 960 682 που,
985 624 1114 680 ozam,
1137 625 1183 669 τὸ
1204 622 1282 683 ἤδη
1307 625 1566 685 παρῳχηκὸς,

118 695 215 736 ἀλλ’
247 691 308 737 ὅτι
328 696 472 745 αὐτοῖς
494 694 570 737 καί
590 697 767 744 ἐσαῦθις
787 692 916 736 ταῦτὰ
943 695 1069 736 τοῦτο
1086 690 1374 748 ξυμβῆσεσθαι
1396 693 1468 734 οὖκ
1482 687 1563 733 ἄπο

115 757 271 816 τρόπου
293 759 441 803 ἐδόκει.
474 759 512 803 οἱ
533 759 612 816 γὰρ
637 759 711 816 τὴν
733 759 872 802 αἰτίαν
893 760 1016 802 τοῦδε
1034 760 1111 800 τοῦ
1132 756 1297 807 πάθους
1320 758 1565 811 ἀναθυμιά-

67 841 206 879 ,ιοσεις
241 824 357 875 τινὰς
391 823 498 869 εἶναι
529 828 712 880 λέγοντες
744 824 869 881 ’ξηράς
908 840 955 866 τε
994 823 1066 865 καί
1101 821 1362 878 λιγνυώδεις,
1394 820 1477 864 ὑπὸ
1509 821 1597 864 τὰΟ

113 888 313 947 γλαφυρὰ
337 893 410 947 τῆς
429 893 504 947 γῆς
525 891 789 948 εἰργομένας,
827 891 902 932 καί
925 891 984 947 τῷ
1009 887 1069 944 μὴ
1107 890 1375 931 διαπνεῑσθαι
1411 888 1569 946 ῥᾳδίως

113 954 405 1012 σφοδρότερον
427 955 546 999 ἔνδον
574 957 917 1013 περιδινουμένας
930 988 943 1008 ,
972 953 1019 996 τὸ
1042 955 1326 1010 ἐπιπροσθοῦν
1348 950 1461 996 ἅπαν
1481 961 1606 996 oa-V.
1619 961 1666 999 38

112 1017 263 1075 λεύειν,
284 1022 363 1070 ἕως
383 1023 432 1078 τῇ
449 1023 569 1080 βιαία
586 1023 695 1079 φορᾷ
718 1023 790 1076 τῆς
810 1019 1072 1075 στεγνότητος
1086 1018 1340 1074 ἐνδιδούσης,
1370 1021 1414 1068 ἐς
1434 1019 1564 1072 τοῦμ-

114 1087 244 1142 φανὲς
278 1082 526 1141 ἆναχθεΐεν·
550 1086 588 1129 οἱ
628 1085 679 1142 δη
717 1082 793 1129 οὖν
828 1084 879 1128 τὰ
906 1087 1081 1127 τοιαῦτα
1109 1086 1453 1141 φυσιολογοῦντες
1483 1083 1563 1140 την

62 1151 351 1210 ιῇΑἰγυπτίαν
383 1151 494 1209 φασὶ
516 1151 663 1208 χώραν
683 1152 734 1193 οὔ
761 1150 924 1193 πώποτε
948 1149 1138 1193 σείεσθαι
1161 1150 1404 1205 πεφυκέναι,
1435 1148 1493 1198 ὥς
1511 1145 1562 1204 δη

112 1215 340 1272 χθαμαλήν
362 1233 405 1259 τε
430 1218 615 1273 ἀτεχνῶς
643 1219 717 1259 καί
738 1217 888 1259 ὑπτίαν
917 1215 990 1258 καί
1016 1214 1162 1271 ἥκιστα
1191 1212 1458 1270 σηραγγώδη,
1497 1216 1566 1257 ἐν-

110 1283 258 1324 τεῦθέν
287 1298 331 1323 τε
363 1283 438 1324 οὔκ
473 1284 815 1340 ἐμφορουμένην·
843 1283 882 1324 εἰ
908 1284 956 1324 δέ
981 1298 1027 1336 γε
1069 1282 1142 1323 καί
1172 1279 1443 1332 ὑποδέξαιτο,
1473 1280 1563 1322 ἀλλ’

113 1345 363 1399 αὕτομοίτως
387 1346 469 1389 ὑπὸ
495 1348 748 1404 χαυνότητος
776 1345 898 1400 θαμὰ
932 1347 1266 1401 ἑξατμιζομένην.
1335 1346 1425 1387 ἐπεὶ
1449 1347 1494 1386 δὲ
1516 1348 1563 1387 ἐν

111 1413 170 1469 τῷ
194 1409 288 1453 τότε
309 1410 383 1467 ἥδε
409 1412 435 1468 ἦ
463 1413 586 1466 δόξα,
616 1408 669 1454 εὖ
693 1415 887 1465 ποιοῦσα,
916 1410 1162 1466 ἐπεφώρατό
1186 1427 1230 1451 τε
1255 1407 1565 1465 καίἇπελήλεγ-

58 1491 188 1519 2οκτο
209 1475 269 1532 μη
293 1477 461 1533 σφόδρα
483 1480 528 1520 ἐν
547 1476 704 1534 βεβαίῳ
726 1478 893 1531 κειμένη
910 1510 923 1529 ,
960 1473 1131 1524 εἰκότως
1162 1470 1246 1531 ἄρα
1276 1477 1488 1517 ἐδεδίεσαν
1525 1473 1564 1517 οἱ

109 1549 302 1598 γενναῖοι,
330 1541 412 1596 εἴγε
440 1541 546 1598 πρὸς
576 1542 815 1584 τούναντίον
850 1543 993 1589 αὐτοῖς
1023 1540 1212 1596 χωρήσει
1239 1541 1602 1596 τούπιγραμ,ιια,1)

109 1607 184 1651 καί
201 1606 505 1650 κινδυνεύσοιεν
533 1605 726 1650 τολοιπὸν
751 1603 800 1648 οὖ
820 1605 1024 1662 γαιηόχου
1046 1606 1198 1658 μόνον,
1236 1603 1345 1646 α’λλὰ
1370 1605 1443 1647 καί
1471 1599 1561 1648 ἐνοὲ

205 1698 232 1720 1.
258 1686 321 1727 τῆς
345 1676 444 1732 πρὸς
466 1686 542 1720 τῶν
569 1687 606 1719 Β.
690 1696 721 1719 2.
749 1687 802 1719 τῶ
825 1686 898 1728 κρᾶ
922 1685 959 1717 R.
1032 1685 1064 1718 6.
1080 1682 1290 1728 ύφαίνοντο
1317 1684 1353 1715 R.
1426 1682 1561 1726 λόγιον

201 1733 294 1766 coni.
321 1732 390 1772 cl„
418 1733 531 1776 Intpr.
556 1732 637 1766 viri
657 1732 932 1766 litteratissimi.
1042 1742 1090 1764 ιο.
1117 1732 1181 1762 καὶ
1210 1727 1284 1762 ὑπὸ
1309 1729 1424 1774 vulg.,
1458 1731 1494 1762 R.
1523 1736 1560 1764 ct

199 1780 310 1823 Intpr.
337 1779 503 1823 copulam
529 1789 598 1812 om.
690 1790 739 1812 ιι.
759 1777 871 1824 ῥᾴδια
896 1779 934 1810 R.
1038 1788 1087 1810 ια.
1114 1774 1392 1821 περιδονμένας
1417 1775 1499 1822 (sic)
1521 1779 1558 1810 R.

205 1825 256 1870 14.
283 1825 322 1859 οἱ
347 1824 388 1859 δὲ
411 1827 449 1858 R.
524 1837 578 1859 20.
601 1824 728 1858 εἰκότα
757 1827 794 1859 R.
871 1836 924 1858 αα.
951 1822 1236 1856 κινδυνεύσειεν
1259 1824 1297 1855 R.

109 1892 172 1928 sed
188 1894 228 1928 in
242 1893 379 1939 plateas
397 1892 593 1927 multitudo
611 1890 816 1927 confluebat
832 1892 1028 1925 insolentia
1043 1890 1277 1936 novitateque
1299 1891 1351 1924 rei
1369 1890 1465 1923 ultra
1481 1902 1560 1924 mo-

109 1939 194 1974 dum
212 1940 384 1986 perculsa.
433 1941 492 1973 Me
508 1952 592 1974 vero
613 1951 758 1986 quoque
777 1941 896 1985 ipsum
915 1938 1178 1983 (commorabar
1197 1937 1294 1969 enim
1309 1937 1360 1970 ibi
1379 1943 1454 1970 tum
1469 1942 1560 1970 tem-

107 1987 206 2040 poris
238 1987 315 2020 eius
349 1986 561 2031 disciplinae
594 1998 698 2020 causa
714 2012 723 2028 ,
759 1997 853 2032 quae
886 1985 1045 2018 studium
1080 1985 1169 2017 iuris
1202 1984 1402 2028 praecedit)
1442 1990 1558 2017 metus

107 2033 330 2074 incessebat,
370 2037 595 2078 reputantem
635 2044 774 2066 mecum
794 2059 803 2073 ‚
841 2031 940 2078 quod
982 2031 1127 2064 tametsi
1173 2031 1320 2075 exiguus
1366 2029 1559 2063 admodum

110 2079 174 2113 ille
207 2085 325 2115 motus
367 2085 483 2120 esset,
525 2080 687 2114 aedificia
712 2085 832 2112 tamen
872 2079 960 2124 ipsis
997 2083 1118 2110 essent
1150 2087 1270 2122 neque
1307 2077 1406 2108 firma
1439 2087 1556 2122 neque

111 2125 248 2171 ampla,
278 2137 444 2172 quaeque
476 2137 643 2160 succussa
675 2137 720 2159 ne
755 2126 938 2159 tantillum
977 2124 1124 2170 quidem
1158 2123 1329 2167 temporis
1363 2122 1558 2156 subsistere

109 2177 280 2218 possent,
303 2178 346 2206 ut
369 2184 494 2219 parum
519 2172 639 2206 valida
675 2184 716 2206 ac
745 2173 859 2206 firma.
910 2171 1074 2215 Simplici
1108 2169 1206 2202 enim
1226 2169 1337 2202 latere
1363 2174 1447 2201 sunt
1471 2180 1559 2202 con-

109 2224 222 2254 texta.
255 2217 446 2253 Timebant
458 2231 542 2253 vero
558 2220 668 2253 etiam
688 2225 869 2265 quotquot
887 2219 926 2250 in
948 2217 1039 2250 urbe
1057 2221 1158 2250 erant
1168 2216 1235 2247 viri
1252 2215 1361 2254 docti,
1379 2227 1452 2247 non
1472 2220 1559 2256 tam,

108 2266 164 2298 uti
183 2263 357 2307 arbitror,
378 2272 496 2300 motus
522 2268 595 2300 iam
623 2266 810 2311 praeteriti
829 2276 955 2305 causa,
990 2262 1054 2296 scd
1079 2260 1178 2308 quod
1203 2262 1398 2295 verisimile
1415 2261 1559 2295 videre-

108 2316 168 2344 tur
181 2310 251 2344 hoc
270 2311 387 2356 ipsum
414 2314 544 2346 iterato
571 2318 791 2347 eventurum.
853 2311 928 2355 Qui
961 2311 1057 2343 enim
1083 2309 1189 2341 huius
1218 2309 1304 2340 mali
1333 2319 1450 2341 causas
1480 2320 1557 2342 esse

108 2357 236 2390 dicunt
257 2356 500 2392 exhalationes
513 2358 686 2405 quasdam
705 2360 811 2392 siccas
831 2358 967 2402 pariter
988 2362 1025 2389 et
1044 2357 1217 2394 fumosas,
1254 2354 1320 2387 sub
1338 2361 1452 2387 terrae
1470 2366 1557 2387 cou-

109 2404 261 2437 cavitate
288 2403 442 2447 clausas3
477 2417 629 2452 cumque
656 2405 762 2438 facile
791 2405 916 2437 difflari
939 2407 1143 2449 nequeant,
1182 2400 1430 2434 vehementius
1457 2402 1554 2433 intus

107 2450 379 2484 circumvolutas
401 2450 577 2497 quidquid
598 2463 703 2496 supra
722 2451 909 2495 impendet
926 2455 1131 2489 snectutem,
1158 2448 1272 2481 donec
1295 2448 1466 2480 violentia
1489 2448 1555 2479 im-

107 2501 213 2542 petus
233 2496 426 2530 fatiscente
441 2502 478 2529 et
493 2498 642 2531 cedente
663 2508 829 2542 compage
846 2498 885 2530 in
905 2502 1067 2541 apertum
1084 2496 1267 2528 ferantur:
1291 2495 1353 2539 qui
1378 2494 1478 2532 haec,
1498 2494 1556 2524 ἰηΗ

110 2553 229 2588 quam,
249 2542 294 2575 de
315 2549 431 2576 terrae
446 2548 562 2576 motus
582 2549 706 2577 natura
721 2545 914 2583 disserunt,
934 2547 1094 2576 auctores
1114 2547 1197 2574 sunt
1207 2540 1358 2584 Aegypti
1371 2541 1556 2583 regionem

108 2599 295 2634 nunquam
312 2594 431 2622 terrae
444 2593 543 2622 motu
566 2590 709 2623 concuti
729 2591 856 2631 solere,
881 2595 1007 2634 utpote
1027 2588 1201 2622 humilem
1217 2586 1407 2619 admodum
1423 2590 1458 2616 et
1475 2585 1557 2628 pla-

108 2634 213 2676 nam,
249 2637 470 2682 minimeque
495 2646 742 2677 cavernosam,
767 2636 925 2681 ideoque
957 2635 1132 2670 eiusmodi
1162 2631 1451 2666 exhalationibus
1481 2641 1566 2665 non,

110 2681 269 2726 oppleri3
294 2683 424 2716 sivero
447 2683 582 2727 aliquas
604 2683 700 2715 intra
717 2693 753 2715 se
774 2683 971 2727 concipiat,
997 2693 1053 2714 eas
1067 2683 1163 2725 ipsas
1189 2690 1251 2711 sua
1268 2683 1396 2722 sponte
1416 2676 1462 2710 ob
1480 2681 1558 2709 ter-

110 2737 170 2760 rae
192 2727 380 2762 laxitatem
408 2728 551 2763 assidue
572 2739 775 2773 evaporare.
831 2728 920 2763 Cum
942 2739 1026 2763 vero
1051 2733 1129 2761 tum
1155 2725 1330 2770 temporis
1361 2734 1404 2758 ea
1430 2723 1553 2769 opinio

196 2792 383 2837 Agathias.
1219 2798 1237 2831 7
