1794 3112
328 156 345 188 1
359 135 428 188 66
783 168 785 171 v
873 163 878 167 ·
909 150 1178 190 AGATfflAE

127 265 166 299 A.
191 266 226 298 C.
241 266 303 310 554
321 262 366 301 δέ
389 275 432 313 γε
453 260 522 299 καί
538 260 699 309 μεθεῖεν
719 256 790 298 καί
806 257 1124 312 συγχωρήσαιεν,
1154 260 1243 299 ἀλλ’
1262 253 1309 299 οὔ
1331 256 1502 311 βεβαίαν
1526 259 1622 313 ἡμῖν
1641 258 1714 313 τὴν

189 313 481 365 Ι·Ῑ·2εέὗ’νοιαν
501 324 656 372 ἕξουσιν
666 355 678 373 ,
707 317 887 362 ὕπουλον
914 323 958 362 δὲ
988 325 1142 374 μᾶλλον
1164 321 1235 364 καί
1254 321 1486 378 σφαλερὰν,
1514 325 1585 364 καί
1607 323 1711 379 μόνῃ

314 389 364 440 τῇ
389 387 508 441 χρεία
530 386 906 438 συμμετρουμένην.
934 380 1104 436 ἄμικτον
1122 385 1196 440 γὰρ
1221 383 1286 427 del
1304 392 1387 434 τοῖς
1410 387 1640 442 ἀνθρώποις
1663 385 1711 427 τό

314 448 597 504 ἐτερόγνωμον,
625 448 697 489 καὶ
715 442 809 489 οὔτε
837 449 955 496 δέους
985 447 1288 503 προσπεσόντος,
1309 445 1400 490 οὕτε
1425 449 1535 498 τινὸς
1554 447 1713 504 εὐεργε-

314 514 407 562 σίας
436 513 704 567 ἧγησαμένης,
735 511 904 565 μόνιμος
926 513 1063 561 αὐτοῖς
1090 512 1310 566 ἐγγίγνεται
1340 514 1499 566 πίστις,
1547 514 1650 569 πλὴν
1672 517 1735 558 εἶ5

314 577 372 631 ’μὴ
398 579 468 618 καί
493 583 582 624 ταῖς
602 576 738 624 δόξαις
767 575 1044 630 ὄμοφρονοῖεν·
1094 575 1141 617 τό
1162 592 1206 616 τε
1226 578 1412 630 συγγενὲς
1431 577 1502 618 καί
1517 576 1621 619 ἴδιον
1643 577 1715 619 καὶ

314 639 551 696 ὁμόφυλον,
576 642 614 681 εἰ
632 642 750 680 τοῦδε
773 640 991 692 λειπόμενα
1014 638 1197 692 τύχοιεν,
1233 636 1402 692 ὀνόματι
1428 639 1540 697 μόνῳ
1560 639 1631 695 τὴν
1653 642 1712 682 οἶ-

312 704 471 745 κείωοίν
506 703 723 758 ὑποφαίνει
733 737 744 755 ,
791 709 873 751 τοῖς
900 705 945 744 δὲ
980 702 1113 758 ἔργοις
1142 703 1438 758 ἀλλοτριοῦται.
1477 702 1567 744 ἀντὶ
1584 704 1711 745 ποίων

312 770 450 810 τοίνυν
471 768 639 821 ἀγαθῶν
651 801 664 820 ,
709 763 746 808 ὦ
772 762 920 822 ἄνδρες
941 765 1122 820 Κόλχοι,
1169 765 1269 822 πρὸς
1293 767 1711 821 Πέρσας-’μεταβησό-

312 835 438 883 μεθα,
475 830 576 885 εἴγε
605 834 677 872 καί
698 830 753 880 ὥς
777 830 936 872 ἔσονται
959 833 1190 883 δυσμενεῖς,
1226 834 1298 872 καί
1316 833 1446 886 μηδὲν
1469 829 1566 886 ἡμῖν
1589 833 1760 874 πλέονῐο

794 892 812 907 Ἅὶ

276 895 427 936 (Σέσται
448 898 521 936 τοῦ
545 893 757 950 παρόντος,
785 913 810 949 η
835 895 960 947 μόνον
981 894 1026 936 τὸ
1047 895 1146 952 ῥᾷον
1170 896 1426 948 βλάπτεσθαι
1442 893 1543 951 πρὸς
1562 896 1710 948 αὐτῶν,

312 955 392 1015 ὅσῳ
417 961 494 999 τοῦ
514 960 726 1014 ἐμφανοῦς
747 957 790 1000 τὸ
817 958 1092 1000 διαλανθάνον
1112 957 1466 1014 ἆφυλακτότερον;
1493 956 1596 1000 ἀλλὰ
1617 957 1709 1013 γάρ,

310 1023 350 1063 εἰ
370 1024 490 1074 δοκεῖ,
518 1020 860 1077 συγκεχωρήσθω,
890 1023 991 1076 μήτε
1004 1018 1143 1064 ἄδικον
1160 1019 1265 1064 εἶναι
1280 1022 1553 1077 τοῦγχείρημα
1563 1037 1587 1074 ·,·<
1606 1020 1709 1076 μήτε

308 1088 383 1126 τοῦ
403 1087 620 1141 πρέποντος
642 1087 917 1140 ἐστερημένον,
949 1086 1020 1127 καὶ
1058 1086 1332 1140 ὅμολογείσθω
1354 1084 1406 1127 τοὶ
1426 1081 1708 1142 Περσῶν-ἤθη

308 1150 457 1202 βέβαια
485 1147 558 1190 καί
575 1147 698 1190 πιστοὶ
730 1149 801 1190 καί
824 1145 890 1191 οἷα
923 1148 1142 1198 διαπαντὸς
1173 1151 1358 1203 ἐμμένειν
1383 1155 1472 1198 ταῖς
1493 1145 1756 1201 ἑσομέναιςῐό

309 1213 547 1267 συνθήκαις.
592 1213 631 1253 εἰ
657 1211 733 1268 γὰρ
764 1212 835 1254 καί
862 1214 994 1254 ταῦτα
1029 1215 1207 1264 δοθεῖεν,
1239 1212 1317 1265 Δκαὶ
1345 1214 1473 1266 μηδὲν
1503 1213 1603 1265 ἡμῖν
1626 1213 1706 1254 τῶν

309 1272 446 1318 ἄλλων
467 1276 656 1329 ἐμποδών
674 1276 802 1329 ἔσται,
831 1274 931 1318 ἄλλα
946 1275 996 1318 τὰ
1013 1279 1082 1331 τῆς
1104 1275 1312 1328 δυνάμεως
1326 1276 1399 1316 οὔκ
1422 1276 1592 1330 ἀρκέσει.
1620 1276 1706 1323 παῖς

309 1339 386 1394 ’γὰρ
422 1336 474 1381 ἂν
497 1341 861 1395 μεταχωρήσαιμεν
889 1342 958 1395 ἐφ’
978 1338 1166 1394 ἑτέρους,
1204 1339 1478 1395 ἐφεστηκότων
1502 1339 1602 1393 ἡμῖν
1624 1341 1706 1380 τῶν

303 1404 527 1455 “Ρωμαίων
541 1436 554 1454 ,
593 1402 664 1444 καί
681 1401 789 1444 οὕτω
817 1406 976 1444 πολλῶν
1000 1403 1072 1444 καί
1096 1401 1388 1458 ἀνδρειοτάτων
1410 1403 1480 1443 καί
1504 1400 1583 1443 ὑπὸ
1605 1417 1706 1457 κρα-

269 1473 300 1506 D
311 1466 457 1515 τίστοις
476 1473 709 1522 στρατηγοῖς
729 1469 994 1520 ταττομένων,·
1023 1469 1106 1515 πῶς
1121 1469 1165 1508 δὲ
1179 1469 1250 1508 καί
1262 1463 1347 1508 οἷόν
1364 1482 1407 1509 τε
1426 1465 1484 1520 μὴ
1502 1467 1601 1520 οὕχί
1617 1475 1758 1507 ποι-20

402 1571 429 1593 1.
454 1560 517 1592 καὶ
540 1564 622 1591 ante
647 1562 800 1604 μεθεῖεν
822 1559 900 1592 add.
929 1571 971 1592 ex
995 1560 1031 1591 R.
1058 1564 1094 1592 et
1117 1561 1226 1602 Intpr.
1250 1559 1319 1593 vel.
1385 1562 1416 1594 3.
1445 1559 1508 1592 Pro
1532 1549 1607 1604 γάρ
1631 1558 1705 1592 Par.

401 1606 488 1637 καὶ.
582 1616 631 1638 ιο.
657 1605 771 1638 πλέον
795 1605 897 1637 ἔσται
923 1606 983 1645 R.,
1008 1605 1112 1638 ἔσται
1134 1606 1250 1639 πλέον
1276 1605 1366 1648 vulg.
1441 1606 1488 1638 13.
1515 1611 1705 1648 συγκεχω-

400 1649 526 1694 ρήσθω
550 1650 588 1682 R.
610 1649 705 1695 (CL),
730 1652 1036 1694 συγκεχωρείσθω
1062 1650 1153 1694 vulg.
1245 1661 1298 1683 20.
1322 1650 1554 1694 τεταγμένων
1576 1650 1615 1687 R,

309 1748 399 1793 esse)
422 1749 574 1782 Persiam
596 1747 700 1781 nobis
727 1748 1008 1789 adiunxerimus,
1054 1748 1247 1780 animarum
1278 1758 1360 1780 vero
1385 1747 1552 1780 iacturam
1576 1746 1704 1779 feceri-

309 1793 408 1826 mus?
454 1793 560 1837 Quod
583 1795 613 1827 si
636 1804 718 1826 vero
742 1794 970 1837 permiserint
995 1798 1031 1826 et
1052 1794 1311 1832 concesserint,
1336 1793 1434 1825 firma
1450 1797 1567 1825 tamen
1591 1790 1703 1824 bene-

307 1839 463 1872 volentia
486 1850 548 1870 nos
573 1849 790 1884 nequaquam
814 1844 1091 1882 prosequentur,
1125 1837 1233 1870 infida
1254 1848 1335 1870 vero
1362 1843 1398 1870 et
1421 1837 1547 1876 dubia,
1579 1847 1703 1881 quam-

310 1895 378 1929 que
403 1885 475 1916 sola
501 1883 654 1916 utilitate
684 1884 881 1916 metiantur.
929 1883 1052 1928 Neque
1087 1883 1183 1915 enim
1215 1883 1325 1915 inter·
1349 1893 1421 1922 eos,
1460 1883 1522 1926 qui
1558 1881 1703 1915 diversis

309 1929 538 1974 opinionibus
564 1934 643 1961 sunt
660 1930 799 1967 imbuti,
824 1928 971 1961 societas
997 1933 1155 1961 constare
1181 1933 1310 1970 potest;
1334 1931 1370 1960 et
1387 1938 1502 1971 neque
1522 1926 1703 1960 incidente

308 1980 416 2013 metii,
445 1980 506 2006 aut
529 1974 702 2006 beneficio
726 1974 823 2006 nullo
848 1974 1118 2012 interveniente,
1143 1973 1228 2005 fides
1252 1972 1338 2015 ipsis
1363 1977 1523 2004 constans
1548 1977 1584 2004 et
1606 1972 1705 2003 firma

308 2025 499 2064 permanet,
523 2020 592 2051 nisi
617 2020 724 2052 etiam
747 2019 954 2062 opinionum
978 2028 1166 2050 consensus
1193 2017 1344 2050 accedat.
1387 2017 1485 2061 Quin
1500 2021 1535 2050 et
1552 2016 1703 2061 cognati,

307 2064 422 2097 affines
458 2069 494 2096 et
517 2064 756 2106 contribules,
783 2065 811 2095 si
835 2063 902 2096 hac
927 2064 1120 2096 animorum
1145 2062 1425 2106 opinionumque
1455 2061 1703 2094 convenientia

307 2110 564 2149 destituantur,
599 2111 741 2142 nomine
765 2109 839 2141 solo
865 2109 1056 2141 amicitiam
1086 2118 1169 2152 prae
1205 2117 1241 2138 se
1274 2107 1411 2146 ferunt,
1449 2118 1486 2139 re
1515 2116 1598 2139 vero
1627 2107 1704 2151 ipsa

306 2160 389 2187 sunt
413 2155 626 2186 alienissimi.
677 2154 784 2187 Cuius
809 2155 927 2198 itaque
953 2153 1039 2186 boni
1063 2164 1137 2197 spe,
1161 2163 1181 2184 o
1211 2151 1358 2191 Colchi,
1382 2150 1427 2184 ad
1449 2153 1566 2184 Persas
1590 2151 1704 2184 desci-

305 2210 451 2238 scemus,
475 2199 504 2230 si
530 2201 635 2232 etiam
658 2201 708 2232 ita
734 2199 836 2232 nobis
862 2199 972 2232 futuri
997 2203 1078 2231 sunt
1099 2197 1232 2236 hostes,
1255 2208 1299 2229 ne
1327 2208 1371 2229 ue
1391 2196 1529 2241 aliquid
1550 2197 1702 2240 amplius

305 2246 344 2282 in
367 2246 642 2288 praesentiarum
669 2244 751 2277 inde
777 2243 882 2277 nobis
906 2243 1068 2282 accedet,
1103 2253 1208 2287 quam
1235 2209 1330 2286 quot}
1354 2247 1453 2275 tanto
1486 2242 1625 2274 facillus
1657 2241 1701 2273 ab

305 2290 378 2323 illis
403 2290 494 2322 laedi
514 2291 707 2333 poterimus
721 2314 730 2329 ,
756 2294 886 2334 quanto
908 2288 1081 2321 difficilius
1106 2288 1150 2319 ab
1174 2287 1311 2319 occulto
1332 2298 1436 2331 quam
1456 2291 1576 2330 aperto
1600 2285 1702 2319 hoste

305 2334 409 2369 nobis
428 2345 546 2367 cavere
567 2335 773 2378 possumus?
817 2334 937 2378 Atqui,
962 2334 991 2365 si
1014 2333 1172 2372 videtur,
1201 2331 1321 2364 demus
1360 2332 1409 2364 ita
1441 2342 1536 2371 esse,
1573 2331 1701 2364 factum

305 2381 420 2426 ipsum
444 2390 560 2423 neque
582 2391 658 2411 cum
677 2380 855 2423 aequitate
874 2389 989 2423 neque
1011 2389 1088 2410 cum
1121 2376 1269 2410 honesto
1292 2387 1466 2420 pugnare,
1503 2381 1538 2408 et
1569 2381 1702 2408 statua-

303 2437 380 2459 mus
400 2426 576 2457 Persarum
596 2435 709 2456 mores
725 2429 921 2456 constantes
937 2433 1010 2455 esse
1032 2434 1071 2454 ac
1090 2421 1178 2454 fidos
1191 2447 1200 2462 ,
1226 2421 1393 2467 quodque
1417 2426 1586 2466 perpetuo
1599 2425 1700 2463 pacta

302 2475 544 2514 conventaque
578 2471 650 2502 sint
680 2469 908 2502 observaturi.
954 2469 1000 2499 Ut
1027 2469 1121 2500 enim
1141 2467 1245 2500 etiam
1260 2467 1347 2499 haec
1376 2465 1503 2499 dentur
1535 2464 1698 2508 nihilque

302 2515 400 2548 aliud
421 2515 525 2547 nobis
551 2514 794 2558 impedimenti
822 2515 869 2546 sit
883 2513 1078 2556 reliquum,
1101 2518 1137 2544 at
1153 2512 1242 2544 vires
1260 2516 1399 2544 nostrae
1415 2522 1487 2544 non
1516 2508 1695 2542 sufficient.

302 2560 384 2605 Quo
415 2565 518 2603 pacto
544 2561 639 2592 enim
664 2558 708 2591 ad
729 2559 816 2591 alios
847 2564 1082 2598 transeamus,
1107 2568 1184 2590 cum
1201 2556 1303 2589 nobis
1321 2557 1465 2588 Romani
1479 2554 1698 2593 immineant,

303 2610 340 2637 et
357 2605 500 2649 quidem
531 2604 618 2637 adeo
648 2604 750 2636 multi
793 2615 831 2636 ac
858 2604 1059 2641 fortissimi,
1093 2603 1224 2647 quique
1254 2600 1584 2646 praestantissimos.
1602 2599 1696 2630 nacti

305 2655 386 2687 sunt
404 2648 535 2684 duces?
559 2650 639 2696 Quo
664 2654 764 2695 pacto
785 2660 865 2686 vcro
887 2650 992 2682 etiam
1022 2649 1096 2681 ficri
1126 2649 1256 2692 possit,
1286 2651 1326 2679 ut
1356 2657 1427 2679 non
1450 2644 1698 2681 atrocissimam
