1832 3152
333 97 441 167 396
893 113 1163 154 AGATHIAE

721 217 912 280 1AN1
970 217 1336 265 DOUSAE

514 309 1186 350 EPIGRAMMATA
1258 310 1543 350 VERSA

835 394 903 427 Ex
956 393 1239 427 AGATHIA.

1006 489 1061 522 10.

329 554 442 587 Nocte
468 563 595 599 queror
615 558 709 595 tota,
731 564 834 587 roseo
857 558 1023 587 nascente
1049 554 1111 587 sed
1132 558 1210 586 ortu

372 600 520 632 Lumina
572 611 654 631 uum
679 601 716 632 in
740 610 901 632 somnum·
923 599 1019 631 victa
1039 598 1163 632 dolore
1185 597 1331 636 cadunt,

327 646 414 678 Ecce
440 645 526 678 meis
546 612 736 688 dacin-ymis
761 645 905 677 veniens
925 655 1031 677 causa
1057 644 1166 677 altera
1181 669 1190 684 ,
1213 648 1316 676 cantu

373 691 456 723 Mox
475 691 586 722 oculis
606 701 766 723 somnum
793 690 898 732 pellit
919 688 1075 725 hirundo
1100 701 1174 722 suo.

328 737 430 769 Pau-ce
457 738 667 780 argutatrix,
691 746 795 779 parce
813 735 950 768 invida:
977 746 1058 767 non·
1074 746 1135 780 ego
1158 736 1310 779 linguam

373 781 567 813 Germanae
594 782 710 814 vincar
734 781 972 824 praesecuisse
998 784 1092 813 tuae.

328 827 429 859 Flere
452 827 548 858 iuvat
572 825 720 859 natum?
743 830 878 858 montes
904 831 988 870 pete
1012 830 1047 858 et
1072 826 1167 858 avi'a:
1193 837 1255 870 per
1282 829 1317 857 te

373 872 568 904 Pauxillum
594 877 633 903 ut
651 883 773 905 somno
800 872 934 904 lumina
955 871 1046 903 fessa
1064 871 1200 912 levem3

329 917 365 950 si
388 918 442 950 vel
465 918 514 949 sic
531 918 670 961 placitis
697 922 831 950 recreet
855 927 910 948 me
928 916 1146 961 amplexibus
1174 926 1312 961 aegrum
1326 940 1336 957 ‚

372 962 478 995 Forte
509 961 589 994 Idae
613 964 767 996 referens
787 961 979 1006 Morpheus
1003 973 1062 994 ora
1088 972 1196 994 meac.

996 1018 1052 1052 11.

330 1074 431 1109 Haud
456 1075 544 1107 meri
569 1085 631 1118 ego
658 1073 828 1118 cupidus:
855 1072 1038 1105 madidum
1065 1072 1125 1105 sed
1152 1071 1298 1106 reddere
1327 1075 1355 1106 si
1383 1076 1446 1114 vis,

368 1121 474 1163 Por-ge
498 1119 586 1151 mihi
610 1124 692 1152 ante
716 1119 823 1151 labris
848 1118 975 1161 pocula
1006 1122 1098 1150 tacta
1123 1118 1203 1150 tuis.

325 1165 466 1198 Libaris
489 1165 616 1204 modo,
640 1166 710 1196 iam
735 1164 811 1197 fieri
836 1162 932 1196 haud
956 1168 1040 1207 pote
1064 1162 1205 1195 sobrius
1229 1168 1268 1195 ut
1294 1164 1379 1204 sim,

368 1210 441 1243 Nee
464 1210 585 1253 sugere
618 1214 671 1242 est
697 1209 815 1253 lepida
838 1210 941 1241 mista
967 1208 1115 1240 Falerna
1139 1218 1256 1240 manu.

327 1255 454 1289 Oscula
478 1257 656 1288 traiiciens
681 1254 742 1286 abs
767 1259 803 1286 te
833 1254 931 1285 venit
955 1253 1046 1292 uda,
1072 1253 1230 1295 leporem

374 1301 495 1345 Mique
519 1301 651 1340 refert,
684 1300 793 1332 traxit
817 1309 923 1343 quem
949 1302 1010 1330 tuo
1036 1296 1080 1329 ab
1111 1308 1169 1329 ore
1196 1297 1295 1330 calix.

995 1354 1050 1388 ¹2.

328 1414 432 1446 Parce
464 1412 534 1445 tuis
557 1411 601 1444 ab
625 1409 752 1454 lychne
781 1408 912 1442 imbres
934 1408 1139 1453 praedicem
1166 1408 1302 1454 fungis,

374 1458 426 1491 Ne
446 1468 603 1490 remorae
627 1456 749 1489 iuveni
775 1455 821 1487 sis
847 1466 936 1487 nova
961 1466 1063 1488 causa
1088 1465 1176 1487 meo.

328 1503 473 1536 Aemula
498 1508 537 1535 tu
562 1513 672 1547 usque
697 1500 842 1546 quidem
864 1500 1011 1533 Veneri:
1036 1498 1123 1533 mihi
1147 1500 1247 1532 testis
1271 1499 1385 1543 Abydi

374 1550 419 1582 Et
441 1548 531 1581 Sesti
557 1549 713 1580 iuvenis:
739 1551 876 1579 caetera
896 1546 998 1578 mitto
1024 1545 1138 1590 queri.

330 1594 453 1627 Lemni
480 1604 566 1637 opus
592 1605 627 1626 es
642 1619 650 1634 ,
683 1591 814 1625 Veneri
839 1591 924 1624 hinc
948 1591 1052 1624 credo
1079 1591 1290 1631 adversaris,
1313 1590 1460 1624 herilem

379 1640 471 1672 Dum
495 1639 634 1684 placare
658 1639 743 1671 iram
766 1637 832 1670 hac
856 1642 892 1670 te
918 1637 1015 1669 iuvat
1038 1635 1182 1669 invidia.

989 1702 1044 1738 13.

331 1762 467 1806 Suspiri
493 1772 583 1829 ‹Juae
610 1761 740 1793 causa?
765 1760 838 1793 urit
866 1770 921 1792 me
946 1760 1050 1803 virgo.
1078 1763 1114 1791 at
1144 1759 1251 1798 amari

374 1807 505 1852 Digna.
534 1805 657 1850 rogas?
684 1810 778 1838 certe
797 1803 903 1848 digna
927 1816 966 1838 ea
989 1805 1063 1837 visa
1079 1803 1179 1836 mihi.

328 1853 373 1886 At
399 1864 469 1897 quo
494 1853 567 1884 visa
590 1853 668 1884 loco
691 1852 843 1894 primum
869 1849 954 1882 haec
978 1848 1075 1881 tibi?
1107 1848 1305 1891 contiguam
1330 1847 1457 1892 hospes

373 1899 414 1930 Iu
442 1909 550 1931 coena
573 1897 663 1930 lecto
689 1897 804 1936 sensi,
827 1894 1010 1938 habuique
1034 1904 1123 1926 meo,

329 1944 461 1988 Spesne
496 1943 604 1987 potiri
634 1946 750 1975 autem
770 1940 863 1974 hac?
888 1939 974 1986 quid
997 1938 1059 1971 ni?
1083 1939 1146 1972 sed
1176 1936 1308 1981 Cypria
1331 1941 1486 1980 apertam

372 1989 451 2022 Non
474 1999 568 2021 amo:
600 1988 730 2021 furtivo
756 1988 784 2019 si
811 1986 906 2019 fruar
928 1987 1033 2029 igne,
1064 1989 1118 2017 sat
1141 1988 1202 2015 est.

334 2034 422 2078 Ergo
449 2033 589 2066 domum
617 2045 688 2066 non
711 2033 763 2066 vis
787 2031 877 2065 hanc
901 2028 1053 2063 ducere?
1076 2029 1170 2062 nolo.
1196 2026 1305 2072 quid?
1330 2026 1463 2070 absque

377 2080 469 2113 Dote
494 2091 603 2120 uxor,
636 2080 770 2122 patiar,
804 2077 906 2110 detur
933 2082 978 2109 ut>
999 2075 1062 2108 illa
1091 2073 1206 2107 mihi?

333 2126 404 2158 lam
424 2126 517 2165 sci03
541 2125 717 2158 mentiris:
755 2134 820 2156 nec
845 2133 954 2162 amas,
989 2132 1055 2155 nec
1078 2121 1172 2152 enim
1191 2123 1275 2164 pote
1301 2116 1370 2150 dici

378 2169 468 2203 Vere
493 2181 588 2203 amor
610 2169 690 2210 hic,
715 2171 767 2202 uti
792 2170 854 2214 qui
879 2168 1016 2201 ratione
1039 2170 1167 2210 potest.

987 2233 1064 2267 102

335 2297 481 2329 Dicturo
503 2293 592 2333 tibi,
624 2293 696 2324 vita
710 2317 719 2331 ‚
750 2292 844 2331 vale,
876 2301 944 2325 vox
966 2289 1085 2322 deficit
1102 2288 1174 2326 ori,

380 2341 477 2385 Eque
501 2339 583 2383 suga
608 2338 772 2371 reducem
794 2347 850 2369 me
874 2335 943 2368 tibi
968 2335 1063 2367 sistit
1085 2333 1200 2367 Amor.

336 2387 526 2419 Damnatae
549 2396 616 2418 nec
641 2384 691 2415 sic
715 2383 902 2415 inamoena
925 2380 1069 2414 silentia
1093 2377 1223 2416 noctis,

379 2430 574 2463 Dissidium
611 2428 774 2461 horresco
811 2437 936 2471 quam,
974 2437 1051 2459 mea
1075 2423 1178 2463 diva,
1210 2427 1320 2456 tuum.

335 2478 489 2512 Aurorae
515 2486 595 2508 nam
620 2475 681 2506 lux
708 2473 833 2506 similis
856 2477 936 2514 ωας
969 2476 1066 2504 muta
1091 2469 1152 2502 sed
1181 2468 1238 2500 illa
1252 2492 1262 2508 ‚

383 2522 579 2555 Coniuncta
605 2524 658 2552 cst
683 2519 754 2551 luci
777 2517 909 2550 blanda
932 2517 1082 2562 loquela*
1098 2521 1188 2548 tuae.

337 2567 498 2600 Sirenum
522 2567 582 2598 illa
609 2577 668 2597 sua
693 2574 859 2608 superans
885 2561 1074 2595 dulcedine
1097 2565 1234 2598 nectar,

382 2613 435 2646 De
461 2624 529 2657 qua
553 2617 626 2644 tota
650 2621 748 2646 meae
771 2608 928 2654 pendula
953 2618 1032 2652 spen
1057 2607 1194 2640 animae
1219 2610 1281 2638 est.
