1832 3152
291 122 399 177 228
885 139 1156 184 AGATHIAE

101 248 191 281 A.C.
208 248 279 284 555
291 239 372 279 τῶν
396 239 574 292 Περσῶν
595 238 862 292 εἷσφοιτὴσεις
887 239 1068 295 ἀθρόους
1091 242 1295 295 γενέσθαι,
1333 239 1603 292 ἀπειθοῦντος
1623 247 1700 296 μὲν

151 295 178 329 1·
190 296 216 328 1·
243 307 286 338 29
298 298 468 355 ἆναίδην
494 302 570 342 τοῦ
591 303 818 353 δυσμενοῦς
845 305 916 344 καί
944 306 1275 358 διαμαχομένου,
1302 310 1379 347 τοῦ
1408 308 1454 348 δὲ
1481 323 1632 355 παντος
1658 306 1701 348 ἔ-

297 369 425 414 θνους
448 363 519 405 καί
535 363 648 416 μάλα
673 363 748 419 τὴν
769 364 915 408 στάσιν
934 363 1233 423 προσιεμένου,
1251 371 1307 426 τῷ
1325 369 1426 425 πρὸς
1450 369 1522 425 τὴν
1547 370 1702 424 κίνησιν

294 431 376 469 τῶν
402 426 671 469 καθεστώτων
689 429 1044 485 βαρβαρικώτερον
1068 431 1198 487 ὁρμῆς
1219 435 1443 487 πεφυκέναι
1458 467 1471 486 ,
1509 434 1582 475 καί
1601 431 1701 489 πρός

246 501 334 545 Βγε
360 491 529 546 πλησίον
554 489 664 545 ἔχειν
694 491 792 540 τοὺς
824 493 1140 546 οἷνθεξομένουςς
1178 493 1388 551 τοιγάρτοι
1417 495 1487 538 τὸν
1514 495 1724 552 ἆρχηγὸνό

288 556 406 610 ἡμεῖς
431 557 504 609 τῆς
541 557 760 610 ἐπιβουλῆς
787 554 1016 609 ἀνελόντες,
1059 559 1263 600 τοσούτων
1305 563 1532 616 συμφορῶν
1572 561 1700 614 ἐσμὸν

290 618 477 674 παρόντα
500 614 577 673 ἤδη
604 622 676 660 καί
701 618 950 672 αἷὸινόμενον
972 618 1081 662 οὕτω
1106 638 1193 670 πως
1211 623 1470 665 εὖκολώτατα
1495 629 1700 666 κατεπαύ-

289 699 432 736 σαμεν,
450 682 507 731 ὦς
532 685 604 725 νῦν
623 684 888 725 ἀπιστεῖσθαι
906 687 1142 741 περιφανῶς
1162 685 1272 742 εἴπερ
1296 683 1400 735 ὅλως
1420 703 1461 728 τι
1484 686 1556 729 καὶ
1576 683 1702 742 ἤμελ-

290 751 357 788 λεν
388 745 569 788 ἔσεσθαι.

397 814 428 852 ι’.
481 809 590 865 ,,Μὴ
614 811 764 864 τοίνυν,
792 807 829 854 οἷ
851 811 1046 866 δικαστά,
1075 808 1147 868 την
1164 813 1377 869 ἐπιστολὴν
1398 813 1752 872 προφερόντων,ιο

283 876 390 930 μηδὲ
413 873 660 925 κακιζόντων
679 873 788 929 ἡμᾶς
806 876 862 924 ὥς
887 875 936 932 δὴ
959 883 1044 926 τοῖς
1071 879 1115 919 ἐν
1136 877 1240 933 αὐτῇ
1259 881 1550 934 γεγραμμένοις
1573 880 1701 921 οὖδα-

282 941 371 992 μῶς
403 935 744 993 ἦκολουθηκότας.
785 941 843 998 τῷ
864 941 940 996 γὰρ
976 939 1023 982 οὗ
1053 941 1146 984 λίαν
1171 937 1366 997 εὔδηλον,
1405 941 1460 992 ὥς
1487 942 1534 985 τὸ
1556 944 1701 1000 γεγρά-

286 1006 407 1058 φθαι,
440 1004 596 1057 χρῆναι
627 1002 731 1059 πρὸς
754 1002 829 1058 τὴν
847 1007 1048 1058 βασιλέως
1073 1004 1202 1047 αὐτὸν
1219 1005 1336 1048 πόλιν
1357 1008 1475 1059 ἰέναι,
1497 1003 1701 1063 ἇπὸπειρα

282 1068 359 1119 μὲν
395 1062 441 1107 ὂν
472 1066 631 1121 ὑπῆρχε
667 1067 740 1109 καί
778 1070 981 1122 βάσανος,
1026 1069 1137 1125 εἴπερ
1170 1071 1429 1126 αὕθαιρέτως
1475 1069 1575 1112 εἴκοι
1613 1077 1700 1121 τοῖς

157 1138 189 1170 P.
204 1138 273 1174 119
286 1133 666 1186 προσταττομένοις,
707 1128 812 1174 (ὅστε
845 1133 1013 1182 δικαίως
1035 1132 1321 1189 ἁρμόσασθαις
1347 1137 1530 1188 γνωσθὲν
1560 1135 1751 1182 τοίνυνιό
1786 1130 1789 1134 ‚

172 1194 446 1251 ν.84ῥᾳδίως
475 1195 572 1249 ἡμῖν
603 1194 648 1237 τὸ
671 1196 922 1252 ἁνήκουστον
943 1200 1013 1252 τῆς
1039 1196 1200 1253 γνώμης
1221 1201 1291 1239 καί
1311 1197 1615 1252 ἁμιλλώμενον,
1643 1203 1700 1241 δι’

285 1257 310 1299 ὃ
335 1257 380 1299 τὸ
409 1258 571 1300 ἔλαττον
593 1259 860 1313 ἀπεσείσατο,
893 1263 979 1309 πῶς
1004 1262 1074 1302 ἐπὶ
1104 1262 1150 1302 τὸ
1171 1263 1311 1314 μεῖζον
1334 1261 1420 1302 ἔδει
1445 1265 1700 1318 προτρέπειν,

285 1323 356 1365 καί
379 1323 435 1377 μὴ
468 1325 622 1365 θᾶττον
651 1324 709 1372 εἰς
733 1325 858 1365 ἐκεῖνο
881 1323 927 1365 τὸ
959 1328 1086 1380 πέρας
1111 1326 1246 1366 ἐλθεῖν
1261 1359 1274 1377 ,
1311 1327 1369 1374 εἰς
1393 1323 1514 1382 ὅπερ,
1540 1330 1700 1370 πολλῶν

285 1389 330 1428 ἐν
350 1388 461 1443 με’-σῳ
492 1386 808 1441 συιιιβεβηκότων
844 1390 1011 1441 δεινῶν,
1053 1387 1155 1443 πρὸς
1182 1387 1357 1444 ἀνάγκης
1386 1393 1458 1444 καί
1482 1390 1538 1440 ὣς
1559 1393 1700 1448 περιή-

377 1482 408 1504 2.
423 1467 580 1509 α’ναίδην
602 1470 638 1501 Β.
651 1475 688 1502 et
699 1471 807 1514 Intpr.
824 1479 863 1504 ut
877 1471 988 1504 hostis
1004 1470 1341 1516 impudentissimus,
1358 1470 1492 1514 ἀνέδην
1503 1475 1597 1519 vulg.‘
1665 1477 1698 1515 32

374 1515 601 1560 προϊεμένου
621 1516 656 1546 R.
720 1516 751 1559 4.
771 1515 886 1562 ὁρμῆς
902 1518 938 1548 Β.
955 1542 964 1556 ,
990 1517 1112 1562 ὁρμᾷν
1129 1518 1220 1562 vulg.
1325 1520 1363 1552 5:
1381 1518 1482 1562 ἔχειν
1509 1521 1546 1553 R.
1559 1545 1569 1561 ,
1602 1519 1700 1559 ἕξειν

375 1561 464 1604 vulg.
559 1558 830 1606 ιῖν-Ἰεξομένους
852 1564 909 1602 R„
941 1562 1185 1608 (ἶνεξομένους
1207 1563 1297 1607 vulg.
1361 1566 1392 1597 6.
1419 1565 1524 1609 ῠμεῖς
1545 1567 1582 1599 R.
1665 1567 1697 1599 8.

376 1605 581 1646 ἀπιστῆσαι
604 1607 639 1637 Β.
717 1618 766 1640 12.
790 1608 852 1640 Pro
875 1607 923 1651 τῷ
942 1610 978 1640 Β.
1001 1602 1055 1641 τὸ.
1170 1608 1324 1650 εὔδηλον
1346 1610 1397 1649 R,
1422 1608 1573 1652 ἔνδηλον
1605 1612 1698 1654 vulg.

380 1652 430 1687 13.
466 1645 583 1685 αὐτὸν
618 1650 697 1683 add.
737 1663 780 1684 ex
814 1654 851 1685 R.
973 1655 1020 1688 ι5.
1052 1653 1139 1686 Inde
1176 1666 1196 1686 a
1228 1655 1337 1687 verbo
1361 1658 1698 1702 προσταττομένοις

376 1696 460 1729 cod.
488 1699 525 1729 R.
550 1709 570 1729 a
602 1697 747 1730 librario
778 1699 976 1742 alienigena
1008 1704 1044 1732 ct
1077 1701 1191 1743 graeci
1225 1701 1396 1733 sermonis
1430 1712 1543 1745 paene
1573 1703 1696 1747 ignaro

375 1743 524 1785 scriptus
549 1747 613 1781 est,
638 1743 815 1786 quisiglas
841 1745 993 1788 exempli
1020 1745 1074 1777 sui
1097 1757 1169 1778 non
1193 1746 1434 1790 intelligebat:
1458 1748 1558 1781 cuius
1575 1747 1696 1780 homi-

374 1788 430 1820 nis
454 1788 571 1831 lapsus
606 1789 765 1820 infinitos
789 1800 861 1822 non
889 1801 1008 1823 omnes
1024 1791 1156 1823 notavi.
1271 1794 1321 1827 18.
1343 1792 1407 1824 Pro
1428 1786 1481 1837 μὴ
1506 1795 1543 1826 Β.
1577 1793 1636 1826 hic
1660 1798 1696 1825 et

376 1844 479 1876 saepe
512 1833 641 1865 deinde
664 1832 769 1877 μηδὲ.
867 1847 916 1878 ¹9·
943 1835 1209 1880 περιήχθωμεν
1231 1838 1269 1870 Β.

284 1900 342 1928 tac
376 1894 571 1926 defectioni
603 1898 639 1925 et
666 1893 846 1928 Persarum
885 1895 1075 1939 irruptioni
1110 1907 1229 1929 ansam
1267 1897 1551 1941 praebuissemus
1573 1921 1582 1937 ,
1607 1902 1695 1930 'cum

284 1942 448 1974 universa
476 1938 562 1971 haec
587 1939 683 1971 natio
716 1939 845 1973 mirum
871 1939 909 1972 in
937 1941 1080 1973 modum
1108 1942 1155 1974 sit
1183 1947 1372 1975 contumax
1413 1949 1450 1976 et
1477 1943 1622 1975 rebellis
1660 1947 1696 1975 ct

285 1986 471 2018 seditionis
481 1983 581 2017 valde
600 1983 769 2024 studiosa,
785 1985 881 2030 quod
893 1985 1059 2019 videlicet
1075 1987 1292 2020 barbaricum
1310 1989 1347 2020 in
1357 1999 1488 2021 morem
1506 1987 1550 2020 ad
1565 1988 1694 2020 immu-

284 2031 430 2064 tandum
453 2035 580 2063 statum
599 2040 714 2061 rerum
734 2031 943 2063 naturaliter
964 2033 1011 2063 sit
1026 2043 1198 2075 propensa
1216 2044 1224 2073 ς
1249 2044 1325 2064 cnm
1345 2034 1534 2077 praecipue
1552 2034 1590 2066 in
1611 2044 1695 2076 pro-

282 2078 419 2122 pinquo
438 2081 555 2108 essent
565 2074 736 2115 habituri,
755 2077 816 2121 qui
830 2077 924 2120 ipsos
933 2076 1084 2109 tuendos
1095 2077 1330 2121 susciperent?
1357 2078 1574 2123 Nositaque,
1592 2079 1695 2121 prin-

287 2124 365 2165 cipe
388 2121 572 2154 seditionis
599 2121 799 2161 interfecto,
821 2127 994 2154 tantarum
1013 2122 1250 2155 calamitatum
1271 2135 1418 2156 examen
1439 2125 1508 2156 iam
1530 2134 1694 2168 praesens

285 2172 392 2211 atque
413 2166 657 2210 suppullulans
677 2166 744 2199 hoc
766 2167 906 2200 tandem
925 2166 1029 2200 modo
1052 2168 1219 2200 facillime
1240 2169 1519 2212 compressimus,
1541 2169 1628 2202 adeo
1654 2166 1695 2202 ut

284 2223 379 2246 nuuc
394 2223 463 2243 non
479 2211 641 2244 credatur
650 2217 781 2255 aperte,
794 2223 838 2245 an
850 2214 887 2244 in
901 2213 1102 2246 universum
1118 2214 1254 2258 aliquid
1266 2215 1372 2246 etiam
1383 2215 1540 2247 futurum
1551 2214 1667 2247 fuerit.

380 2269 428 2290 10.
452 2258 647 2294 „Desinant
670 2268 750 2301 ergo
776 2269 889 2298 nunc,
926 2269 946 2290 o
978 2257 1106 2299 iudex,
1146 2260 1330 2302 epistolam
1364 2260 1545 2304 proferre,
1575 2269 1694 2304 neque

283 2314 347 2335 nos
372 2303 551 2342 damnent,
572 2301 669 2346 quod
702 2313 822 2335 earum
850 2303 1051 2336 mandatum
1082 2306 1193 2337 secuti
1229 2317 1300 2337 non
1331 2306 1447 2339 simus.
1505 2305 1571 2338 Cui
1597 2306 1693 2338 enim

283 2359 357 2380 non
377 2348 485 2380 fucrit
498 2347 737 2388 manifestum,
759 2348 798 2381 id
814 2349 910 2393 quod
922 2350 1048 2381 litteris
1060 2350 1132 2381 illis
1154 2351 1447 2394 perscribebatur,
1469 2356 1631 2395 oportere
1650 2350 1695 2382 il-

284 2394 358 2425 lum
390 2393 594 2435 Byzantium
624 2394 693 2432 irc,
731 2394 894 2427 tentandi
925 2400 1063 2427 tantum
1100 2396 1378 2440 explorandique
1414 2408 1532 2430 caussa
1561 2397 1692 2429 sactum

284 2439 417 2478 fuisse,
445 2449 490 2470 an
522 2449 583 2470 sua
612 2443 739 2480 sponte
772 2440 893 2483 aequis
926 2440 1100 2472 mandatis
1135 2447 1226 2474 esset
1263 2441 1592 2484 obtemperaturus,
1629 2441 1693 2473 iis-

285 2495 355 2528 que
379 2495 415 2516 se
442 2484 519 2516 iure
548 2482 870 2516 accommodatur-us
893 2484 909 2516 ?
956 2486 1042 2518 Cum
1068 2487 1186 2531 itaque
1209 2487 1314 2520 nobis
1346 2488 1456 2532 ipsius
1478 2485 1585 2520 animi
1609 2497 1691 2530 per-

283 2530 414 2562 vicacia
450 2534 486 2562 et
517 2529 693 2572 protervia
719 2528 825 2571 facile
857 2535 949 2563 esset
982 2531 1146 2574 cognita,
1180 2543 1258 2565 cum
1286 2531 1325 2565 id
1353 2532 1450 2579 quod
1476 2533 1590 2565 minus
1619 2536 1694 2564 erat

285 2574 517 2614 detrectaret,
543 2585 614 2618 quo
639 2579 742 2617 pacto
767 2573 812 2607 ad
839 2575 878 2609 id
906 2575 1002 2619 quod
1033 2578 1147 2610 maius
1178 2583 1251 2610 erat
1269 2589 1347 2610 cum
1376 2579 1523 2611 incitare
1549 2582 1693 2622 oporte-

284 2620 366 2659 bat,
393 2625 429 2652 et
454 2631 526 2652 non
564 2620 683 2662 potius
723 2621 840 2652 statim
880 2621 926 2653 ad
970 2627 1123 2654 extrema
1155 2623 1311 2656 remedia
1345 2625 1466 2656 venire
1485 2648 1495 2663 ,
1524 2620 1569 2656 ad
1602 2632 1692 2663 quac

283 2666 403 2700 multis
430 2664 635 2709 urgentibus
662 2665 763 2699 malis
777 2667 974 2700 necessario
990 2668 1295 2711 pervenissemus?
1318 2668 1390 2714 Qui
1405 2669 1498 2703 enim
1521 2667 1692 2709 opportu-
