1794 3112
642 122 1017 167 ms'romAnuM
1059 127 1092 167 ι.
1120 131 1186 172 22
1323 180 1326 182 v
1549 107 1618 162 61

189 229 448 283 οτρὲψαπας
465 224 516 268 τὰ
535 226 657 279 νῶτα,
681 228 726 276 ἐς
751 226 801 269 ra*
820 225 953 270 ὄπίσω
986 227 1221 284 ἀναχωρεῖν
1247 225 1548 284 προτροπάδην,
1571 225 1680 276 ὧςΑ.
1698 234 1737 267 C.
1752 233 1794 268 55

188 290 242 348 δὴ
265 289 451 341 δεδιότας
473 292 546 334 καί
561 291 798 349 φεύγοντας,
826 294 897 335 καί
909 294 1175 335 ἐκκαλεῖσθαι
1192 291 1290 342 τοὺς
1310 290 1553 348 βαρβάρους
1574 292 1631 341 ὥς
1644 282 1764 318 ¹⁰¹·26

188 356 392 400 ἀπωτάτω
413 359 487 412 τῆς
504 356 636 413 νάπης
663 356 743 400 ἀντὶ
763 357 816 400 τὰ
834 356 939 413 ψιλά
952 359 1026 400 τοῦ
1035 357 1196 400 πεδίου.
1208 357 1322 415 αὐτῷ
1340 356 1418 415 γὰρ
1431 355 1484 400 τά
1507 356 1632 400 λοιπιὶ

186 421 272 479 ἔφη
287 421 497 479 μελήσειν.
515 426 588 466 καί
609 422 737 478 οἱμὲν
754 423 860 467 κατὰ
879 426 1008 466 ταῦτα
1027 424 1195 466 ἐποίουν
1202 457 1215 476 ,
1238 427 1309 466 καί
1328 423 1514 480 ἔφευγον.
1531 422 1568 466 οἱ
1589 425 1635 466 δὲ

163 485 382 544 5Φράγγοι
397 489 445 546 τῇ
463 491 575 547 φυγῇ
590 491 899 545 ἐξηπατημένοι,
925 490 998 532 καί
1009 489 1165 544 ἀληθὲς
1180 487 1225 531 τὸ
1242 491 1336 538 δέος
1354 486 1459 532 εἶναι
1483 490 1633 532 ὑποτο-

187 551 408 610 πήσαντες,
431 554 579 597 αὐτίκα
602 555 837 612 θαρραλέοι
852 555 926 612 τήν
947 570 990 598 τε
1017 552 1211 612 φάλαγγα
1235 556 1444 607 διέλυσαν,
1470 557 1542 597 καί
1559 558 1663 611 τῆςΒ

187 614 290 675 ὕλης
307 618 567 674 ὖπεκβάντες,
583 622 627 670 ἐς
647 619 720 676 την
738 621 878 671 δίωξιν
892 622 1116 676 ἠπείγοντο.
1133 620 1207 662 καί
1224 621 1381 675 πρῶτοι
1403 622 1481 673 μὲν
1498 622 1638 672 ἐξέθε-

188 698 237 727 ον
250 684 291 727 οἱ
303 683 489 728 ἱππόται·
507 687 670 729 εἵποντο
693 687 740 729 δὲ
759 689 833 729 καί
850 689 931 730 τῶν
945 688 1080 738 πεζῶν
1099 684 1248 728 ὁπόσοι
1269 686 1551 739 ἀλκιμώτατοι
1566 689 1639 728 καί

188 748 410 801 ποδώκεις·
436 753 511 794 καί
543 749 725 802 ἅπαντες
754 753 941 810 ἀφειδῶς
976 754 1194 805 ἐνέκειντο,
1227 751 1286 801 ὥς
1306 749 1432 793 αὐτὸν
1466 749 1516 807 δή
1553 768 1634 793 που

139 813 258 858 ποτὸν
280 818 461 872 Ναρσῆν
489 817 639 860 αὐτίκα
661 815 776 873 μάλα
802 817 1080 875 ζωγρήσοντες
1095 850 1108 871 ,
1138 819 1210 859 καί
1228 817 1338 875 πόνῳ
1377 815 1449 868 ξύν
1482 821 1644 872 βραχεῖ

188 883 323 937 πέρας
342 881 490 926 εὐκτὸν
505 882 778 940 ἐπιθήσοντες
798 881 953 927 ἅπαντι
978 885 1036 942 τῷ
1067 885 1246 942 πολέμῳ.
1303 884 1376 925 καὶ
1392 882 1431 924 οἱ
1454 885 1534 937 μὲν
1567 883 1638 924 εὖ..

187 946 366 1000 κοσμίας
395 945 560 1004 ἁπάσης
583 949 919 1005 ἐπιλελησμένοι,
945 947 1082 1005 χύδην
1110 965 1155 991 τε
1176 949 1250 991 καί
1276 948 1500 1005 ἀφύλακτα
1531 946 1638 1003 ἐχιό-

188 1026 312 1068 ρουν,
341 1011 561 1068 γεγηθότες
582 1014 656 1056 καί
679 1012 963 1069 εὐωχούμενοι
983 1016 1057 1071 τῆς
1080 1015 1258 1064 ἐλπίδος.
1316 1013 1356 1056 οἱ
1379 1015 1426 1055 δὲ
1450 1015 1637 1068 Ῥωμαῖ-

172 1092 229 1119 Δοι
259 1074 340 1120 vivo?
373 1075 428 1120 τοὶ
462 1077 607 1136 πρόσω
633 1082 832 1138 ἐφέροντο
864 1080 1109 1137 ἀφειμένοις
1134 1086 1221 1130 τοῖς
1250 1082 1405 1134 ἵπποις,
1442 1080 1571 1136 φαίης
1591 1095 1636 1122 τε

139 1138 240 1189 ιόἂν
264 1142 422 1194 αὐτούς
439 1143 543 1204 ἔργῳ
564 1149 792 1203 τρέσαντας
810 1147 1023 1200 ἀλεείνειν,
1052 1143 1160 1189 οὕτω
1184 1146 1236 1202 δή
1267 1163 1309 1188 τι
1330 1144 1532 1202 ἐγγύτατα
1566 1148 1671 1188 zoi-C

187 1209 373 1265 ἀληθοῦς
401 1208 448 1252 τὸ
471 1213 652 1255 δεδιέναι
682 1213 959 1268 ὑπεκρίνοντο.
988 1213 1082 1255 ἐπεὶ
1106 1214 1152 1254 δὲ
1191 1212 1231 1254 οἱ
1257 1210 1467 1268 βάρβαροι
1488 1213 1534 1254 ἐν
1557 1227 1632 1266 γυ-

186 1275 278 1331 μνῷ
314 1269 395 1331 ἤδη
439 1277 498 1334 τῷ
532 1279 658 1336 πεδίῳ
697 1277 1009 1332 ἐσκεδάννυντο,
1048 1280 1121 1334 τῆς
1152 1273 1254 1333 ὕλης
1288 1278 1344 1328 ὥς
1380 1275 1642 1334 πορρωτάτω

189 1333 551 1396 ἀποσπασθέντες,
573 1341 661 1385 τότε
688 1342 738 1400 δὴ
766 1341 945 1399 ἀθρόον,
981 1344 1056 1385 τοῦ
1089 1345 1324 1400 στρατηγοῦ
1357 1343 1642 1400 σημήναντος,

190 1404 509 1462 ἐπιστρέψαντες
531 1408 569 1450 οἱ
587 1409 789 1463 Ῥωμαῖοι
817 1406 912 1459 τοὺς
939 1410 1102 1462 ἵππους,
1126 1409 1198 1451 καί
1222 1412 1265 1460 ἐς
1302 1406 1498 1453 τάναντία
1531 1411 1644 1467 σφᾶς

141 1469 352 1524 ποαῦτοῦς
396 1473 667 1528 ἐξελίξαντες,
712 1475 962 1531 ὑπηντίαζον
1011 1480 1096 1525 τοῖς
1145 1473 1368 1518 διώκουσιν
1415 1473 1643 1529 ἀντιμέτω-

191 1555 285 1593 ποι,
315 1537 389 1580 καί
422 1536 609 1590 ἅπαντας
637 1541 693 1599 τῷ
726 1537 1019 1599 ἀπροσδοκήτῳ
1056 1543 1469 1597 καταπεπληγμένους
1496 1540 1642 1584 ἔπαιον

191 1605 376 1662 ἀφειδῶς
398 1605 472 1647 καί
489 1601 728 1660 ἀντώθουν,
760 1606 832 1648 καί
849 1608 891 1656 ές
913 1605 1114 1658 παλίωξιν
1134 1606 1187 1649 τὰ
1204 1608 1274 1662 τῆς
1300 1609 1435 1663 φυγῆς
1450 1605 1637 1662 μετεχώ-

284 1679 318 1724 4,
344 1678 509 1724 ἔφευγον
524 1679 583 1720 R.‚
607 1678 649 1724 ἕη
661 1690 755 1724 υγον
774 1679 867 1724 vulg.
974 1691 1007 1724 9.
1034 1680 1099 1712 Pro
1122 1678 1293 1725 ἀφειδῶς
1317 1681 1354 1712 Β.
1382 1691 1450 1725 mg.
1476 1678 1640 1725 ἀφόβως.

289 1737 343 1764 ιο.
365 1724 624 1773 ζωγρήσαντες
646 1727 684 1760 R.
840 1726 890 1770 ¹4·
926 1725 1126 1771 ἐφέροντο.
1163 1727 1272 1771 Intpr.
1306 1726 1408 1760 addit
1431 1729 1639 1762 Ariminum

283 1784 426 1808 versus.
517 1773 568 1806 15.
595 1770 693 1806 οὕτω
716 1771 759 1815 δή
773 1784 809 1806 τι
818 1773 870 1813 R„
890 1770 987 1805 οὕτω
1009 1769 1051 1814 δ’)
1069 1773 1162 1818 vulg.

191 1831 299 1872 ferri,
323 1829 439 1864 veluti
467 1829 598 1863 timore
628 1830 810 1874 perculsos
836 1830 1032 1876 fugamque
1064 1836 1314 1874 capessentes:
1351 1834 1393 1863 ut
1423 1831 1563 1865 scilicet
1595 1842 1637 1866 ea

190 1878 332 1918 tatione
353 1876 500 1910 barbari
517 1887 626 1923 quam
646 1877 889 1910 remotissime
913 1887 932 1909 e
952 1876 1041 1909 silva
1063 1877 1102 1910 in
1125 1883 1290 1921 apertum
1312 1888 1477 1921 campum
1504 1889 1635 1912 evoca-

192 1929 337 1958 rentur:
363 1923 506 1969 reliqua
532 1924 629 1956 enim
646 1924 718 1957 sibi
732 1934 839 1957 curae
854 1924 932 1957 sore
956 1923 1062 1956 dixit.
1111 1922 1223 1970 Atqui
1241 1924 1280 1957 hi
1299 1923 1447 1970 quidem
1471 1930 1512 1958 ut
1529 1937 1636 1958 man-

192 1971 319 2005 (latum
342 1970 394 2003 eis
418 1974 520 2010 erat,
542 1970 665 2015 fugam
685 1971 935 2014 arripuerunt;
960 1970 1090 2003 Franci
1116 1980 1200 2003 vero
1230 1971 1314 2016 fuga
1341 1970 1485 2014 decepti
1516 1977 1553 2005 ct
1572 1983 1644 2006 ve-‘

193 2020 273 2051 nim
292 2017 460 2050 timorem
480 2026 558 2050 esse
578 2017 669 2058 rati,
695 2017 887 2050 confestim
906 2017 1036 2050 animis
1059 2017 1158 2063 pleni
1174 2018 1288 2050 aciem
1317 2017 1482 2058 solvunt,
1524 2019 1635 2052 silva-

195 2074 266 2110 que
284 2063 427 2109 egressi,
453 2063 632 2108 fugientes
653 2063 1059 2109 acriterinsequuntur3
1088 2074 1129 2096 ac
1149 2064 1256 2107 primi
1276 2062 1425 2109 quidem
1449 2065 1637 2099 evolarunt

195 2121 216 2144 e
268 2110 357 2151 ites,
394 2110 639 2156 sequebantur
673 2121 757 2144 vero
788 2121 832 2143 ex
863 2109 1049 2154 peditibus
1081 2115 1262 2156 quotquot
1284 2110 1413 2144 robore
1444 2117 1482 2144 et
1499 2112 1635 2156 pedum

196 2167 236 2190 ce
253 2156 380 2190 eritate
400 2157 556 2190 maxime
574 2157 762 2200 valebant3
795 2167 992 2203 omnesque
1019 2157 1191 2190 acerrime
1219 2168 1295 2190 rem
1325 2158 1521 2203 urgebant,
1554 2164 1636 2191 tan-

196 2213 306 2250 quam
333 2202 518 2237 Narsetem
545 2204 664 2247 ipsum
694 2204 841 2236 iamiam
869 2204 990 2236 vivum
1012 2204 1172 2247 capturi,
1207 2209 1244 2237 et
1266 2203 1368 2238 nullo
1390 2205 1466 2238 fere
1486 2207 1632 2251 negotio

196 2253 357 2293 optatum
374 2250 483 2284 finem
502 2251 570 2283 toti
592 2250 690 2284 bello
713 2251 928 2295 imposituri.
978 2248 1096 2295 Atque
1118 2249 1157 2283 hi
1180 2250 1328 2297 quidem
1360 2252 1497 2285 ordinis
1519 2253 1636 2286 omnis

195 2295 304 2330 obliti
323 2298 471 2340 sparsim
493 2295 661 2343 nihilque
682 2298 752 2331 sibi
774 2302 937 2331 caventes
969 2297 1248 2340 procurrebant,
1283 2298 1479 2343 gaudentes
1521 2299 1637 2332 bona-

196 2353 268 2388 que
290 2352 351 2386 spe
366 2354 444 2377 sese
464 2342 698 2378 oblectantes.
749 2345 901 2378 Romani
928 2354 1012 2377 vero
1045 2344 1163 2377 effusis
1194 2343 1348 2377 habenis
1381 2345 1427 2378 ad
1456 2346 1637 2378 anteriora

196 2387 424 2423 ferebantur:
449 2388 585 2424 diceres
614 2397 710 2425 certe
733 2402 794 2425 eos
816 2402 854 2424 re
879 2391 956 2434 ipsa
980 2390 1216 2423 formidantes
1238 2391 1377 2435 fugere,
1404 2392 1493 2425 adeo
1512 2392 1638 2435 proxi-

195 2445 255 2469 me
275 2445 359 2468 vero
377 2446 542 2479 pavorem
561 2437 798 2471 simulabant.
847 2438 1086 2482 Posteaquam
1116 2446 1200 2470 vero
1221 2437 1367 2471 barbari
1389 2439 1460 2471 iam
1479 2449 1543 2480 per
1563 2450 1634 2470 nu—

196 2481 284 2515 dum
314 2491 477 2525 campum
505 2483 657 2527 dispersi
688 2495 796 2530 quam
828 2483 1038 2529 longissime
1069 2493 1090 2515 a
1110 2483 1199 2517 silva
1229 2489 1351 2517 essent
1378 2485 1512 2525 avulsi3
1556 2489 1633 2516 tum

195 2538 281 2562 vero
306 2528 496 2562 confestim
525 2531 626 2574 signo
654 2541 718 2574 per
738 2530 926 2563 Narsetem
951 2530 1058 2570 dato,
1094 2530 1246 2563 Romani
1268 2531 1444 2564 conversis
1472 2531 1574 2576 equis
1596 2531 1636 2564 in

195 2574 362 2609 adversos
378 2585 456 2608 sese
478 2575 696 2619 explicantes
710 2602 719 2617 ‚
742 2575 1047 2623 persequentibus
1078 2575 1118 2609 in
1143 2577 1299 2610 frontem
1321 2581 1574 2617 occurrerunt,
1600 2581 1637 2610 et

194 2621 447 2666 in'universos
474 2622 665 2666 inopinato
695 2623 748 2656 rei
772 2624 955 2668 perculsos
985 2622 1117 2655 caesim
1146 2623 1384 2668 punctimque
1416 2623 1636 2664 saeviebant,

196 2671 306 2713 atque
326 2667 378 2702 ita
404 2667 487 2713 fuga
507 2669 595 2712 ipsis
628 2669 667 2701 in
694 2671 983 2713 persecutionem
1001 2669 1080 2702 vice
1100 2678 1202 2702 versa
1231 2669 1346 2702 cessit.
1393 2669 1543 2716 Equites
1563 2671 1636 2702 ita-

198 2724 271 2759 que
285 2712 520 2750 barbarorum
541 2725 616 2749 non
634 2715 760 2760 ignari,
776 2727 847 2764 quo
867 2717 907 2751 in
927 2715 1090 2762 periculo
1115 2720 1353 2758 versarentur,
1380 2726 1487 2763 quam
1521 2717 1634 2752 celer-
