1794 3112
281 179 346 230 70
846 175 1114 216 AGATmAE

87 285 126 318 A.
143 286 180 317 C.
196 285 261 320 553
278 275 535 330 ἁβροδίαιτον
556 272 856 326 μετεβέβληντο,
876 272 947 328 τὴν
965 275 1035 329 τῆς
1054 277 1207 328 διαίτης
1217 274 1482 330 παραλλαγὴν
1492 273 1676 331 ᾗτιῶντο,

130 332 156 365 ¹·
173 332 199 364 Ῑ·
220 342 260 374 ²7
278 338 350 392 τὴν
374 340 419 379 δέ
439 353 483 390 γε
519 338 576 386 ὥς
597 334 763 391 ιῖληθῶς
781 332 911 391 ἆρχήν
939 353 982 378 τε
1005 337 1077 378 καί
1101 335 1276 392 ἀνάγκην
1299 339 1372 392 τῆς
1392 340 1608 394 συμφορᾶς
1629 335 1677 379 οὗ

236 401 390 454 emita
422 403 658 443 διενοοῦντο.
694 395 744 455 ἦν
766 401 811 441 δὲ
838 395 920 454 ἄρα
945 398 1060 452 οἶμαι
1081 401 1106 456 ἧ
1129 399 1282 454 οἷδικία,
1308 401 1379 443 καί
1394 400 1439 443 τὸ
1468 403 1679 458 περιϋβριὶ-

271 469 373 507 σθαι
394 463 492 519 πρὸς
517 460 652 506 αὗτῶν
688 463 738 504 τά
761 479 804 504 τε
839 466 934 504 θεῖα
964 461 1145 520 οἷφειδῶς
1171 464 1241 506 καὶ
1261 464 1498 521 ἀνθρώπεια
1515 464 1681 518 νόμιμα.

272 527 391 577 αὐτὸς
420 527 469 582 δη
493 524 565 570 οὖν
585 527 605 569 ὅ
635 525 850 583 στρατηγὸς
875 527 947 568 καί
962 528 1077 580 μάλα
1096 528 1260 583 ἔνδηλος
1281 524 1351 584 ἦν,
1391 527 1450 571 ὅτι
1473 528 1523 584 δὴ
1553 526 1701 572 αὖτὸν5

270 593 462 646 θεήλατοι
480 594 682 646 μετῆλθον
694 590 844 632 ποιναί.
864 592 1077 646 παραπλήξ
1095 608 1137 634 τε
1153 592 1229 648 γὰρ
1246 591 1432 646 ἐγεγόνει,
1455 592 1527 634 καί
1537 593 1678 634 ἑλύττα

270 658 527 711 περιφανῶς,
566 656 752 711 καθάπερ
789 655 827 696 οῖ
863 654 1056 711 ἔκφρονες
1088 658 1159 697 καί
1185 658 1422 711 μεμηνότες,
1460 656 1597 707 κλόνος
1632 672 1679 698 τε

272 717 393 760 αὐτὸν
415 721 551 772 ἐπεῖχε
568 719 737 773 μυρίος,
766 717 836 759 καί
866 718 1048 772 οἰμωγάς
1071 720 1184 774 οἷφίει
1206 720 1386 775 βαρείας·
1414 719 1484 761 καὶ
1506 722 1579 762 νῦν
1600 721 1677 773 μὲν

270 782 444 838 πρηνὴς,
472 785 544 824 νῦν
563 785 608 824 δὲ
627 783 697 824 καί
718 783 788 825 ἐπὶ
814 783 976 838 θάτερα
997 785 1041 825 ἐν
1060 786 1117 840 τῷ
1129 783 1276 839 ἐδάφει
1292 786 1539 827 κατέπιπτεν·
1556 784 1679 840 ἀφρῷ

269 862 314 886 τε
335 848 467 903 πολλῷ
489 844 533 887 τὸ
561 845 694 898 στόμα
708 847 973 902 περιερῥεΐτο·
1000 846 1071 888 καὶ
1095 846 1150 888 τώ
1177 845 1378 903 ὀφθαλμώ
1414 847 1599 903 βλοσυραί
1635 862 1731 900 γειο

268 904 396 964 ἤστην
414 909 485 951 καί
501 913 891 965 παρατετραμμένω.
917 913 960 959 ἐς
986 913 1105 952 τοῦτο
1127 913 1173 953 δὲ
1200 908 1279 967 ἄρα
1297 912 1317 954 ὃ
1345 912 1520 962 δείλαιος
1534 909 1678 967 ἀφῖκτο

270 976 441 1026 μανίας,
479 971 585 1016 ὥστε
617 974 759 1026 ἀμέλει
789 975 860 1016 καί
887 977 969 1016 τῶν
996 975 1153 1016 οἰκείων
1184 978 1319 1029 μελῶν
1357 977 1677 1029 ἀπογεύσασθαι.

224 1036 464 1090 Βέχόμενος
497 1036 574 1093 γὰρ
605 1037 702 1088 ὀδὰξ
736 1039 815 1082 τῶν
845 1038 1074 1094 βραχιόνων
1105 1042 1178 1080 καί
1197 1041 1379 1082 διασπῶν
1407 1038 1481 1087 τὰς
1512 1037 1679 1094 σάρκας,

266 1100 565 1156 κατεβιβρωσκέ
585 1117 630 1155 ys
652 1101 779 1151 αὖτοὶς
791 1098 924 1158 ὥσπερ
946 1103 1094 1158 θηρίον
1117 1104 1440 1157 διαλιχμώμενος
1449 1103 1516 1144 τὸν
1529 1104 1676 1158 ἰχῶρα.

269 1161 374 1206 οὕτω
403 1166 449 1205 δὲ
471 1161 621 1206 ἑαυτοῦ
639 1165 949 1219 ἐμπιπλάμενος,
976 1165 1047 1207 καί
1066 1166 1335 1222 κατασμικρὸν
1360 1166 1726 1222 ὑποφθινύθϊον,15

267 1227 501 1283 οἰκτρότατα
531 1228 698 1282 οἷπεβίω.
736 1227 932 1284 ἔθνησκον
964 1231 1010 1271 δὲ
1036 1229 1170 1285 χύδην
1200 1232 1270 1271 καί
1301 1229 1340 1271 οἱ
1367 1225 1506 1282 ἄλλοι,
1535 1226 1676 1270 οὖδεν-

268 1291 331 1332 ότι
363 1291 436 1336 καὶ
464 1293 642 1342 ἀνιέντος
689 1295 761 1334 τοῦ
793 1295 942 1345 κακοῦ,
984 1296 1060 1343 ἕως
1089 1291 1260 1343 ἅπαντες
1287 1295 1579 1350 διεφθάρησαν.
1607 1294 1678 1335 καὶ

266 1357 426 1411 πυρετῷ
447 1357 525 1408 μὲν
555 1355 594 1397 οἱ
630 1360 810 1399 πλεῖστοι
840 1356 1086 1410 πιεζόμενοι,
1125 1360 1320 1414 νηφαλέοι
1339 1373 1384 1411 γε
1405 1354 1514 1409 ὅμως
1539 1356 1677 1399 ἀπώλ-

267 1423 400 1462 λυντο.
427 1420 548 1468 ἐνίοις
569 1422 615 1461 δὲ
643 1419 715 1461 καί
740 1420 966 1474 ἀποπληξία
989 1422 1224 1476 ἑνέσκηπτεν
1252 1419 1404 1477 ἰσχυροὶ
1434 1423 1506 1463 καί
1527 1419 1679 1476 ἑτέροις

268 1482 520 1539 καρηβαρία,
548 1484 618 1524 καί
635 1484 931 1539 παραφροσύνη
957 1481 1118 1540 ἑτέροις.
1145 1484 1305 1526 ποικίλα
1329 1487 1406 1538 μὲν
1434 1484 1511 1540 γὰρ
1543 1485 1730 1534 aii-tolgan

269 1547 486 1603 ἐπεφέρετο
511 1548 655 1603 πάθη,
681 1544 837 1591 ἅπαντα
872 1550 918 1590 δὲ
949 1550 1006 1598 εἷς
1040 1544 1207 1604 ὄλεθρον
1230 1548 1476 1605 ἀπεκρίνετο.
1504 1551 1678 1592 Asu-902-

360 1637 390 1659 2.
428 1625 490 1665 τῆς
515 1625 714 1670 συμφορᾶς
743 1625 822 1660 add.
848 1636 891 1659 ex
914 1626 951 1659 R.
977 1631 1014 1659 et
1043 1626 1151 1670 Intpr.
1177 1627 1422 1660 necessitatem
1447 1626 1676 1660 calamitatis.

360 1672 392 1715 4.
418 1670 462 1703 τά
487 1679 524 1702 τε
547 1674 634 1703 θεῖα
668 1669 834 1717 α’φειδιὸς
857 1672 893 1704 Β.
910 1695 920 1711 ,
943 1669 1108 1714 α’φειδιίἱς
1136 1669 1180 1703 τοί
1205 1680 1242 1703 τε
1265 1673 1352 1704 θεῖα
1374 1671 1465 1715 vulg.
1558 1683 1588 1715 9.
1616 1674 1680 1703 καὶ

358 1721 441 1760 post
467 1717 536 1749 νῦν
553 1715 658 1751 deins.
708 1727 751 1749 ex
773 1718 809 1748 R.
887 1728 934 1751 ιο.
960 1715 1124 1761 βλοσυρώ
1138 1717 1174 1748 Β.
1187 1721 1222 1749 et
1235 1727 1319 1751 corr.
1344 1717 1466 1760 Lugd.,
1489 1716 1678 1762 βλοσσυριό

358 1762 450 1806 vulg.
526 1761 574 1804 ¹4·
600 1760 897 1807 διαλικμωμένος
922 1762 958 1792 R.
1106 1762 1160 1797 15.
1187 1761 1468 1805 ὑποφθινύθων
1490 1764 1547 1802 Β.,
1583 1761 1678 1795 v‘no-

359 1805 588 1850 φθιννιῖθων
611 1807 700 1850 vulg.
766 1809 814 1840 18..
833 1805 1048 1851 πιεζόμενοι
1071 1808 1108 1841 R.
1128 1807 1344 1852 Lugd.(C1.)‚
1366 1809 1473 1852 Intpr.
1498 1807 1680 1852 degrava-

359 1859 410 1892 ta,
428 1853 498 1886 Par.
513 1850 728 1896 πεσόμενοι,
748 1852 871 1895 Ed.pr.
886 1851 1118 1895 πιεσόμενοι.
1188 1864 1240 1885 20.
1260 1856 1480 1898 καρηβαρεῖν
1497 1854 1533 1886 R.
1609 1852 1677 1885 αιῖ-

359 1898 453 1942 τῷΡι.
549 1907 602 1930 21.
627 1897 825 1942 ἐπεφέρετο
851 1898 888 1932 R.
908 1897 1016 1943 Lugd.
1039 1896 1131 1942 (CI),
1153 1896 1355 1942 ἑπεφέρητο
1377 1899 1455 1932 edd.

272 1965 391 2004 ducti,
424 1964 517 1997 vitae
544 1963 826 1997 immutationem
848 1964 884 1996 in
897 1974 999 1996 causa
1029 1974 1102 1997 esse
1122 1963 1305 2007 putabant.
1341 1961 1387 1996 At
1417 1964 1530 2007 ipsam
1557 1975 1678 1999 revera

271 2011 443 2054 originem
460 2010 762 2053 necessariamque
787 2020 926 2042 causam
950 2008 1036 2041 mali
1053 2009 1158 2051 plane
1187 2020 1260 2041 non
1288 2009 1553 2053 intelligebant,
1585 2021 1678 2054 quae

269 2057 428 2098 profecto
447 2060 522 2088 erat
541 2056 728 2094 iniustitia,
754 2060 789 2087 et
809 2055 929 2087 divina
950 2054 1082 2098 pariter
1106 2059 1213 2098 atque
1234 2053 1388 2087 humana
1414 2055 1491 2086 iura
1524 2055 1568 2087 ab
1587 2055 1672 2098 ipsis

270 2101 481 2144 proculcata.
530 2102 647 2144 Ipsum
666 2101 787 2144 itaque
806 2100 929 2133 ducem
949 2100 1072 2133 videre
1098 2105 1173 2132 erat
1194 2099 1376 2133 evidenter
1399 2100 1523 2142 poenis
1545 2099 1677 2134 divini—

270 2151 326 2177 tus
356 2146 519 2178 immissis
552 2145 769 2178 obnoxium:
805 2146 944 2178 insania
977 2145 1070 2178 enim
1109 2145 1371 2189 manifestaque
1400 2145 1520 2186 rabie,
1563 2146 1677 2178 instar

271 2202 392 2224 eorum
405 2216 413 2230 ,
429 2192 490 2234 qui
511 2196 629 2224 mente
641 2191 739 2234 capti
769 2191 885 2224 furere
909 2191 1036 2230 solent,
1065 2190 1345 2233 corripiebatur,
1369 2191 1550 2235 multaque
1570 2191 1678 2223 verti-

271 2236 351 2278 gine
367 2236 566 2279 agitabatur
580 2261 589 2276 ,
616 2247 806 2280 gravesque
827 2237 977 2268 eiulatus
1007 2234 1136 2269 edebat
1153 2259 1163 2275 ‚
1193 2235 1298 2268 modo
1325 2246 1480 2278 pronuS,
1503 2235 1608 2270 modo
1637 2236 1676 2270 in

273 2281 479 2313 alterutrum
509 2282 600 2314 latus
631 2283 668 2314 in
706 2282 819 2315 solum
849 2281 1059 2324 procidens,
1099 2281 1315 2324 multamque
1354 2292 1396 2313 ex
1425 2292 1484 2313 ore
1519 2292 1677 2324 spumam

272 2327 386 2367 ciens;
410 2327 503 2360 oculi
523 2327 632 2359 etiam
648 2327 715 2370 ipsi
731 2331 831 2358 erant
853 2327 963 2366 torvi,
986 2325 1272 2370 horrendumque
1303 2326 1341 2358 in
1362 2326 1506 2359 modum
1525 2326 1675 2368 inversi;

269 2383 310 2404 co
335 2372 488 2415 denique
507 2372 664 2404 insaniae
684 2376 828 2406 venerat
851 2373 978 2411 miser,
1003 2377 1042 2404 ut
1060 2383 1104 2404 ne
1124 2382 1143 2403 a
1163 2373 1234 2403 suis
1260 2372 1403 2415 quidem
1422 2371 1588 2404 membris
1608 2370 1674 2404 de—

269 2417 447 2460 gustandis
467 2417 670 2450 abstineret.
718 2417 866 2450 Assidue
887 2417 981 2450 enim
1000 2417 1176 2450 mordicus
1203 2416 1357 2449 brachiis
1385 2418 1456 2449 suis
1475 2416 1673 2456 inhaerens,

269 2467 306 2494 et
328 2473 447 2495 carnes
469 2462 635 2495 dentibus
660 2462 881 2502 convellens,
916 2473 974 2494 eas
995 2463 1104 2495 instar
1123 2463 1219 2494 ferae
1247 2463 1396 2495 alicuius
1418 2462 1554 2495 hestiae
1583 2461 1675 2494 dila-

268 2507 392 2540 niabat
405 2533 414 2548 ,
438 2513 706 2550 promanantem
720 2508 854 2539 saniem
874 2507 1031 2540 lambens
1047 2533 1056 2547 ,
1081 2513 1186 2551 atque
1207 2508 1256 2539 ita
1272 2509 1326 2540 sui
1346 2507 1456 2551 ipsius
1474 2512 1571 2540 satur
1588 2517 1676 2549 pau-

268 2553 438 2597 latimque
458 2552 709 2586 contabescens
734 2552 928 2585 miserrime
947 2553 1062 2596 periit.
1110 2553 1266 2586 Extincti
1288 2564 1369 2586 vero
1387 2556 1469 2585 sunt
1485 2552 1675 2584 universim

270 2599 376 2630 etiam
399 2599 525 2638 ceteri,
550 2597 644 2630 nihil
663 2598 804 2641 penitus
827 2608 867 2630 se
888 2599 1090 2631 remittente
1110 2599 1203 2631 malo
1216 2623 1225 2639 ,
1251 2599 1364 2631 donec
1383 2609 1502 2631 omnes
1525 2598 1671 2629 interie-

270 2648 370 2684 runt3
398 2655 438 2675 ac
463 2644 562 2676 febre
589 2643 733 2688 quidem
758 2644 902 2686 plurimi
925 2644 1058 2687 pressi,
1084 2655 1167 2676 sana
1193 2649 1310 2677 tamen
1336 2647 1454 2675 mente
1474 2642 1671 2685 perierunt;

270 2688 458 2725 nonnullos
481 2693 599 2725 autem
627 2689 825 2734 gravissima
849 2689 1033 2736 apoplexia
1067 2689 1215 2730 afflixit,
1248 2689 1335 2725 alios
1362 2688 1487 2737 capitis
1511 2686 1675 2732 gravedo,
