1832 3152
642 129 1020 171 flls'romAssUM
1057 129 1109 168 v.
1140 128 1206 174 19.
1485 103 1553 159 32
1568 122 1588 157 1

147 238 325 280 σκεσθαι
339 233 438 284 τούς
458 234 835 286 συμπλεκομένους,
865 227 1011 273 ὁπόσοι
1030 229 1261 284 ἐτύγχανον
1285 221 1407 277 ὄντες.
1435 225 1593 282 πρῶτος
1604 234 1691 270 A.C.
1708 236 1779 270 ⁴558

149 303 197 343 δὲ
223 298 473 356 Βελισάριος
499 296 676 348 πολλοὺς
714 298 795 339 τῶν
824 293 1293 352 ἆντιπαραταττομένων
1320 290 1586 349 διαφθείρας,
1596 283 1623 316 Ῐ·
1636 283 1661 316 Ῑ·
1678 285 1720 319 3²

152 365 224 410 καί
249 363 296 407 τὸ
324 366 473 407 οἰκεῖον
500 366 628 419 μέρος
657 362 957 415 ἀπωσάμενος,
986 359 1156 418 φεύγειν
1184 359 1427 416 ἠνάγκασεν.
1451 355 1596 398 ἔπειτα

151 433 200 474 δὲ
226 432 300 473 καί
321 432 403 472 τῶν
432 424 568 471 ἄλλων
597 428 797 471 ἁπάντων
825 428 1084 482 ἐγκειμένων,
1113 427 1369 480 στρέψαντες
1397 421 1449 465 τὰ
1477 423 1588 464 νῶτα
1599 423 1713 462 Ρ.105

130 496 197 542 6οἶ
223 496 441 553 βάρβαροι.
475 490 631 553 ᾤχοντο
673 493 748 545 ξύν
787 494 991 551 ἀκοσμίᾳ,
1028 491 1239 548 σποράδην
1279 487 1668 542 σκεδαννύμενοινη
1688 492 1726 527 15

152 562 226 605 καὶ
251 560 400 619 ἥκιστα
429 560 634 616 ἀλλήλους
663 560 1116 617 ὀπισθοφυλακοῦντες,
1173 558 1264 598 ἀλλ’
1292 556 1348 605 ὥς
1378 550 1430 597 ἂν
1458 551 1600 596 αύτῶν

121 658 131 668 .
152 630 323 678 ἕκαστος
351 621 452 687 ᾤετο
480 626 678 669 ὠκύτατα
706 623 971 683 ἀποδράσειν.
1027 623 1298 677 ἐπισπόμενοι
1338 623 1384 664 δὲ
1425 620 1463 663 οἱ
1495 620 1599 662 Ῥω-

153 701 274 748 μαῖοι
301 696 347 736 έν
375 691 510 746 τάξει,
541 691 640 743 τούς
668 694 714 735 έν
736 691 886 748 χερσῖν
914 686 1178 733 εύκολώτατα
1207 690 1442 745 διεχρῶντο.
1473 686 1600 744 φόνος

154 775 200 802 τε
229 762 411 815 ἐγίγνετο
443 761 528 801 τῶν
554 759 782 815 βαρβάρων
820 755 950 807 πολύς
992 752 1302 812 ἆμεταστρεπτί
1330 751 1601 796 ’ἄπελαυνὸν-

111 843 260 871 ιοτων·
311 827 365 868 τά
391 841 438 868 τε
465 824 543 882 γὰρ
574 824 671 880 ἡνία
698 830 783 873 τοῖς
809 825 951 874 ἵπποις
977 820 1140 865 ἅπαντα
1167 821 1348 875 μεθίετο·
1401 818 1474 862 καί
1499 817 1604 876 πρός

156 907 202 946 γε
231 890 276 932 αἱ
301 891 502 946 μάστιγες
546 891 867 944 κατεπείγουσαι
901 890 1225 945 προανέστελλον
1267 887 1345 929 τοῦ
1373 884 1530 941 τάχους
1557 884 1603 928 τὸ

157 956 387 1010 ἐνδόσιμον-
415 955 669 998 έπελελοίπει
698 957 746 996 δὲ
776 953 930 1003 αὐτούς
958 952 1039 996 ὑπὸ
1069 955 1146 995 τοῦ
1169 954 1288 1003 δέους
1317 954 1389 994 καί
1419 949 1523 993 αὐτὸ
1553 949 1605 1006 δὴ

153 1024 228 1079 ,ἐφ’
254 1018 333 1080 ὅτῳ
371 1024 480 1076 μέγα
523 1023 726 1078 φρονοῦσι
754 1019 801 1062 τὸ
840 1019 1116 1075 ἐπιτήδευμα·
1163 1018 1384 1076 φεύγοντες
1411 1016 1491 1074 γὰρ
1521 1018 1608 1059 οἵδε

159 1087 199 1130 οἱ
236 1089 446 1144 βάρβαροι
483 1089 644 1140 μᾶλλον
687 1082 916 1140 ἀμύνονται
942 1085 1040 1135 τούς
1067 1087 1111 1135 ἐς
1139 1083 1213 1140 τὴν
1254 1083 1394 1135 δίωξιν
1422 1083 1608 1138 ἐγκειμέ-

111 1156 278 1207 ἰόνους,
315 1151 663 1209 μεταστροφάδην
692 1150 1007 1203 ἐπιτοξεύοντες.
1034 1149 1126 1193 τότε
1162 1149 1242 1206 γὰρ
1284 1147 1356 1191 καί
1379 1147 1654 1203 βιαιότερονΒ

159 1216 268 1260 κατὰ
296 1218 454 1260 σκοποῦ
494 1217 708 1274 φερόμενα
745 1215 798 1258 τὰ
840 1216 940 1272 βέλη
976 1217 1262 1271 ἐμπήγνυται,
1300 1213 1422 1271 ἡνίκα
1455 1212 1506 1256 τὰ
1532 1215 1611 1266 μὲν

161 1285 291 1342 πολλῇ
317 1285 369 1340 τῇ
399 1283 513 1341 ῥύμῃ
544 1285 716 1339 φέρεται
747 1281 824 1326 ἰθύ
853 1284 939 1325 τῶν
968 1279 1213 1334 διωκόντων,
1260 1280 1298 1322 οῖ
1339 1282 1385 1322 δὲ
1396 1315 1409 1334 ,
1452 1276 1612 1330 οἷντίξοι

162 1349 450 1401 καταθέοντες,
478 1349 812 1402 ἀντεμπίπτουσι
839 1346 912 1390 καὶ
937 1347 1302 1403 ἆντεπιφέρονται,
1327 1347 1614 1403 σφοδροτέραν

163 1430 207 1458 τε
234 1413 308 1469 τήν
334 1413 493 1470 πληγὴν
521 1418 669 1471 σφίσιν
708 1415 849 1464 αύτοῖς
889 1415 1061 1459 ἐκτελοό
1063 1428 1108 1455 σι
1143 1413 1203 1471 τῷ
1237 1409 1508 1464 ὑπαντιάζειν
1543 1413 1615 1454 καί

112 1481 226 1532 zonis·
260 1482 543 1536 πλησιαίτατα
570 1478 872 1535 ὑποδέχεσθαι.

277 1544 327 1589 κ’.
375 1544 510 1589 Ἀλλὰ
538 1547 632 1589 τότε
661 1563 707 1601 γε
735 1543 900 1588 ἅπαντα
940 1551 1028 1596 τοῖς
1071 1540 1248 1596 Οῧννοις
1277 1541 1475 1598 οἷμὴχανα
1509 1539 1616 1586 εἶναι

168 1610 327 1666 ἐδόκει,
373 1611 447 1654 καί
485 1612 590 1654 οῦδὲ
628 1613 670 1662 ἐς
710 1617 859 1664 πεῖραν
900 1613 1038 1654 ἐλθεῖν
1076 1613 1224 1667 τέχνης
1251 1609 1361 1660 τινὸς
1390 1606 1615 1665 ἠβούλοντο

262 1695 294 1739 4.
319 1692 470 1739 ἑγχειμ.
498 1693 579 1737 sph.
609 1692 683 1726 Par.
777 1693 810 1725 6.
846 1691 970 1725 αὐτῶν
1003 1691 1163 1728 ἕκαστος
1186 1692 1238 1731 Β.,
1263 1689 1389 1724 fixam.
1414 1688 1495 1722 αὐτ.
1519 1688 1615 1732 vulg.

266 1751 318 1774 12.
337 1741 401 1773 καὶ
425 1732 564 1777 αὐτούς
588 1740 630 1775 Β.
718 1739 770 1772 13.
795 1738 1003 1783 φεύγοντες
1029 1736 1068 1771 δὲ
1094 1738 1131 1770 οἱ
1154 1737 1257 1783 βιέρβ.
1283 1738 1321 1770 Β.
1422 1737 1472 1770 16.
1496 1734 1616 1781 φερό-

260 1795 360 1834 μενα
385 1787 453 1819 om}
470 1787 508 1818 R.
609 1796 660 1830 ¹7·
687 1784 863 1832 ἐφέρεται
888 1786 925 1818 R.
1046 1783 1215 1823 τῖντίξοοι
1246 1785 1284 1821 R.

171 1854 360 1895 obstabat,
397 1853 591 1900 quominus
604 1853 649 1887 de
667 1864 819 1886 numero
835 1864 971 1894 eorum,
991 1851 1053 1898 qui
1072 1854 1112 1886 in
1131 1852 1302 1886 conflictu
1326 1857 1439 1894 erant,
1458 1851 1620 1886 iudicare

171 1899 332 1947 possent.
393 1901 530 1934 Primus
560 1905 679 1933 autem
702 1900 908 1940 Belisarius,
934 1900 1058 1933 multis
1083 1911 1127 1933 ex
1154 1899 1301 1932 adversa
1332 1900 1410 1932 acie
1439 1899 1549 1932 caesis
1579 1909 1645 1931 ac.

173 1948 372 1994 profligatis
388 1972 398 1988 ‚
427 1948 466 1980 in
490 1947 611 1992 sugam
638 1958 699 1979 eos
714 1947 911 1991 compulit;
936 1946 1072 1980 deinde
1089 1957 1172 1979 vero
1203 1947 1284 1979 aliis
1306 1947 1414 1979 etiam
1444 1945 1621 1979 universis

175 1994 448 2041 impressionem
467 1992 706 2035 facientibus,
728 1992 874 2027 barbari
906 1997 1007 2038 terga
1031 1998 1214 2026 vertentes
1242 1993 1484 2037 incomposite
1517 1992 1622 2036 fuge-

177 2047 264 2080 runt
290 2042 440 2086 sparsim
476 2040 661 2085 dissipati,
696 2040 807 2073 nullis
829 2039 902 2073 sibi
931 2045 1058 2073 mutuo
1074 2051 1095 2072 a
1123 2044 1223 2085 tergo
1244 2039 1418 2073 custodiis
1443 2044 1621 2078 caventes,

178 2086 244 2122 sed
267 2099 340 2134 quo
371 2087 501 2133 cuique
532 2088 648 2121 visum
682 2091 779 2127 erat,
803 2088 1017 2120 effusissimo
1046 2098 1150 2119 cursu
1180 2086 1416 2131 aufugientes.
1473 2085 1623 2119 Romani

175 2145 261 2178 vero
287 2135 365 2169 acie
387 2134 562 2168 instructa
585 2145 646 2168 eos
670 2134 910 2175 insectantes,
948 2139 1126 2167 extremos
1155 2144 1320 2179 quosque
1345 2133 1518 2166 facillime
1545 2138 1624 2165 tru-

178 2179 322 2224 cidant3
354 2191 556 2226 magnaque
592 2180 828 2215 barbarorum
859 2180 985 2214 caedes
1020 2186 1076 2214 est
1108 2179 1232 2220 edita,
1275 2180 1365 2213 citra
1395 2180 1509 2213 ullam
1543 2190 1623 2212 cum

179 2227 284 2273 equis
318 2228 618 2262 retroversionem
663 2226 896 2272 fugientibus.
962 2227 1053 2261 Nam
1089 2231 1127 2260 et
1167 2226 1329 2260 habenas
1365 2237 1486 2260 omnes
1520 2225 1623 2272 equis

178 2274 366 2314 laxatam,
401 2278 440 2307 et
460 2279 646 2319 praeterea
670 2274 809 2318 flagella
832 2274 976 2309 assidue
1003 2273 1169 2320 urgentia
1194 2272 1467 2318 praeripiebant
1493 2272 1627 2306 celeri-

179 2321 266 2357 tatis
287 2320 544 2364 remissionem.
593 2320 787 2354 Defecerat
805 2327 925 2355 autem
943 2324 1039 2367 ipsos
1058 2331 1144 2366 prae
1170 2331 1304 2366 pavore
1325 2321 1433 2353 etiam
1462 2331 1516 2353 ars
1538 2320 1627 2364 ipsa,

182 2379 254 2413 qua
286 2377 504 2412 magnopere
541 2366 688 2412 gloriari
726 2367 853 2401 solent.
911 2369 1105 2414 Fugientes
1146 2369 1244 2401 enim
1280 2366 1320 2400 hi
1343 2367 1488 2401 barbari
1515 2366 1626 2410 magis

180 2413 400 2459 propulsant
429 2424 512 2453 eos,
543 2415 608 2460 qui
638 2425 715 2447 sese
740 2415 870 2448 acriter
893 2417 1126 2456 insectantur,
1151 2415 1380 2448 retroversim
1405 2416 1628 2458 sagittantes.

184 2461 291 2504 'Iunc
315 2461 413 2493 enim
437 2460 548 2504 etiarn
570 2461 766 2495 violentius
792 2463 943 2507 sagittae
971 2473 1093 2506 scopo,
1119 2472 1228 2506 quem
1253 2466 1394 2506 petunt,
1417 2461 1627 2504 infiguntur,

186 2505 331 2552 quando
357 2506 442 2540 illae
467 2506 615 2552 quidem
639 2518 766 2552 magno
794 2509 932 2554 impetu
964 2514 1062 2543 recta
1086 2508 1252 2542 feruntur
1288 2508 1327 2539 in
1357 2511 1627 2551 persequentes,

186 2558 225 2594 et
245 2552 287 2587 hi
313 2563 358 2586 ex
381 2552 529 2587 adverso
555 2559 781 2587 occurrentes
795 2554 834 2588 in
857 2557 1001 2602 sagittas
1026 2559 1207 2601 proruunt
1231 2558 1427 2598 contraque
1451 2553 1628 2591 seruntur,

188 2600 459 2645 gravioremque
500 2599 572 2633 sibi
603 2599 692 2645 ipsis
733 2601 872 2647 plagam
906 2602 1064 2637 efficiunt
1098 2600 1318 2636 occurrendo
1360 2606 1397 2634 et
1428 2600 1573 2645 sagittas
1609 2609 1630 2637 e

188 2646 354 2690 proximo
379 2645 606 2692 excipiendo.
662 2680 666 2686 ,

284 2703 352 2727 πο..
388 2695 436 2727 At
460 2698 539 2726 tum
564 2693 738 2738 temporis
769 2695 889 2728 omnia
911 2693 1055 2728 Hunnis
1080 2693 1269 2739 desperata
1300 2703 1377 2727 esse
1399 2690 1629 2732 videbantur,

191 2747 312 2784 neque
336 2738 410 2773 illis
435 2744 548 2782 artem
565 2739 676 2774 ullam
691 2739 929 2786 propulsandi
943 2739 1066 2784 hostes
1081 2746 1256 2775 attentare
1279 2739 1319 2773 in
1337 2745 1494 2773 mentem
1505 2739 1629 2774 venie-

278 2800 466 2847 Agathias.
1321 2813 1340 2835 2
1350 2814 1359 2835 ι
