1794 3112
637 150 1016 196 msronmnnm
1031 155 1104 195 111.
1132 155 1171 198 7.
1519 149 1540 184 1
1553 128 1583 186 5
1598 149 1618 185 1

185 255 280 311 δός,
326 255 515 312 ἐχώρουν
548 256 622 297 ἐπὶ
649 253 728 310 τὴν
762 250 1025 311 Ὀνόγουριν.
1070 255 1372 312 πορευομένοις
1412 253 1461 294 δὲ
1495 245 1692 299 αὖτοῖςΑ.
1715 258 1794 294 e.5!

179 322 494 376 ἔκμελέστερον,
537 322 610 362 καί
652 315 843 362 οὖδενότι
882 322 1082 374 πολέμιον
1139 319 1478 373 διανοουμένοις,
1516 306 1707 366 Saul-LI·
1725 307 1772 344 2⁸

181 401 357 430 πτουσιν
374 381 534 442 ἀθρόον
554 383 592 427 οἱ
614 381 731 442 ἆμφί
747 383 821 427 τὸν
839 385 1120 441 Δαβράγεζαν
1146 387 1219 428 καί
1253 381 1532 440 Οὖσίγαρὸον,
1561 380 1637 428 καὶ

179 452 240 510 τῷ
262 451 460 508 αἰφνιδίῳ
483 467 529 506 γε
554 448 713 501 αὐτούς
740 449 1099 506 καταπλήξαντες,
1130 446 1263 499 εὗθὺς
1287 451 1332 499 ἐς
1358 446 1498 506 φυγὴν
1519 446 1637 503 ἔτρε-

161 516 288 572 ὄψαν.
316 515 468 559 τούτου
485 519 532 560 δὲ
547 517 856 572 ἀπηγγελμένον
878 523 967 566 τοῖς
991 518 1263 573 πολιορκοῦσι
1283 512 1530 569 ζΡωμαίοις,
1557 512 1638 555 αὖ-

177 582 272 625 τίκα
300 584 343 625 οἵ
358 599 405 639 γε
425 581 776 640 θαρῥαλεώτερον
797 581 1108 640 ἐπιφερόμενοι,
1136 580 1190 624 τά
1204 597 1249 624 τε
1270 580 1636 637 παραπετάσματα

180 649 320 692 ἐκεῖνα
343 651 587 703 καθεῖλκον,
616 647 690 690 καί
710 647 785 699 ξὺν
805 644 986 707 ἀκοσμίᾳ
1014 649 1231 702 πολλαχοῦ
1256 647 1331 689 τοῦ
1354 645 1521 700 τείχους
1549 646 1635 686 διε-

185 712 460 757 σκεδάννυντο
473 749 485 768 ,
526 713 582 764 ὥς
604 714 760 772 ῥαδίως
782 711 975 755 τολοιπὸν
1015 711 1067 755 τὰ
1088 714 1188 770 τῇδε
1214 709 1375 754 ἅπαντα
1403 707 1635 766 διαρπασό-

180 794 312 834 μενοι,
342 776 418 822 ἅτε
443 778 494 835 δὴ
511 781 596 822 τῶν
621 779 782 832 ἔξωθεν
803 781 1022 833 δυσμενῶν
1049 777 1344 836 πεφευγότων,
1375 778 1447 818 καί
1466 770 1636 824 οὐδενὸς

133 842 247 890 ιοὲτι
271 843 574 900 ἐνοχλήσοντος.
604 841 696 887 ἄλλ’
723 846 871 888 ἐκεῖνοι
898 844 1076 899 τάχιστα
1104 840 1445 897 καταμαθόντες,
1474 838 1532 890 ὥς
1551 839 1630 893 οὐχ

179 906 293 960 ἅπας
311 906 457 960 αὐτοῖς
484 910 507 952 ὅ
524 912 607 953 τῶν
624 909 854 963 ζ,Ρωμαίων
874 912 1055 965 ἐπῆλθεν
1085 907 1284 966 στρατὸς,
1313 903 1419 966 ᾗπερ
1445 905 1521 963 τὴν
1547 901 1668 962 ‹iq-1)

175 973 260 1030 χὴν
280 972 476 1032 ᾠήθησαν
491 1010 505 1030 ,
535 972 662 1030 ὀλίγοι
687 977 733 1018 δὲ
763 975 933 1032 σφόδρα
958 975 1031 1018 καί
1054 971 1145 1017 ὅσοι
1179 973 1434 1017 κατάσκοποι
1472 973 1636 1026 μᾶλλον

175 1035 207 1094 ἦ
231 1041 482 1093 πολεμισταὶ
500 1037 713 1097 ἅξιόχρεοι
735 1043 999 1095 νομισθῆναι,
1030 1043 1360 1097 ἐπιστρέφουσιν
1387 1037 1638 1090 ἐξαπιναίως

178 1107 246 1148 ἐπ’
273 1105 742 1159 αὖτούς,ἆλαλάζοντες.
774 1105 811 1148 οἱ
840 1107 888 1148 δὲ
917 1105 995 1162 τήν
1014 1104 1256 1161 μεταβολὴν
1290 1101 1363 1147 οὐκ
1386 1101 1631 1159 ἐνεγκόντες,

129 1172 222 1221 ι’5ές
249 1171 449 1224 παλίωξιν
475 1172 769 1229 μετεχώρουν,
809 1171 882 1214 καί
917 1175 1050 1230 πολλῇ
1083 1170 1260 1229 ἔφευγον
1305 1168 1382 1221 ξύν
1418 1170 1635 1224 ταχυτῆτι.

177 1238 342 1280 εἵποντο
380 1240 427 1280 δὲ
461 1235 604 1287 αὐτοῖς
629 1238 690 1288 ὥς
720 1237 1002 1294 πλησιαίτατα
1035 1237 1109 1280 καί
1128 1236 1167 1280 οἷ
1196 1239 1370 1294 Πέρσαι
1405 1234 1636 1288 διώκοντες,

179 1299 287 1345 ὥστε
320 1299 468 1356 ἀμέλει
499 1306 814 1359 ξυνενεχθῆναι,
842 1305 927 1346 τῶν
959 1306 1039 1358 μὲν
1069 1301 1190 1358 ἑλεῖν,
1213 1305 1297 1346 ταῖν
1329 1303 1376 1345 δὲ
1403 1298 1635 1356 ἀποδιδρά-

179 1383 296 1411 σκειν
322 1369 615 1423 ἐπειγομένων,
647 1365 791 1426 ἄμφω,
814 1368 914 1419 τούς
939 1385 986 1411 τε
1010 1370 1246 1426 φεύγοντας
1271 1365 1362 1422 ἅμα
1382 1366 1454 1409 καί
1467 1364 1566 1415 τούς
1591 1367 1636 1414 ἐς

179 1431 257 1489 την
278 1433 418 1484 δίωξιν
444 1437 734 1489 ἐγκειμένους,
773 1433 890 1490 παρὰ
915 1433 967 1477 τοὶ
996 1430 1106 1478 ἄλλα
1140 1437 1226 1478 ταῖν
1246 1432 1480 1487 “Ρωμαι’ων
1505 1447 1635 1487 στρα-

129 1498 371 1553 αοτεύματα
402 1501 584 1556 μιγάδην
622 1501 801 1542 ἱκέσθαι.
841 1500 1032 1557 θορύβου
1066 1502 1112 1544 δὲ
1145 1502 1299 1542 πολλοῦ
1310 1534 1323 1553 ,
1358 1498 1416 1550 ὥς
1442 1497 1488 1542 τὸ
1514 1495 1633 1550 εἰκὸς,

178 1560 438 1618 ἀναστάντος,
463 1563 575 1607 ἅπαν
591 1564 641 1622 δὴ
663 1564 708 1608 τὸ
736 1567 908 1621 πλῆθος,
939 1565 1319 1623 περιφρονηοαντες
1354 1563 1430 1621 την
1453 1567 1622 1619 πολιορ-
1634 1567 1732 1607 Ρ.80

176 1630 273 1673 κίαν
318 1630 391 1673 καί
420 1630 496 1687 τὴν
529 1628 627 1674 ὅσον
657 1627 776 1674 οὔπω
806 1634 1080 1675 ἐλπισθεῖσαν
1106 1630 1283 1674 ἔσεσθαι
1310 1631 1522 1686 πόρθησιν
1555 1629 1633 1671 τοῦ

176 1696 410 1754 φρουρίου,
439 1696 512 1739 καί
535 1696 586 1752 δὴ
624 1697 700 1746 ξὺν
725 1703 811 1748 τοῖς
834 1704 1086 1754 στρατηγοῖς
1112 1697 1303 1746 ἀπιόντες
1332 1691 1504 1754 ᾤχοντο,
1534 1688 1631 1736 οὔτε

267 1787 298 1810 2-
335 1774 565 1811 ἐπίπτουσιν
592 1780 630 1810 et
685 1776 717 1812 8.
742 1774 1050 1822 διαπαρσόμενοι
1087 1775 1171 1822 Sph.
1210 1777 1284 1811 Par.
1479 1774 1529 1808 15.
1564 1775 1630 1808 Pro

268 1822 459 1861 παλίωξιν
491 1825 621 1856 lacuna
646 1824 686 1856 in
714 1823 766 1863 R„
802 1834 908 1868 quam
948 1835 978 1856 2.
1004 1834 1049 1857 m.
1078 1824 1116 1858 in
1139 1835 1206 1868 mg.
1232 1833 1419 1868 perperam
1448 1822 1628 1866 explevit:

270 1867 310 1905 ἐς
353 1866 589 1915 Ὀνόγουριν.
683 1869 904 1916 ἐπεχώρουν
928 1871 965 1902 R.
1065 1873 1116 1904 18.
1147 1869 1237 1907 τούς
1264 1879 1302 1902 τε
1327 1868 1438 1914 φεύγ.
1464 1867 1543 1914 ἅμα
1568 1868 1631 1909 R.‚·

271 1914 351 1961 ἅμα
374 1915 463 1953 τούς
488 1926 527 1950 τε
551 1915 663 1962 φεύγ.
686 1916 782 1962 vulg.
890 1929 946 1951 22.
974 1914 1068 1951 ὅσον
1079 1919 1134 1959 R„
1158 1915 1233 1962 ὅσῳ
1257 1916 1352 1962 vulg.

178 1990 252 2023 tius
281 1987 535 2035 incautiusque
569 1990 811 2035 procedentes
855 1989 1029 2036 nihilque
1077 1989 1214 2023 hostile
1250 1995 1437 2031 verentes,
1479 1994 1631 2035 repente

179 2035 402 2081 Dabragezas
435 2042 473 2070 ct
497 2037 692 2081 Usigardus
729 2049 809 2070 cum
838 2039 912 2070 suis
940 2038 1053 2082 copiis
1079 2037 1246 2079 irruu‘nt3
1282 2043 1319 2070 et
1350 2038 1540 2081 repentina
1564 2038 1631 2071 illa

181 2083 417 2128 impressione
446 2084 628 2128 perculsos
658 2085 781 2118 statim
804 2084 844 2117 in
870 2084 989 2128 fugam
1018 2089 1176 2117 vertunt.
1227 2083 1337 2127 Quod
1368 2084 1434 2116 ubi
1461 2084 1629 2118 Romanis

182 2128 436 2162 obsidentibus
467 2135 522 2163 est
547 2131 778 2171 nuntiatum,
820 2131 1011 2164 confestim
1044 2131 1222 2164 ferociore
1253 2131 1294 2163 in
1319 2131 1630 2175 propugnaculum

181 2175 320 2220 impetu
346 2176 460 2216 facto,
485 2177 565 2209 vela
586 2177 660 2218 illa,
685 2177 817 2223 quibus
833 2189 956 2210 murus
986 2176 1163 2210 obductus
1187 2181 1283 2217 erat,
1309 2177 1569 2218 detraxerunt,
1595 2183 1631 2212 et

183 2222 274 2255 citra
292 2221 406 2254 ullum
426 2222 591 2256 ordinem
610 2224 856 2268 compluribus
874 2225 913 2256 in
933 2225 1022 2257 locis
1042 2235 1108 2268 per
1126 2235 1246 2257 muros
1269 2223 1391 2256 diffusi
1406 2230 1522 2265 erant,
1552 2230 1634 2258 tan-

182 2279 291 2314 quam
313 2268 418 2302 facile
446 2269 616 2315 deinceps
641 2272 761 2304 omnia
780 2271 981 2315 direpturi,
1009 2276 1137 2315 utpote
1151 2270 1318 2303 hostibus
1343 2271 1406 2316 qui
1426 2271 1514 2304 foris
1530 2277 1630 2305 crant

182 2314 334 2359 fugatis,
360 2320 397 2348 et
424 2317 568 2349 nemine
589 2317 685 2361 ipsos
713 2318 807 2351 ultra
823 2317 1049 2351 infestatum.
1107 2319 1154 2351 At
1185 2318 1240 2350 illi
1271 2329 1350 2350 cum
1371 2318 1544 2351 citissime
1567 2330 1628 2351 co-

183 2363 402 2405 gnovissent,
428 2374 502 2395 non
534 2364 742 2397 universum
763 2365 1006 2397 Romanorum
1029 2364 1228 2396 exercitum
1258 2365 1298 2397 in
1329 2364 1427 2409 ipsos
1453 2366 1627 2409 impetum

182 2408 331 2448 secisse,
356 2407 420 2440 sed
437 2419 566 2453 paucos
587 2409 790 2452 admodum,
818 2411 955 2455 quique
985 2411 1227 2455 speculatores
1254 2412 1389 2455 potius,
1410 2423 1517 2458 quam
1542 2411 1629 2445 iusti

182 2453 378 2487 bellatores
411 2456 547 2488 censeri
568 2462 736 2500 possent,
765 2457 887 2490 subito
914 2458 1052 2502 ingenti
1079 2458 1233 2490 elamore
1263 2458 1363 2491 edito
1385 2459 1434 2490 in>
1455 2469 1515 2491 eos
1540 2469 1628 2490 cou-

181 2506 388 2542 vertuntur3
421 2502 578 2546 quicum
615 2503 713 2536 illam
748 2504 990 2537 inversionem
1040 2505 1134 2537 ferre
1174 2516 1248 2537 non
1283 2510 1450 2548 possent,
1496 2504 1627 2548 fugatis

182 2553 282 2591 terga
298 2552 499 2588 vertentes,
525 2550 839 2583 concitatissimum
859 2550 1006 2594 ipsimet
1026 2551 1145 2595 sugam
1173 2552 1424 2595 arripucrunt:
1451 2551 1628 2594 urgebant

179 2603 265 2627 vero
287 2606 348 2628 eos
371 2594 495 2628 Persae
515 2605 620 2638 quam
635 2597 799 2640 proxime
820 2597 1038 2631 insectantes
1052 2621 1061 2637 ‚
1087 2596 1177 2630 adeo
1205 2602 1247 2630 ut
1264 2598 1339 2630 sere
1362 2596 1545 2637 acciderit,
1573 2603 1627 2637 ut,

181 2639 268 2673 dum
286 2639 325 2674 hi
340 2650 481 2684 capere,
495 2639 534 2673 hi
556 2643 710 2686 effugere
729 2644 908 2684 nituntur,
922 2645 1069 2689 utrique
1088 2644 1196 2676 simul
1211 2649 1283 2676 tam
1304 2644 1330 2676 ii
1345 2644 1408 2689 qui
1428 2643 1626 2688 fugiebant,

182 2697 288 2731 quam
308 2687 371 2733 qui
399 2685 574 2731 fugabant
594 2689 775 2735 tergisque
796 2689 1046 2730 imminebant,
1064 2691 1110 2723 ad
1134 2690 1289 2735 reliquas
1309 2691 1547 2723 Romanorum
1566 2702 1627 2723 eo-

182 2733 262 2776 pias
276 2734 418 2775 mistim
440 2734 684 2779 pervenerint.
721 2735 897 2772 Tumultu
922 2747 1005 2773 vero
1024 2737 1176 2782 ingenti,
1204 2737 1259 2771 uti
1278 2746 1342 2782 par
1368 2742 1434 2779 est,
1460 2738 1626 2777 excitato,
