1832 3152
287 141 395 207 234
858 155 1130 199 Aenum

111 256 417 309 Α.Ο.556ιιατός
437 271 480 297 τε
501 255 628 310 μετῆν
649 257 720 296 καί
739 249 984 310 παρῥησίας,
1008 256 1064 306 ὥς
1087 255 1158 298 καὶ
1171 256 1449 312 στρατεύματι
1470 255 1691 313 Ῥωμαϊκῷ

155 315 625 377 Ι·Ῑ·3θθαρραλεώτερον
651 319 947 372 ἐγκελεύεσθαι.
976 315 1093 369 οὗτος
1113 320 1160 375 ὃν)
1187 316 1261 363 οὖν
1281 320 1303 362 ὅ
1329 318 1512 376 στρατὸς,
1540 322 1692 374 θέρους

282 382 363 439 ἤδη
391 385 719 437 ἐπιγιγνομένου,
746 385 789 431 ἐς
815 381 888 437 τὴν
919 385 1001 425 τῶν
1040 384 1241 436 ’.Αψιλίων
1262 387 1392 426 ἵκοντο
1410 384 1565 439 χώραν.
1592 386 1694 437 βου-

284 450 471 502 λομένοις
496 464 539 488 τε
562 445 703 496 αὐτοῖς
726 446 805 489 οἷνὰ
823 446 872 488 τὰ
894 447 1030 503 πρόσω
1056 450 1185 500 ἰέναι,
1221 446 1388 502 κώλυμα
1410 451 1568 502 γέγονεν
1598 443 1693 499 ὅμι-

283 518 354 562 λος
379 511 612 568 Περσικὸς,
650 512 778 552 αὐτοῦ
802 526 881 552 που
913 513 1219 565 ξυνειλεγμένος.
1262 510 1576 564 συναισθόμενοι
1609 509 1715 566 γᾲρό

284 578 354 632 τῆς
373 579 454 619 τῶν
485 575 701 629 Ῥωμαίων
724 577 1006 631 παρασκευῆς,
1035 577 1105 616 καί
1128 572 1192 617 ὅτι
1212 577 1282 616 ἐπὶ
1297 574 1392 624 τούς
1409 573 1694 627 Μισιμιανούς

241 639 492 696 Βὲχώρουν,
535 635 709 695 ἄραντες
740 638 784 680 ἔκ
814 655 858 680 τε
894 639 1070 694 Ἰβηρίας
1093 640 1164 680 καί
1185 639 1267 680 τῶν
1287 637 1399 694 ἀμφὶ
1414 638 1695 694 Μουχείρισιν

281 706 566 758 πολισμάτων,
603 699 728 760 ᾔεσαν
760 706 830 745 καί
847 705 889 745 οἳ
908 705 971 745 ἐπ’
995 703 1194 756 ἐκείνους,
1221 700 1635 758 προκαταληψόμενοι’
1649 718 1694 743 τε

282 767 358 823 τὴν
375 768 544 823 χώραν,
572 770 643 809 καί
663 770 706 816 ἐς
729 766 901 820 δύναμιν
923 767 1198 822 ἐπαρὴξοντες.
1239 768 1296 823 τῷ
1318 782 1382 808 τοι
1402 761 1485 822 ἄρα
1518 764 1555 807 οἱ
1582 766 1695 809 ‘Peo-

283 839 400 886 μαῖόι
423 830 500 874 ἇνὰ
523 831 574 874 τοὶ
600 831 782 889 φρούρια
802 834 885 874 τῶν
910 833 1114 885 Ἀψιλίων
1138 832 1499 885 ἄποδιατριβοντες
1513 864 1525 884 ,
1560 845 1747 885 παρα-10

283 900 508 953 κρούεσθαι
541 895 588 937 τὸ
626 895 759 952 παρὸν
793 895 864 937 καὶ
899 897 1133 949 διαμέλλειν
1166 896 1408 950 ἐπειρῶντο,
1451 896 1527 944 ἕως
1557 891 1582 948 ἧ
1619 895 1695 935 τοῦ

282 964 436 1016 θέρους
470 958 561 1016 ὥρα
595 960 744 1015 ἐξήκοι.
810 963 999 1017 Πέρσαις
1026 976 1070 1001 τε
1094 959 1171 1014 γὰρ
1205 957 1291 1012 ἅμα
1309 958 1380 1000 καὶ
1416 952 1695 1011 Μισιμιανοῖς

283 1025 600 1067 ἀντιτάττεσθαι
646 1023 843 1080 α’νόνητόν
872 1042 910 1067 τι
947 1022 1088 1074 αύτοῖς
1113 1022 1244 1065 ἐδόκει
1271 1022 1343 1064 καί
1364 1021 1696 1079 σφαλερώτατον.

283 1087 394 1132 οὕτω
433 1089 484 1145 δὴ
523 1086 599 1132 οὖν
631 1088 851 1146 ἀμφότερα
882 1087 932 1131 τά
963 1089 1254 1144 στρατεύματα
1285 1084 1450 1141 ἠρέμει,
1498 1085 1571 1127 καί
1599 1082 1696 1127 οὐδὲ

280 1154 467 1211 ὁπότεροι
496 1155 539 1204 ἐς
567 1153 612 1196 τὸ
646 1156 873 1210 περαιτέρω
911 1156 1056 1210 ‹pon-{iv
1100 1152 1377 1203 διανίσταντο,
1424 1147 1513 1192 ἄλλ’
1552 1148 1748 1203 &nevi-15

282 1237 383 1276 ρουν
401 1218 600 1274 ἀλλήλους
618 1221 690 1260 καί
709 1219 914 1271 ἀνέμενον,
944 1218 985 1259 εἴ
1005 1220 1051 1272 γε’
1076 1234 1138 1266 τις
1156 1216 1351 1272 πρότερος
1377 1213 1593 1270 ὃρμηθειή.
1618 1230 1699 1254 πα-

281 1287 411 1340 ρῆσαν
439 1285 486 1325 δὲ
526 1289 610 1332 τοῖς
630 1284 820 1339 Πέρσαις
867 1285 938 1324 καί
960 1278 1109 1324 Οὖννοι
1136 1281 1332 1334 Σάβειροι
1361 1281 1432 1321 ἐπί
1458 1278 1699 1334 μισθοφορᾷ

164 1364 198 1397 Ρ,
213 1365 281 1402 122
291 1349 680 1404 προσβοηθὴσοντες.
741 1349 861 1388 τοῦτο
895 1346 972 1401 γὰρ
1002 1344 1048 1386 τὸ
1081 1346 1192 1399 γένος
1217 1342 1408 1397 μέγιστόν
1439 1343 1484 1384 τέ
1511 1343 1602 1384 ἐστι
1629 1341 1702 1382 καὶ

290 1414 641 1466 πολυάνθρωπον,
670 1410 938 1467 φιλοπόλεμόν
957 1426 1000 1452 τε
1024 1411 1067 1460 ἐς
1094 1407 1145 1450 τὰ
1172 1406 1355 1461 μάλιστα
1383 1408 1456 1448 καί
1482 1405 1699 1462 ἁρπαλέον,

184 1485 224 1518 V.
235 1476 361 1522 86καί
382 1473 466 1518 οἷον
498 1474 547 1530 δὴ
580 1471 655 1516 οὖν
678 1471 747 1516 det*
777 1477 860 1516 τῶν
884 1472 1055 1516 ὀθνείων
1085 1472 1290 1529 ἐφίεσθαι·
1327 1473 1485 1526 μισθοῦ
1511 1486 1556 1512 τε
1581 1471 1751 1513 &venam

278 1539 409 1594 μόνου
439 1540 510 1581 καί
533 1541 606 1593 τῆς
632 1540 702 1580 ἐπὶ
727 1541 776 1595 τῇ
802 1538 888 1596 λείᾳ
917 1539 1078 1587 ἐλπίδος
1114 1538 1186 1578 νῦν
1210 1539 1288 1589 μὲν
1315 1537 1492 1588 τούτοις,
1539 1536 1616 1577 νῦν
1651 1535 1700 1575 δὲ

283 1603 476 1657 ἐκείνοις,
512 1605 586 1646 νῦν
611 1605 656 1646 δὲ
679 1599 789 1660 ἄλλῳ
815 1619 871 1660 τῳ
895 1607 1127 1656 ξυμμαχεῖν
1148 1601 1218 1643 καί
1241 1599 1633 1652 ξυνδιακινὸυνεύειν
1655 1599 1699 1647 ἐς

372 1693 404 1716 2.
427 1680 698 1715 ἐκκαλεύεσθαι
721 1680 803 1726 (sic)
826 1681 863 1713 1³..
962 1682 994 1714 8.
1019 1680 1143 1714 ἐκεῖνα
1164 1681 1201 1712 R.
1305 1691 1339 1724 9.
1361 1675 1490 1711 ταύτοι
1512 1678 1551 1710 R.
1646 1685 1697 1708 12.

371 1737 411 1761 τε
435 1739 501 1760 om.
525 1729 563 1760 R.
637 1726 686 1770 14.
714 1725 967 1771 στρατεύματα
998 1727 1034 1758 R.
1061 1731 1096 1758 et
1122 1727 1229 1770 Intpr.
1255 1724 1444 1764 exercitus,
1469 1719 1699 1767 amaldruda

370 1773 462 1817 vulg.
526 1784 574 1816 ¹7·
598 1775 859 1816 μισθοφοροῖς
882 1774 918 1804 R.
972 1774 1020 1806 18.
1045 1773 1085 1804 τέ
1105 1773 1149 1815 γέ
1169 1776 1242 1806 εστ.
1268 1773 1305 1803 R.
1374 1781 1427 1804 20.
1446 1770 1520 1802 τῶν
1540 1767 1701 1801 ὀθνείων

370 1820 444 1852 Par.
459 1843 469 1858 ,
493 1830 560 1860 την
586 1819 742 1852 ὀθνείαν
759 1819 794 1850 R.
821 1818 930 1862 Lugd.
959 1823 996 1850 et
1016 1817 1069 1850 ed.
1087 1827 1139 1861 pr.
1251 1828 1304 1851 22.
1329 1819 1542 1861 συμμαχεῖν
1561 1813 1654 1858 vulg.

282 1907 351 1942 Hic
372 1907 494 1952 itaque
519 1907 692 1939 exercitus
716 1910 849 1939 aestate
875 1905 944 1938 iam
966 1906 1106 1950 vigente
1131 1905 1168 1937 in
1189 1905 1406 1948 Apsiliorum
1431 1904 1613 1950 regionem
1635 1913 1699 1937 ve-

282 1958 404 1995 nerat,
428 1953 703 1997 volentibusque
728 1953 815 1996 ipsis
847 1951 996 1984 ulterius
1022 1950 1208 1996 progredi,
1242 1951 1497 1994 impedimento
1524 1950 1595 1982 suit
1617 1949 1701 1981 Per·-

285 2000 396 2032 sicum
428 2009 551 2043 agmen
581 1998 706 2031 eodem
736 1997 808 2030 loci
831 1997 1026 2030 collectum.
1075 1996 1224 2040 Cognito
1259 1997 1355 2028 enim
1379 1997 1612 2028 Romanorum
1634 2004 1699 2037 ap-

282 2049 431 2088 paratu,
479 2044 647 2097 quodque
682 2045 720 2076 in
751 2043 971 2076 Misimianos
1008 2046 1211 2081 moverant,
1235 2033 1341 2074 motis}
1365 2051 1410 2073 ex
1431 2041 1550 2073 Iberia
1572 2044 1610 2073 et
1642 2050 1704 2072 ca·

285 2091 417 2130 stellis,
453 2102 543 2135 quae
568 2100 660 2124 clrca
694 2088 963 2122 Muchirisidem
994 2092 1094 2127 sunt,
1126 2087 1270 2126 castris,
1303 2087 1445 2119 iverunt
1467 2086 1574 2119 etiam
1597 2085 1637 2119 hi
1659 2085 1700 2118 in

283 2137 379 2176 illos,
402 2134 692 2180 praeoccupaturi
715 2135 906 2178 regionem,
932 2139 968 2167 et
990 2144 1054 2178 pro
1077 2132 1214 2165 viribus
1237 2131 1397 2164 subsidio
1424 2132 1551 2167 futuri.
1597 2131 1699 2176 Quo-

285 2182 377 2214 circa
406 2183 552 2215 Romani
577 2182 668 2214 circa
686 2181 906 2225 Apsiliorum
925 2179 1072 2212 castella
1090 2183 1359 2217 commorantes,
1386 2177 1592 2221 protrahere
1609 2187 1699 2210 cun-

283 2226 412 2260 ctando
443 2238 516 2260 rem
549 2227 756 2266 tentabant,
790 2226 903 2258 donec
935 2224 1057 2258 messis
1105 2228 1245 2268 tempus
1285 2227 1377 2256 esset
1410 2223 1697 2267 praeterlapsum.

283 2273 396 2306 Persis
417 2273 512 2305 enim
543 2273 647 2305 simul
672 2278 708 2305 et
733 2271 945 2304 Misimianis
975 2271 1146 2303 instructa
1171 2270 1247 2302 acie
1272 2269 1412 2302 obviam
1435 2269 1488 2301 ire
1512 2268 1701 2301 inconsul-

284 2323 373 2359 tum,
398 2317 503 2351 immo
528 2317 865 2361 periculosissimum
888 2315 1108 2351 iudicabant.
1158 2315 1216 2348 Sic
1241 2315 1292 2347 ita
1320 2326 1364 2348 ue
1388 2319 1538 2359 uterque
1562 2313 1698 2347 exerci-

284 2368 343 2403 tus
369 2364 585 2408 conquievit,
609 2374 726 2403 neque
750 2364 921 2396 alteruter
943 2361 988 2394 ad
1013 2362 1161 2394 ulterius
1189 2327 1455 2405 proce‘dendum
1474 2359 1603 2404 pedem
1621 2370 1700 2392 mo·-

284 2410 355 2449 vit,
388 2408 452 2442 sed
486 2408 719 2442 observabant
751 2419 827 2442 sese
860 2411 982 2441 mutuo
1009 2412 1044 2440 at
1072 2417 1116 2439 ue
1142 2406 1406 2449 exspectabant,
1431 2407 1460 2439 si
1498 2406 1578 2450 quis
1602 2404 1699 2448 prior

285 2459 452 2488 moveret.
499 2453 656 2491 Aderant
682 2463 766 2485 vero
790 2453 902 2485 Persis
926 2453 1034 2485 etiam
1047 2419 1270 2485 qHunnorum
1295 2451 1499 2485 Sabirorum
1517 2460 1699 2484 mercena-

286 2500 340 2533 ria
371 2499 513 2532 auxilia.
560 2499 622 2532 Est
651 2498 745 2531 enim
779 2497 866 2530 haec
897 2497 993 2531 natio
1029 2503 1065 2531 et
1091 2499 1242 2530 maxima
1266 2503 1303 2530 et
1327 2497 1626 2542 populosissima,
1648 2495 1700 2528 si-

287 2547 433 2590 mulque
457 2550 494 2578 et
520 2544 696 2578 bellorum
722 2549 757 2576 et
781 2543 925 2587 rapinae
950 2543 1220 2584 fidentissima,
1257 2554 1418 2589 quaeque
1442 2545 1615 2587 perpetuo
1641 2541 1700 2573 fo-

289 2592 337 2624 ris
360 2596 507 2625 externo
534 2591 574 2623 in
598 2590 672 2623 solo
697 2588 822 2632 degere
847 2593 961 2628 amat,
988 2599 1196 2634 semperque
1228 2589 1345 2622 aliena
1374 2593 1562 2633 appetere,
1589 2586 1703 2619 solius

290 2636 461 2671 mercedis
485 2647 588 2669 causa
612 2640 649 2668 et
670 2633 824 2679 praedae
849 2645 911 2679 spe
944 2634 1048 2667 modo
1074 2634 1217 2679 quidem
1241 2633 1318 2674 his,
1343 2633 1448 2667 modo
1473 2633 1545 2666 illis
1558 2655 1572 2673 ,
1605 2636 1699 2661 ”²¹²0

288 2683 391 2716 alteri
424 2683 530 2716 alicui
563 2692 640 2716 sese
676 2681 715 2714 in
743 2678 831 2714 belli
864 2685 901 2713 et
935 2679 1173 2725 periculorum
1197 2680 1405 2716 societatem
1430 2670 1700 2719 coniussgwdon
