1794 3112
575 118 953 163 111sTomARUM
993 124 1026 163 ι.
1056 124 1122 167 18.
1333 171 1335 173 ,
1501 96 1572 155 53

132 225 350 280 κοῦμενοι,
394 222 568 272 ἐπέλαζε
596 226 685 271 τοῖς
710 220 891 276 τείχεσιν
922 219 1120 280 ἀφειδῶς·
1159 222 1232 266 καὶ
1266 219 1420 265 aziam»
1458 220 1508 262 αἵ
1531 229 1679 275 ῃεΑ.Ο.
1703 228 1770 264 552

128 289 339 339 ἑλεπόλεις
362 285 555 343 μηχαναὶ
573 285 856 344 προσήγοντο,
885 287 958 330 καὶ
981 285 1062 331 dmi
1087 287 1165 339 τὰς
1193 288 1362 346 τύρσεις
1378 278 1711 343 πυρφόραῙᾸΰῑ6

129 354 378 414 ἐᾷῥίπτοντο
404 355 518 409 βέλη.
557 354 602 396 οἳ
624 370 670 395 τε
698 354 742 403 ἐς
770 352 823 396 τὰ
855 353 1121 411 μεταπύργια
1145 354 1410 412 φαινόμενοι,
1451 349 1585 415 ἐβάλὶ

129 427 251 466 λοντο
277 419 414 469 λίθοις
439 435 484 461 τε
506 418 579 461 καὶ
601 418 864 473 τοξεύμασιν·
898 420 971 462 καί
992 419 1223 475 διετέμνετό
1257 423 1371 464 ἐστιν
1391 413 1486 475 οὗῆ
1507 431 1583 459 του

102 486 359 543 ὅπεριβόλου
386 483 628 539 οἰκοδομία,
655 483 740 541 ικαὶ
768 482 913 528 ἅπασα
947 486 1040 529 ἰδέα
1064 487 1194 529 κακοῦ
1222 484 1483 543 περιεστήκει
1503 483 1581 540 τήν

126 550 264 595 πόλιν.
287 549 327 593 οἱ
345 553 424 606 μὲν
446 545 522 593 οὖν
547 549 750 609 πρότερον
766 550 1071 609 ὄμηρεύσαντες
1091 550 1186 594 τότε
1205 549 1255 607 δὴ
1278 553 1403 594 πλέον
1424 550 1581 608 ἔπρασ-
1592 559 1636 597 V.
1651 560 1697 594 26

124 632 205 660 ,σον
241 618 287 667 ἐς
331 615 434 666 τοὺς
465 613 723 671 “Ρωμαίους.
766 616 840 659 καί
870 615 966 673 τόγε
1000 618 1066 660 ἐπ’
1090 616 1282 671 ἐκείνοις,
1321 615 1504 670 τάχιστα
1532 611 1619 663 ἂνΒ

129 678 276 726 ἅπασα
305 679 332 738 ἦ
355 680 475 732 πόλις
497 680 717 739 ὖπεκλίθη*
751 684 828 727 νῦν
862 684 910 726 δὲ
939 681 979 726 οἱ
1009 684 1093 726 τῶν
1117 681 1325 739 Φρὰγγων
1357 679 1582 738 ἁρμοσταὶ,

131 747 177 791 οἳ
197 747 248 804 δὴ
272 746 500 803 ἐτύγχανον
525 746 643 791 ἔνδον
671 747 742 791 ἐπὶ
769 749 939 807 φρουρᾷ
960 749 1038 790 τοῦ
1065 742 1213 797 ἄστεος
1240 745 1582 803 ἐγκαταστάντες,

82 814 330 857 ιοένέκειντο
357 812 689 871 παροτρύνοντες
712 819 926 868 πολεμεῖν,
954 812 1028 858 καί
1051 820 1139 864 τοῖς
1161 810 1305 863 ὅπλοις
1330 815 1582 856 διωθεῖσθαι

128 879 205 936 τὴν
221 879 477 936 πολιορκίαν.
504 876 658 922 αὖτίκα
680 879 731 936 δὴ
749 875 825 922 οὖν
847 881 897 922 αἴ
916 896 961 922 τε
986 879 1118 922 πύλαι
1135 877 1483 934 ἀνεπετάννυντο,
1511 878 1585 922 καὶ

128 944 390 1002 ἕπεκδρομιὶς
430 947 697 996 ἐξαπιναίους
725 947 768 996 ἐς
791 945 894 996 τούς
909 943 1143 1000 Ῥωμαίους
1167 946 1409 1000 ἐποιοῦντο,
1443 945 1577 1005 ταύτῃ

123 1009 314 1066 ,οἰόμενοι
344 1013 628 1066 περιέσεσθαι.
667 1007 761 1053 ἀλλ’
784 1010 955 1065 ἔμελλον
987 1013 1031 1054 οἵ
1053 1027 1099 1066 γε
1134 1012 1240 1068 δρᾷν
1271 1012 1351 1066 μὲν
1377 1011 1582 1066 ἐλάχιστα

128 1075 230 1127 τούς
251 1075 489 1130 πολεμίους,
508 1075 671 1131 μεγάλα
697 1079 744 1120 δὲ
760 1075 883 1133 ἡλίκα
902 1076 1201 1133 πημαίνεσθαι.
1233 1075 1271 1119 οἱ
1294 1075 1375 1134 γὰρ
1394 1076 1443 1133 δὴ
1467 1083 1584 1119 πλεῖ-

69 1144 224 1187 ιι5στοι
245 1142 330 1184 τῶν
352 1143 587 1185 Λουκανῶν
606 1137 687 1198 ἤδη
719 1138 1066 1197 ἀναπεπεισμένοι
1086 1141 1169 1186 ὑπὸ
1199 1143 1283 1184 τῶν
1309 1142 1429 1185 ἔνδον
1447 1159 1583 1200 πρασ-

129 1207 313 1262 σόντων,
341 1207 685 1258 ἑθελοκακοῧντες
708 1205 931 1262 ἐμάχοντο.
969 1207 1064 1252 ἐπεὶ
1081 1209 1127 1252 δὲ
1152 1203 1324 1261 αὖτοῖς,
1353 1206 1474 1262 θαμὰ
1492 1225 1583 1250 πει-

130 1274 356 1330 ρωμένοις,
386 1269 510 1316 οῦδὲν
537 1276 622 1316 τῶν
646 1275 928 1317 ἐλπισθέντων
956 1270 1222 1331 προῦχώρει,
1251 1270 1374 1328 ἀλλὰ,
1403 1273 1584 1323 πολλοὺς

129 1331 216 1381 τῶν
232 1338 447 1395 σφετέρων
470 1335 788 1393 ἀποβάλλοντες,
811 1338 993 1396 αἰσχράς
1014 1356 1059 1382 τε
1078 1340 1150 1382 καί
1165 1336 1344 1395 ἀγεννεῖς
1357 1337 1617 1397 ἆναχωρή-(ἶ

130 1420 218 1453 σεις
231 1405 461 1460 ἐποιοῦντο,
486 1399 613 1453 αὖθίς
627 1421 672 1446 τε
692 1404 791 1447 εἴσω
809 1406 888 1447 τοῦ
908 1404 1134 1462 περιβόλου
1167 1403 1380 1461 γενόμενοι
1409 1402 1580 1461 ἀκριβέ-

75 1485 278 1526 ηοστερον
293 1469 616 1525 ἑγκατείργοντο,
638 1469 695 1519 ὥς
713 1473 861 1525 μηκέτι
885 1468 1030 1520 αὐτοῖς
1047 1467 1153 1513 εἶναι
1175 1473 1379 1526 ἐξιτητέα·
1405 1469 1501 1513 τότε
1526 1469 1578 1526 δὴ

129 1531 312 1584 ἅπαντες
341 1533 398 1584 ὦς
422 1532 503 1589 οὔχ
530 1531 618 1578 οἷόν
636 1551 681 1577 τε
706 1531 752 1578 ὃν
778 1533 924 1586 αὖτοῖς
945 1531 1081 1585 ἄλλως
1103 1538 1217 1592 σφᾶς
1246 1533 1404 1586 αὖτοὺς
1424 1535 1580 1578 διασώ-

126 1603 314 1654 σασθαι,
339 1600 643 1655 μετεβάλλοντο
670 1600 776 1658 πρὸς
804 1599 983 1657 ἀνάγκης
1002 1602 1045 1653 ἐς
1066 1601 1113 1644 τὸ
1141 1605 1352 1659 εἷρηναῖον
1372 1601 1449 1651 τὰς
1472 1602 1579 1658 γνώ-

223 1703 253 1726 1.
278 1689 460 1735 ἐπέλαβεν
483 1690 521 1723 R.
615 1692 648 1725 6.
675 1691 758 1724 Post
775 1690 890 1725 πλέον
914 1690 996 1724 add.
1021 1691 1132 1736 Intpr.
1158 1691 1304 1726 civibus
1327 1693 1460 1739 optime
1485 1703 1575 1726 con-

159 1760 166 1764 r
218 1736 386 1772 sulendo.
458 1749 489 1782 7.
516 1737 554 1774 ἐς
577 1737 614 1769 R.
629 1762 639 1777 ‚
665 1738 718 1773 εἰς
739 1738 833 1782 vulg.
915 1749 966 1771 12.
989 1737 1216 1776 ἐξαπιναίως
1232 1740 1270 1772 R.
1347 1750 1402 1773 22.
1419 1739 1576 1784 μετεβά-

217 1784 328 1818 λοντο
352 1784 391 1816 Β.
470 1784 664 1828 εἰρηναῑον
692 1784 752 1825 R„
783 1784 892 1830 Intpr.
921 1783 972 1818 ad
989 1796 1119 1831 pacem
1143 1785 1306 1820 animum
1336 1783 1578 1828 induxerunt,

219 1830 425 1878 ἀνειμένον
446 1831 541 1875 vulg.

128 1893 310 1935 obsessos,
346 1904 449 1927 muro
468 1892 652 1938 intrepide
669 1892 985 1939 appropinquavit,
1011 1894 1207 1941 statimque
1225 1894 1415 1928 machinae
1432 1894 1577 1940 oppidis

128 1939 312 1986 capiendis
340 1940 631 1974 accommodatae
667 1939 977 1982 admovebantur,
1009 1946 1048 1975 et
1071 1942 1109 1974 in
1135 1942 1267 1986 pinnas
1290 1942 1577 1988 interioremque

131 1986 308 2020 ambitum
330 1998 515 2020 murorum
534 1987 648 2032 ignita
666 1987 741 2020 tela
761 1986 1043 2030 emittebantur3
1070 1989 1208 2034 quique
1227 1989 1266 2020 in
1287 1988 1441 2021 turrium
1463 1989 1579 2022 inter-

128 2033 234 2066 vallis
269 2033 540 2078 comparebant,
572 2034 666 2066 saxis
690 2038 727 2066 et
754 2034 894 2078 sagittis
925 2033 1166 2078 petebantur:
1199 2034 1356 2080 quadam
1390 2036 1500 2067 etiam
1533 2045 1578 2067 ex

128 2084 234 2124 parte
265 2080 409 2113 moenia
434 2080 506 2112 iam
529 2086 632 2113 erant
656 2078 787 2120 diruta,
817 2085 927 2126 atque
960 2080 1050 2114 adeo
1082 2092 1188 2115 omne
1216 2082 1302 2114 mali
1319 2092 1429 2126 genus
1450 2081 1578 2114 urbem

129 2124 326 2169 premebat.
375 2127 469 2159 Tum
492 2125 618 2172 itaque
640 2125 703 2172 qui
726 2132 833 2159 antea
856 2125 1002 2160 obsides
1022 2127 1189 2169 fuerant,
1223 2127 1395 2160 obnixius
1415 2140 1481 2172 pto
1504 2129 1576 2161 Ro-

129 2172 246 2204 manis
266 2172 362 2217 apud
382 2183 463 2206 suos
485 2173 665 2218 agebant3
690 2184 810 2218 neque
835 2184 901 2217 per
922 2174 1017 2217 ipsos
1039 2174 1154 2215 stetit,
1176 2186 1248 2220 quo
1268 2175 1387 2208 minus
1408 2175 1576 2207 universa

131 2218 258 2251 civitas
289 2218 334 2252 ad
358 2218 583 2252 deditionem
613 2220 826 2252 inclinaret:
861 2231 958 2252 nunc
979 2231 1062 2254 vero
1083 2221 1305 2254 Francorum
1330 2221 1575 2254 moderatores

131 2265 196 2310 qui
217 2265 314 2298 intus
335 2271 436 2299 erant
455 2265 500 2298 ad
519 2266 744 2311 praesidium
770 2267 1046 2312 custodiamque
1068 2266 1168 2300 urbis
1188 2268 1400 2308 constituti,
1430 2268 1574 2301 infestis

130 2311 262 2344 animis
290 2322 349 2345 eos
371 2312 416 2345 ad
435 2313 668 2357 pugnandum
690 2312 944 2354 concitabant,
973 2319 1087 2360 utque
1109 2314 1216 2346 armis
1238 2313 1467 2347 obsidionem
1487 2326 1574 2359 pro-

128 2358 327 2402 pulsarent.
356 2357 485 2392 Statim
504 2359 630 2406 itaque
652 2360 786 2404 apertis
808 2360 923 2404 portis
950 2360 1180 2404 repentinam
1203 2360 1242 2392 in
1276 2362 1455 2394 Romanos
1487 2372 1575 2394 eru-

129 2404 296 2448 ptionem
318 2404 502 2445 fecerunt,
530 2406 779 2439 existimantes
801 2417 839 2439 se
861 2405 929 2439 hac
956 2407 1097 2440 ratione
1127 2407 1205 2439 fore
1237 2408 1451 2452 superiores.
1501 2406 1574 2440 Sed

129 2461 169 2484 re
191 2450 270 2495 ipsa
289 2451 355 2483 visi
376 2456 458 2484 sunt
476 2451 516 2484 hi
540 2464 644 2499 quam
676 2453 865 2485 minimum
894 2451 1059 2486 hostibus
1081 2453 1281 2498 profuisse,
1309 2455 1419 2486 immo
1450 2453 1572 2498 potius

129 2498 287 2531 maximo
311 2497 442 2529 damno
473 2508 532 2531 eos
564 2500 732 2533 affecisse.
782 2499 948 2545 Plerique
980 2500 1076 2532 enim
1107 2500 1286 2533 Lucenses
1314 2501 1477 2544 persuasi
1499 2500 1572 2532 iam

131 2543 178 2575 ab
197 2543 255 2584 iis,
278 2543 342 2590 qui
364 2544 463 2576 intus
486 2555 545 2578 eos
569 2545 613 2578 ad
635 2545 860 2579 deditionem
882 2545 1152 2586 sollicitabant,
1181 2546 1225 2579 de
1244 2546 1423 2579 industria
1449 2545 1568 2578 minus

130 2594 275 2624 strenue
292 2590 515 2636 pugnabant.
563 2592 752 2638 Postquam
771 2604 855 2625 vero
886 2604 924 2626 re
946 2593 1156 2638 frequenter
1176 2598 1314 2626 tentata
1334 2592 1429 2625 irriti
1449 2597 1569 2625 essent

131 2642 300 2677 conatus,
340 2642 378 2670 et
417 2637 542 2669 multis
577 2649 721 2671 suorum
749 2638 962 2672 desideratis
980 2640 1137 2685 turpiter
1166 2650 1365 2684 parumque
1395 2649 1568 2683 generose

131 2681 262 2727 pedem
280 2688 376 2717 retro
399 2683 493 2716 ferre
523 2690 752 2729 cogerentur,
779 2685 972 2731 denuoque
998 2685 1093 2718 intra
1113 2696 1233 2718 muros
1262 2684 1422 2729 repulsi,
1449 2684 1567 2718 acrius

133 2727 270 2765 obsessi
301 2729 487 2777 clausique
516 2734 747 2775 tenerentur,
776 2731 929 2778 perinde
951 2743 992 2765 ac
1013 2732 1043 2765 si
1065 2732 1136 2765 iam
1166 2731 1255 2778 ipsis
1277 2731 1393 2766 omnIs
1409 2731 1566 2767 exeundi
