1794 3112
582 155 956 201 HISTORIARUM
1001 161 1034 201 1.
1072 165 1111 207 3.
1488 164 1553 218 19

116 254 256 300 αὕτῶν
294 255 368 299 καὶ
394 259 479 300 τῶν
506 256 736 313 προσοίκων
756 259 973 312 κρατοῦσι,
1012 261 1159 311 παῖδες
1188 261 1235 303 ἐκ
1259 263 1450 319 πατέρων
1477 265 1552 319 τὴν
1564 265 1602 298 A.
1619 264 1738 301 c.552

114 323 331 379 βασιλείαν
358 322 662 377 διαδεχόμενοι.
698 320 807 364 ἄλλα
833 320 914 378 γάρ
951 322 1024 365 καὶ
1055 327 1100 374 ἐς
1131 327 1262 368 ἐκεῖνο
1286 329 1360 370 τοῦ
1390 331 1553 384 καιροῦ,
1572 313 1596 345 ¹·
1621 313 1647 346 Ῑ·
1674 313 1719 346 ²6

116 382 188 430 ὅτε
209 385 261 441 δὴ
285 385 325 428 οἱ
346 389 387 429 Γ
385 386 502 429 ότθοι
527 385 584 436 ὦς
607 384 763 436 αὕτοὺς
789 386 1112 443 ἐπρεσβεύοντο,
1149 396 1258 446 τρεῖς
1283 392 1423 443 αὐτοῖς
1454 394 1549 449 ἦγε-

112 450 236 506 μόνες
262 450 488 505 ἐτύγχανον
521 445 643 500 ὄντες.
696 451 772 492 οὐκ
797 446 876 493 ἅπο
913 450 1068 507 τρόπου
1114 455 1162 496 δέ
1187 471 1263 508 μοι
1295 455 1404 499 εἶναι
1438 461 1554 501 δοκεῖ
1566 460 1658 501 Ρ-1ίῑ

85 516 255 573 ὄβραχύ
282 533 325 557 τι
353 512 513 557 ἄνωθεν
543 516 758 573 ἀρξαμένῳ
792 517 870 558 τοῦ
903 517 1048 571 γένους
1078 517 1151 560 καί
1181 521 1264 561 τῶν
1289 525 1555 577 ξυνενεχθέν-

110 598 198 624 των
219 583 278 640 τῷ
300 579 380 637 πρὸ
396 583 471 623 τοῦ
493 581 690 634 ἐλάχιστα
712 580 978 634 διεξελθόντι,
1008 579 1150 625 ἔπειτα
1176 585 1219 634 ἐς
1236 586 1414 636 ἐκείνους
1439 588 1481 629 οἳ
1501 587 1551 644 δη

109 648 158 690 ἐν
190 649 248 703 τῷ
287 646 376 688 τότε
411 644 636 702 ἐκράτουν,
678 647 756 702 τὴν
791 645 998 702 ἐκδρομὴν
1025 651 1292 690 καταπαῦσαι
1318 653 1392 692 τοῦ
1415 651 1556 706 λόγου.

109 711 382 768 λἰλδίβερτος
411 713 491 765 μὲν
519 709 599 767 γὰρ
634 709 707 752 καὶ
730 710 995 768 Χλωθάριος,
1022 710 1086 755 ἔτι
1120 714 1167 755 δὲ
1204 715 1458 770 Θευδέριχος
1481 719 1555 759 καί

109 779 406 833 ,Χλωθομῆρος
425 777 604 832 ἀδελφοί
621 777 869 831 ἐγεγένηντο.
898 771 1013 818 οὗτοι
1034 779 1082 820 δὲ
1104 778 1248 834 ἐπειδη
1271 779 1410 829 αὐτοῖς
1428 783 1556 822 Χλω-

59 846 254 892 ῐοθοαῖος
280 841 302 884 ὃ
322 839 458 898 πατὴρ
489 839 717 896 ἐτεθνήκει,
747 841 1006 895 διενείμαντο
1022 844 1207 899 τέτραχα
1226 842 1304 899 τὴν
1324 844 1555 898 βασιλείαν,

107 907 216 950 κατά
242 923 288 950 τε
322 906 462 957 πόλεις
484 908 558 949 καί
579 905 682 962 ἔθνη
710 908 751 956 ἐς
779 903 877 949 ὅσον
910 905 1029 961 οἶμαι
1054 913 1138 951 τῶν
1165 907 1268 952 ἴσων
1296 907 1454 968 ἑκάστῳ
1478 926 1556 963 με*

105 979 248 1018 τεῖναι.
286 972 337 1014 οὕ
354 973 491 1030 πολλῷ
517 973 564 1014 δὲ
597 969 768 1027 ὕστερον
812 973 1103 1029 Χλωθομῆρος
1134 974 1238 1017 κατὰ
1262 974 1556 1031 Βουργουζιώ·

105 1055 191 1082 νων
213 1036 563 1094 ἐπιστρατεύσας,
605 1038 740 1095 (γένος
764 1039 810 1079 δὲ
836 1040 958 1080 τοῦτο
983 1041 1024 1082 Γ
1023 1037 1193 1081 οτθικὸν
1201 1073 1215 1094 ,
1243 1041 1476 1096 αὐτουργόν
1508 1055 1555 1081 τε

105 1105 346 1161 περιφανῶς
378 1101 431 1145 τὰ
459 1105 672 1160 πολέμια,)
702 1105 748 1146 ἐν
780 1103 894 1160 αὐτῷ
930 1103 980 1158 δὴ
1015 1105 1073 1162 τῷ
1102 1106 1268 1163 πολέμῳ
1301 1105 1472 1164 ἀκοντίῳ
1503 1103 1556 1149 τοὶ

55 1166 262 1226 Ιὸστέρνα
288 1167 454 1222 τυπείς,
483 1165 684 1225 ἀνῃρέθη.
728 1165 923 1219 πεσόντος
957 1170 1003 1211 δὲ
1029 1169 1172 1223 αὐτοῦ,
1201 1168 1344 1224 ἐπειδὴ
1377 1168 1451 1224 τὴν
1480 1169 1552 1211 κό-

104 1251 190 1292 μην
219 1234 259 1277 οἱ
290 1235 630 1291 Βουργουζίωνες
655 1233 904 1288 καθειμένην
929 1237 1000 1276 καί
1033 1229 1190 1291 ἄφετον
1219 1235 1448 1277 ἐθεάσαντο
1478 1234 1552 1278 καί
1559 1245 1585 1277 Β

104 1303 236 1356 μέχρι
271 1301 347 1342 τοῦ
389 1300 657 1355 μεταφρένου
694 1300 1028 1355 κεχαλασμένην,
1078 1295 1227 1342 αὐτίκα
1257 1298 1442 1354 ἔγνωσαν
1478 1299 1553 1344 τὸν

105 1365 291 1425 ἡγεμόνα
318 1363 402 1408 τῶν
432 1366 640 1418 πολεμίων
659 1363 968 1414 ἄποκτανόντες.
994 1364 1172 1418 θεμιτὸν
1201 1365 1280 1422 γὰρ
1313 1371 1400 1416 τοῖς
1429 1369 1554 1420 βασι-

105 1433 225 1473 λεῦσι
257 1433 341 1473 τῶν
374 1430 577 1486 Φράγγων
618 1426 833 1471 οὐπώποτε
875 1430 1113 1485 κείρεσθαι,
1167 1430 1258 1472 ἀλλ’
1287 1430 1554 1486 ἅκειρεκόμαι

53 1499 151 1541 κοτέ
178 1499 284 1541 εἰσιν
308 1498 354 1538 ἐκ
386 1495 547 1538 παίδων
574 1494 665 1549 ἀεὶ,
701 1494 776 1536 καὶ
794 1494 1090 1552 παρῃώρηνται
1118 1496 1260 1546 αὐτοῖς
1286 1494 1466 1546 ἅπαντες
1502 1492 1553 1539 εὖ

201 1587 231 1611 ¹.
255 1574 431 1620 πατέρωιι
452 1574 488 1606 R.
516 1578 554 1606 et
579 1573 634 1614 fn,
662 1573 817 1618 πατρῶν
837 1573 932 1618 vulg.
1027 1585 1059 1607 2.
1086 1573 1124 1610 ἐς
1147 1573 1268 1608 ἐκεῖνο
1290 1573 1341 1607 Cl.
1360 1600 1370 1616 ‚
1391 1574 1429 1612 ἐς
1450 1575 1550 1608 ἐκεί-

195 1632 266 1658 νου
278 1622 389 1665 vulg.,
411 1620 447 1656 ἐς
468 1622 595 1653 κείνου
613 1621 650 1652 R.
760 1623 791 1655 5.
813 1619 1111 1664 ξυνενεχθέντων
1124 1622 1160 1653 R.
1187 1621 1229 1657 fr.
1241 1626 1277 1654 et
1289 1622 1424 1666 Intpr.:
1453 1632 1550 1667 quae

196 1668 447 1714 contigissent,
490 1664 724 1710 ξυνεχόντων
749 1666 844 1710 vulg.
979 1667 1010 1699 8.
1036 1667 1278 1712 Χελλίβερτος
1292 1667 1402 1712 Lugd.
1431 1674 1468 1700 et
1493 1668 1551 1701 ed.

195 1725 250 1760 pr.
345 1712 419 1759 μὲν
443 1706 520 1757 γάρ
542 1714 595 1752 R„
627 1707 703 1757 γὰρ
729 1712 770 1744 fr.
785 1737 794 1752 ,
825 1711 898 1758 μὲν
917 1712 1010 1756 vulg.
1127 1711 1354 1759 Χλωθιὲριος
1372 1715 1409 1746 R.
1432 1719 1469 1746 ct
1492 1714 1549 1755 sr.,

196 1758 404 1804 Λωθοέριος
424 1760 518 1804 vulg.
595 1757 819 1803 Θευδέριχος
840 1759 877 1790 R.
909 1764 946 1791 et
972 1759 1036 1799 fn,
1065 1757 1287 1803 Θεοδέριχος
1306 1761 1397 1803 vulg.
1497 1761 1548 1804 14.

195 1805 421 1852 περιφανῶς
439 1807 475 1838 Β.
488 1831 498 1846 ,
531 1804 743 1849 περιφανὲς
762 1804 873 1849 Lugd.
895 1809 931 1837 et
947 1805 1002 1845 fr.‚
1029 1806 1092 1837 καὶ
1113 1804 1324 1850 περιφανὲς
1344 1805 1425 1839 cdd.
1501 1803 1549 1839 τὰ

198 1855 334 1899 στέρνα
351 1864 418 1886 om.
439 1852 482 1886 fr.
606 1852 655 1887 18.
684 1849 961 1888 ιΞποκτανόντες
988 1852 1028 1889 R.
1041 1876 1051 1892 ,
1089 1849 1336 1889 ἀπεκτονότες
1355 1852 1448 1898 vulg.

105 1933 192 1978 ipsis
215 1937 253 1966 et
274 1932 436 1966 finitimis
461 1931 647 1975 imperant,
696 1930 783 1964 Filii
808 1930 971 1975 patribus
992 1930 1030 1963 in
1047 1941 1194 1976 regnum
1216 1930 1424 1966 succedunt.
1473 1933 1545 1966 Sed

104 1990 149 2014 eo
169 1986 348 2024 tempore,
379 1990 450 2024 quo
473 1977 585 2011 Gothi
612 1978 831 2022 legationem
853 1976 898 2009 ad
921 1988 980 2010 eos
999 1978 1192 2018 miserunt,
1227 1982 1299 2011 tres
1328 1977 1417 2022 ipsis
1445 1985 1547 2012 erant

103 2027 305 2071 principes;
327 2036 447 2072 neque
465 2035 549 2058 vero
564 2024 628 2057 abs
643 2035 680 2057 re
698 2023 856 2056 facturus
874 2023 964 2056 mihi
982 2022 1117 2064 videor,
1139 2024 1169 2056 si
1190 2025 1299 2068 paulo
1317 2025 1423 2058 altius
1441 2037 1546 2070 repe—
1579 2043 1583 2047 ·

102 2074 172 2106 tito
193 2083 338 2118 genere,
364 2071 648 2116 brevissimeque
668 2070 841 2103 enarratis
863 2070 908 2103 iis
932 2071 998 2115 qui
1018 2075 1122 2103 antea
1149 2081 1209 2103 eos
1224 2076 1404 2112 rexerunt,
1425 2072 1463 2104 in
1485 2073 1542 2111 iis,

102 2118 168 2165 qui
189 2129 232 2152 eo
257 2124 419 2164 tempore
443 2117 686 2162 imperabant,
724 2111 955 2161 digressionis
978 2117 1085 2149 finem
1112 2116 1242 2150 fecero.
1293 2116 1540 2151 Chlldibertus
1593 2129 1596 2132 ⁴

101 2163 250 2210 quidem
269 2171 307 2199 et
332 2164 586 2206 Chlotharius,
608 2169 795 2208 praeterea
819 2174 903 2197 vero
930 2162 1177 2196 Theodericus
1203 2168 1239 2196 et
1263 2162 1540 2198 Chlothomerus

102 2212 260 2255 germani
274 2212 400 2245 fratres
417 2212 574 2245 suerunt.
599 2210 646 2243 Hi
662 2216 804 2243 mortuo
821 2215 921 2254 patre
945 2208 1168 2242 Chlothoaeo
1189 2210 1228 2242 in
1245 2215 1400 2256 quatuor
1421 2215 1539 2253 partes

103 2268 251 2302 regnum
269 2259 406 2302 partiti,
429 2257 626 2291 secundum
642 2256 750 2289 urbes
770 2261 806 2289 et
827 2256 994 2301 populos,
1021 2256 1071 2288 ita
1094 2261 1134 2290 ut
1151 2267 1283 2302 aequas
1303 2256 1435 2299 singuli
1454 2268 1541 2300 por-

103 2304 236 2344 tiones,
262 2310 304 2338 ut
326 2304 492 2345 arbitror,
516 2305 731 2349 acciperent.
775 2303 856 2336 Nou
878 2302 992 2336 multo
1011 2308 1094 2347 post
1115 2307 1275 2346 tempore
1300 2302 1538 2336 Chlothome-

104 2362 163 2383 rus
183 2349 348 2384 adversus
366 2351 602 2396 Burgusiones
618 2351 815 2383 exercitum
833 2349 978 2390 ducens,
1001 2348 1116 2395 (natio
1138 2354 1256 2382 autem
1278 2347 1366 2383 haec
1385 2349 1539 2383 Gothica

104 2402 160 2430 est
182 2408 246 2441 per
269 2408 307 2430 se
330 2396 511 2430 laboriosa
537 2403 575 2430 et
598 2397 732 2430 bellica
757 2395 864 2429 laude
890 2396 1014 2439 (Λευ-3,)
1036 2397 1076 2428 in
1105 2395 1182 2439 ipso
1210 2396 1349 2440 proelio
1365 2421 1374 2436 ,
1411 2402 1536 2440 pectus

102 2443 221 2476 iaculo
247 2443 338 2477 ictus
354 2468 364 2484 ,
387 2444 537 2477 interiit.
589 2443 672 2488 Quo
692 2442 794 2476 humi
824 2443 965 2476 iacente
991 2443 1230 2486 Burgusiones
1259 2442 1470 2486 promissam
1491 2442 1540 2474 il-

102 2489 174 2522 lius
198 2491 390 2535 laxumque
416 2501 550 2523 comam
574 2496 612 2523 et
638 2490 684 2523 ad
710 2489 875 2534 scapulas
901 2501 1014 2534 usque
1040 2489 1304 2533 pertingentem
1328 2488 1538 2533 conspicati,

104 2535 296 2570 confiestim
322 2536 580 2573 intellexerunt
597 2547 635 2569 se
662 2536 789 2569 ducem
809 2535 968 2569 hostium
990 2535 1223 2568 interfecisse.
1258 2534 1424 2568 Solemne
1442 2535 1539 2567 enim

105 2587 162 2615 est
188 2583 405 2627 Francorum
430 2582 571 2628 regibus
596 2594 781 2630 nunquam
809 2581 971 2615 tonderi:
1005 2581 1067 2615 sed
1101 2593 1121 2614 a
1145 2583 1267 2626 pueris
1296 2581 1431 2614 intonsi
1462 2574 1539 2613 ma'-

103 2634 213 2671 nent3
237 2629 409 2662 caesaries
428 2633 506 2661 tota
527 2629 695 2662 decenter
710 2630 760 2662 eis
783 2629 822 2662 in
842 2629 1007 2662 humeros
1024 2628 1234 2674 propendet,
1256 2627 1415 2660 anterior
1436 2637 1538 2666 coma

105 2685 125 2707 e
148 2675 267 2717 fronte
291 2675 536 2710 discriminata
557 2675 597 2708 in
621 2679 813 2721 utrumque
837 2676 930 2709 latus
953 2675 1100 2709 deflexa.
1158 2674 1285 2720 Neque
1304 2685 1387 2707 vero
1411 2669 1537 2719 quem'-

98 2720 296 2767 <Qqflllm
317 2722 446 2756 Turcis
481 2726 518 2755 et
548 2719 847 2770 Avaris'impexa
883 2721 928 2754 iis
966 2727 1003 2755 et
1036 2720 1216 2767 squallida
1240 2719 1457 2767 sordidaque
1482 2724 1539 2755 est
