1794 3112
565 117 940 169 HlsTomAmJM
979 120 1052 160 ιιι.
1095 121 1161 162 13.
1489 113 1507 149 ι
1519 94 1588 166 67

163 222 237 273 νὰς
257 221 456 275 ὖποσχεῖν
475 218 740 275 ἀνηκέστους,
761 221 844 262 τῶν
862 222 939 273 μὲν
958 217 1032 270 οὓς
1054 216 1279 272 ἐπαμύνειν
1299 213 1435 272 χρεών
1453 212 1597 269 πόῤῥω
1611 221 1650 255 Α.
1663 221 1704 259 C.
1725 219 1792 265 554

163 302 245 331 που
269 285 373 329 κατὰ
396 283 472 340 τὴν
507 281 691 341 Ἰβηρίαν
716 283 780 328 ἔτι
800 282 1058 339 μελλόντων,
1087 283 1158 326 καί
1181 283 1401 336 ἀνειμένως
1422 293 1599 336 πορευο-
1613 270 1639 303 Ῑ·
1654 270 1679 301 Ῑ·
1694 270 1739 304 ²3

162 354 297 407 μένων
307 385 320 406 ,
358 352 442 393 τῶν
480 351 526 392 δὲ
555 352 907 406 τιμωρησομένων
941 349 1016 406 τήν
1046 365 1090 392 τε
1119 351 1263 405 χώραν
1286 344 1456 389 ἅπασαν
1478 347 1699 387 nate-V-Gss

162 417 344 474 χόντων,
373 415 446 458 καὶ
460 422 553 465 ταῖς
574 414 794 472 ἡμετέραις
815 415 984 458 πόλεσιν
1011 413 1299 465 ἐνοικούντων,-

138 495 164 537 5
238 491 243 493 ’
273 480 336 537 ιγ’.
391 515 420 536 ,,
432 482 590 524 Καίτοι
621 481 750 538 φησίν
795 481 950 530 αὐτοὺς
983 479 1205 536 ὃγενναῖος
1229 478 1376 519 οὑτοσί
1391 473 1603 531 μηδὲμτὴν

110 555 116 560 “
159 546 296 606 ὅρμὴν
315 546 631 603 ὑποστήσεσθαι
652 548 786 602 ἡμῶν,
812 547 1116 603 παραδειγματι
1134 542 1347 601 χρώμενος
1372 549 1457 591 τοῖς
1483 540 1602 594 ἔναγ-

157 625 235 669 χος
261 613 557 668 συμβεβηκόσι.
596 612 668 654 καί
691 615 752 663 τίς
774 609 1012 668 ἀγνοήσειεν
1035 608 1088 653 ἂν
1112 610 1171 660 ὥς
1202 609 1278 658 τὰς
1304 610 1386 651 τῶν
1409 609 1600 660 πολέμων

159 676 317 735 τροπὰς
341 674 416 719 οὗκ
442 676 514 720 ἐπὶ
528 675 671 734 ,ῥητοῖς
691 677 843 734 ἀνάγκη
875 678 1133 732 συμβαίνειν,
1153 671 1251 717 οῦδὲ
1270 671 1372 722 τούς
1393 673 1468 715 νῦν
1490 687 1604 726 σφα-

162 746 304 794 λέντας
332 741 462 798 τυχὸν
491 746 575 786 τῶν
609 742 766 797 ὁμοίων
793 742 864 785 οἷεί
889 740 1215 797 μεταλαγχάνειν
1248 736 1597 792 ἀποτευγμάτων,·

113 805 408 854 ιοτοῦναντίον
434 807 514 864 γὰρ
546 806 602 858 ὥς
639 807 690 851 τοὶ
726 807 858 850 πολλὰ
894 806 999 864 πρὸς
1034 805 1133 857 τοὺς
1165 806 1415 861 ἡττηθέντας
1445 802 1472 857 ἦ
1508 803 1597 856 νίκη
1609 813 1642 845 Ρ.
1669 812 1715 848 83

161 874 346 932 μέτεισι,
373 872 449 914 καί
468 871 515 914 τὸ
543 875 786 930 δυσφοροῢν
809 870 1092 928 ἑκθεραπεύει.
1131 867 1180 912 οὗ
1209 868 1291 926 χρὴ
1315 870 1456 910 τοίνυν
1476 867 1600 922 ἡμᾶς,

162 938 351 992 καθάπερ
376 938 612 990 εἰθισμένον
641 938 785 986 αὐτοῖς
806 935 997 980 τολοιπὸν
1021 939 1066 979 ἐν
1085 935 1268 986 ἁπάσαις
1294 939 1387 982 ταῖς
1413 935 1602 986 συμπλο-

162 1008 255 1052 καῖς
265 1003 558 1056 ἐλασσοῦσθαι,
579 1004 686 1058 πέρα
708 1005 783 1044 τοῦ
795 1005 970 1059 μετρίου
987 1001 1179 1059 θαῤῥεῖν.
1209 1001 1251 1042 εἰ
1267 1001 1346 1055 μὲν
1365 997 1445 1055 γὰρ
1470 996 1603 1055 τούτῳ

161 1066 271 1126 μόνῳ
298 1069 523 1123 νενίκηνται
537 1101 550 1121 ,
587 1070 645 1125 τῷ
670 1068 730 1124 μή
746 1067 798 1111 τοὶ
824 1070 966 1110 δέοντα
984 1069 1316 1122 βεβουλεῦσθαι,
1355 1065 1604 1121 προσεκτέον

114 1132 240 1185 ιόμὲν
269 1131 370 1188 ἡμῖν
401 1133 505 1190 τῷδε
538 1135 697 1186 μᾶλλον
729 1135 787 1190 τῷ
814 1132 1140 1188 παραδείγματι,
1183 1133 1257 1173 καί
1286 1129 1603 1186 προφυλακτέον

161 1195 258 1246 τούς
285 1198 331 1238 ἐκ
357 1199 430 1252 τῆς
463 1198 664 1252 ἀβουλίας
693 1197 910 1248 κινδύνους
929 1230 940 1241 .
973 1199 1022 1240 οὗ
1054 1196 1139 1254 μην
1170 1195 1378 1254 πρόδηλον
1410 1195 1603 1237 ἐντεῦθεν

165 1261 330 1303 οἴεσθαι
353 1264 422 1304 δεῖ
435 1262 482 1304 τὸ
502 1264 657 1321 ῥᾳδιίος
673 1264 813 1306 αὐτῶν
836 1264 1122 1319 περιέσεσθαι.
1149 1261 1258 1311 εἰκὸς
1278 1260 1358 1318 γὰρ
1379 1259 1478 1308 τούς
1500 1258 1604 1314 ⁷19⁶-

164 1342 285 1382 τερον
302 1327 623 1383 ἁμαρτήσαντας
636 1362 650 1382 ,
685 1331 757 1370 καί
780 1327 850 1370 διὰ
878 1330 954 1384 τῆς
979 1330 1126 1384 πείρας
1147 1325 1272 1369 ὅποῖα
1302 1327 1502 1384 φευκτέον
1531 1340 1604 1365 πε-

164 1393 486 1445 παιδευμένους,
540 1395 612 1435 καί
643 1391 745 1434 αὐτὸ
780 1392 829 1448 δὴ
859 1392 907 1435 τὸ
933 1395 1153 1450 παροφθὲν
1186 1393 1524 1435 ἀνακαλέσασθαι
1553 1392 1605 1445 τῇ

114 1458 265 1513 αοπερί
293 1458 376 1499 τῶν
405 1459 554 1514 ἑφεξῆς
590 1459 796 1511 ἐσομένων
831 1458 1054 1515 ἐπιμελείᾳ.
1096 1459 1136 1500 εἰ
1160 1459 1205 1500 δὲ
1235 1457 1282 1499 τὸ
1312 1461 1425 1498 θεῖον
1459 1456 1635 1502 αὖτοῖςΒ

257 1540 290 1574 3.
317 1537 387 1580 τήν
409 1548 448 1572 τε
464 1538 595 1584 χώραν
617 1538 771 1574 ἅπασαν
794 1542 855 1580 R„
879 1539 1033 1574 ἅπασαν
1056 1537 1125 1582 τῆν
1148 1539 1279 1584 χώραν
1302 1549 1340 1572 τε
1363 1539 1456 1583 vulg.
1571 1538 1601 1570 5.

260 1578 374 1621 αὐτὸς
400 1587 436 1618 R.
531 1587 561 1619 6.
592 1586 877 1628 ὑποστήσεσθαι
901 1587 1008 1632 ἡμῶν
1031 1589 1092 1627 R„
1117 1587 1224 1632 ἡμῶν
1246 1586 1308 1619 1571.
1336 1587 1429 1630 vulg.
1491 1583 1603 1626 ἔναγ-

258 1637 328 1676 χος
351 1633 388 1664 R.
411 1631 524 1676 Lugd.
551 1636 587 1664 et
603 1633 714 1677 Intpr.
736 1634 854 1679 paulo
878 1642 977 1674 ante,
1003 1633 1067 1666 Ed.
1094 1644 1147 1679 pr.
1171 1633 1318 1677 ἕναχος,
1341 1633 1417 1666 Par.
1446 1630 1601 1674 ἐναχιῦς.

258 1689 295 1723 9.
320 1677 620 1723 μεταλαγχάνειν
644 1680 702 1720 R.,
725 1677 937 1725 λαγχάνειν
961 1680 1056 1725 vulg.
1135 1690 1189 1713 ιο.
1213 1680 1435 1721 νικηθέντας
1460 1678 1498 1710 R·
1553 1677 1602 1710 ¹5·

258 1724 578 1771 προσφυλακτέον
601 1726 640 1759 R.

167 1799 363 1836 vindictam
382 1803 622 1846 incurramus,
645 1804 691 1837 iis
711 1804 872 1850 quidem,
899 1815 989 1850 quos
1012 1803 1148 1838 auxilio
1177 1803 1284 1837 nobis
1303 1804 1425 1836 venire
1445 1805 1601 1846 oportet,

165 1849 294 1894 procul
315 1848 402 1882 hinc
423 1850 461 1881 in
482 1849 602 1883 Iberia
625 1852 878 1885 cunctantibus
906 1853 1079 1897 lenteque
1105 1849 1404 1895 procedentibus5
1439 1849 1483 1881 iis
1516 1858 1602 1880 vero

168 1896 234 1940 qui
257 1895 433 1929 ultionem
458 1896 602 1940 exigent
616 1922 625 1937 ,
649 1898 849 1932 universam
868 1899 1051 1943 regionem
1067 1897 1327 1942 occupantibus
1354 1901 1391 1928 et
1413 1896 1451 1928 in
1469 1895 1601 1928 nostris

169 1940 320 1974 urbibus
338 1941 616 1976 habitantibus?

266 1989 316 2022 13.
364 1988 511 2033 .,Atqui‚
524 1994 566 2022 ut
591 1990 741 2034 insignis
755 1991 824 2023 iste
850 1990 904 2023 vir
928 1991 990 2031 ait,
1016 2002 1062 2024 ne
1086 1991 1242 2036 primum
1270 1987 1417 2034 quidem
1441 1992 1602 2020 nostrum

169 2032 344 2078 impetum
367 2034 611 2076 sustinebunt,
629 2042 839 2080 argumento
866 2048 910 2070 ex
936 2038 994 2077 iis,
1019 2049 1112 2082 quae
1135 2037 1244 2082 paulo
1273 2040 1355 2068 ante
1381 2035 1602 2073 acciderunt,

170 2084 323 2124 sumpto.
351 2079 399 2113 At
422 2081 502 2125 quis
526 2081 743 2126 ignoraverit
767 2083 945 2116 bellorum
969 2083 1237 2118 vicissitudines
1261 2092 1488 2127 nequaquam
1508 2085 1603 2113 certa

169 2126 385 2160 necessitate
412 2126 596 2171 accidere;
633 2140 700 2162 nec
737 2139 797 2162 eos
832 2130 895 2174 qui
932 2141 1029 2164 nunc
1058 2131 1152 2163 sorte
1177 2129 1269 2162 male
1307 2139 1381 2160 rem
1406 2132 1602 2172 gesseruut,

170 2171 323 2215 perinde
357 2173 541 2206 adversam
574 2186 715 2220 semper
750 2175 930 2210 fortunam
970 2176 1168 2209 habituros.
1244 2173 1332 2207 Nam
1369 2186 1387 2207 e
1423 2174 1600 2207 contrario

170 2217 322 2257 victoria
346 2218 554 2265 frequenter
584 2222 628 2255 ad
650 2222 763 2255 victos
786 2224 926 2262 transit,
953 2227 990 2256 et
1013 2222 1180 2256 fortunae
1206 2222 1457 2255 adversitatem
1476 2230 1602 2252 emen-

173 2263 244 2296 dat.
292 2263 373 2298 Non
395 2271 538 2309 oportet
562 2267 671 2313 igitur
686 2280 764 2310 nos,
788 2269 939 2313 perinde
963 2280 1004 2302 ac
1025 2270 1056 2302 si
1081 2281 1145 2314 pro
1170 2281 1234 2302 suo
1265 2279 1363 2301 more
1389 2272 1426 2300 et
1448 2278 1601 2300 consue-

173 2309 301 2343 tudine
323 2311 364 2344 in
382 2312 548 2346 omnibus
572 2315 742 2359 deinceps
764 2316 914 2360 proeliis
933 2320 1052 2349 essent
1070 2316 1304 2354 succubsturi,
1329 2325 1433 2358 supra
1457 2312 1602 2346 modum

173 2367 252 2389 esse
276 2357 507 2394 confidentes.
530 2359 570 2392 Si
590 2362 692 2393 'enim
716 2373 759 2395 eo
786 2363 863 2395 solo
889 2363 1036 2395 suerunt
1058 2362 1156 2402 victi,
1184 2361 1283 2408 quod
1307 2360 1491 2399 nonsatis,
1514 2360 1604 2403 quid

174 2403 271 2436 sacto
308 2414 396 2447 opus
429 2410 532 2446 esset,
556 2407 851 2451 perpendissent,
895 2409 1002 2442 nobis
1040 2407 1189 2453 quidem
1226 2407 1294 2440 hoe
1325 2407 1526 2450 exemplum
1564 2407 1603 2437 in

172 2455 336 2483 nostrum
360 2460 464 2482 usum
487 2457 546 2484 est‘
564 2454 861 2495 convertendum,
895 2459 932 2487 et
956 2454 1216 2500 praecavenda,
1248 2465 1340 2499 quae
1366 2452 1605 2486 temeritatem

175 2496 392 2540 consiliique
422 2499 729 2542 praecipitanti-‘un
756 2507 1036 2547 consequuntur,
1062 2501 1234 2546 pericula.
1284 2499 1410 2544 Neque
1440 2499 1535 2530 enim
1561 2508 1605 2529 ex

172 2543 368 2621 praeterito
389 2552 472 2575 casu
497 2549 629 2578 certam
660 2546 765 2580 nobis
802 2547 846 2580 de
876 2548 964 2592 ipsis
998 2548 1186 2582 victoriam
1217 2557 1403 2591 possumus
1430 2544 1602 2588 polliceri.

195 2588 381 2622 ‘erisimile
406 2589 503 2623 enim
526 2595 592 2630 est,
616 2603 675 2625 eos
708 2594 771 2637 qui
806 2599 912 2627 antea
939 2600 1119 2635 errarunt,
1157 2593 1381 2638 experientia
1405 2592 1481 2635 ipsa
1516 2588 1605 2634 quid

174 2634 384 2679 fugiendum
409 2635 465 2675 sit,
495 2635 652 2678 edoctos,
688 2639 723 2672 id
750 2640 847 2684 quod
872 2641 1039 2674 omissum
1062 2641 1335 2684 neglectumque
1360 2637 1444 2676 suit,
1469 2636 1607 2668 maiore

177 2679 344 2729 deinceps
368 2680 408 2716 in
431 2681 536 2716 rebus
562 2685 724 2728 gerendis
750 2697 832 2722 eiua
865 2692 1165 2733 compensaturos.
1215 2685 1253 2719 Si
1285 2693 1368 2721 vcro
1394 2682 1491 2718 Deus
1516 2682 1607 2731 ipsis.
