1832 3152
276 118 382 172 288
835 135 1106 180 AGATfflAE

82 242 173 279 A.C.
191 243 256 288 557
272 236 415 281 δεινοῖς
447 235 515 275 dec
544 232 567 273 ὅ
587 233 669 275 τῶν
694 235 888 277 τοιούτων
917 233 1146 292 ἀνθρώπων
1171 238 1291 293 ἐσμὸς
1314 238 1588 297 ἀναφύεσθαι.
1613 244 1673 284 -ἐ-

89 313 91 315 ¹
140 288 204 323 Ῑ·Ῑ·
223 292 454 351 3Ιψεύσατο
486 299 531 338 δὲ
565 294 677 349 ὅμως
706 293 754 338 εὖ
781 301 958 341 ποιοῦσα
993 299 1165 358 ἑκατέρα
1197 305 1381 356 μαντεία.
1428 308 1552 360 ἐχρῆν
1581 305 1674 361 γὰρ,

272 359 401 413 οἶμαι,
433 364 505 402 καί
535 361 721 414 ἀσεβείας
740 361 903 418 φεύγειν
931 365 1094 419 γραφὴν
1116 365 1211 415 τούς
1231 366 1280 408 τὰ
1300 369 1438 410 τοιάδε
1470 367 1675 423 ὄνειροπο-

269 428 458 477 λοῦντας,
497 425 570 466 καί
598 428 726 480 μηδὲν
738 427 873 468 ὁτιοῦν
900 431 1019 469 πλέον
1043 429 1225 482 γνώσεως
1265 434 1357 486 πέρι
1387 435 1442 490 τῷ
1482 434 1676 489 κρείττονι

269 488 659 542 καταλιμπάνοντας.
718 490 820 532 ἄλλα
853 491 931 547 γὰρ
972 493 1120 542 οὐδείς’
1135 491 1247 542 ὅστις
1283 491 1332 549 ἦν
1367 498 1410 538 ἐν
1442 499 1497 553 τῷ
1526 496 1613 539 τότε
1650 496 1699 543 65
1733 515 1736 518 ·

267 551 323 607 μὴ
350 553 442 594 λίαν
462 553 603 603 δεδιώς
636 554 706 595 καί
725 557 1059 609 ἐκπεπληγμένος.
1086 556 1194 598 λιταί
1208 562 1423 614 τοιγαροῦν
1446 557 1673 614 ἑκασταχοῦ

268 617 340 658 καί
362 614 468 674 ᾦδαί
500 617 697 674 ἱκετήριοι
717 618 936 673 ἠκούοντο,
978 619 1169 663 ἁπάντων
1214 623 1272 670 εἰς
1307 625 1428 663 τοῦτο
1462 623 1674 679 ἀγειρομέ-

227 687 365 723 Βνων·
402 680 454 723 τά
478 698 522 722 τε
542 683 642 739 λόγῳ
674 685 750 735 μὲν
777 682 844 725 del
865 683 1162 737 ἐπαινούμενα,
1202 683 1304 742 ἔργῳ
1330 688 1374 727 δὲ
1401 687 1674 743 σπανιώτερον

149 755 188 787 V.
206 746 570 799 ιο4βεβαιούμενα,
600 748 687 788 τότε
711 747 759 801 δὴ
785 747 1078 803 προθυμότατα
1101 748 1331 804 ἐπράττετο·
1369 751 1524 791 δίκαιοί
1535 766 1575 792 τε
1594 749 1671 806 γὰρ

269 807 425 866 ἀθρόον
445 812 728 853 ἀπεδείκνυντο
753 809 927 862 ἅπαντες
949 813 991 861 ἐς
1020 812 1071 853 τὰ
1098 812 1333 865 συμβόλαια
1353 813 1403 854 τὰ
1427 812 1526 869 πρὸς
1551 810 1726 869 ἆλλὴ-ιο

267 879 375 927 λους,
403 874 459 922 ὦς
485 875 556 915 καί
576 874 670 924 τοὺς
695 872 898 931 ἄρχοντας
917 876 963 917 τὸ
984 880 1199 933 κερδαλέον
1215 877 1543 932 ἀποβεβληκότας
1566 876 1672 930 μετοὶ

267 941 349 980 τῶν
370 937 515 990 νόμων·
533 938 607 989 τὰς
634 943 747 989 δίκας
764 945 984 982 ποιεῖσθαι·
1011 941 1108 991 τούς
1136 958 1178 983 τε
1203 937 1334 990 ἄλλως
1367 941 1564 991 δυνατούς
1595 944 1664 997 ἐφ’.

266 1000 424 1044 ἐαυτῶν
455 1004 719 1059 ἠρεμοῦντας,
751 1002 840 1046 ὅσιοί
867 1022 910 1046 τε
939 1007 1040 1062 δρᾷν
1065 1007 1135 1047 καί
1156 1007 1384 1059 ἀπέχεσθαι
1419 1008 1499 1048 τῶν
1535 1005 1674 1059 αἰσχί-

266 1084 386 1108 στων.
426 1066 526 1110 ἔνιοι
546 1070 592 1109 δὲ
622 1069 692 1110 καί
713 1067 947 1111 παντάπασι
972 1069 1042 1124 τὴν
1066 1070 1227 1112 δίαιταν
1257 1069 1566 1122 ἑξαλλάξαντες,
1593 1085 1672 1122 μο-

264 1130 367 1185 νήρη
394 1131 486 1173 τινὰ
515 1132 588 1174 καί
615 1128 748 1188 ὄρειον
773 1131 1008 1187 ἠσπάσαντο
1039 1139 1128 1188 βίον
1145 1169 1157 1188 ‚
1193 1137 1264 1176 καί
1294 1134 1417 1187 τιμὰς
1462 1137 1532 1175 καί
1567 1133 1723 1188 χρή-15

263 1213 376 1248 ματα
398 1199 469 1238 καί
497 1195 626 1239 ὁπόσα
655 1196 804 1251 ἥδιστα
832 1201 932 1254 παρ’
953 1195 1188 1255 ἀνθρώποις
1212 1201 1402 1252 μεθέντες
1423 1202 1494 1240 καί
1522 1199 1671 1253 ἀνηνά-

262 1276 391 1313 μενοι.
425 1259 554 1302 πολλοὶ
592 1263 637 1303 δὲ
659 1263 730 1303 καί
749 1269 834 1311 τοῖς
854 1262 979 1317 ἱεροῖς
1008 1263 1229 1318 προσήγετο
1253 1265 1383 1318 δῶρα,
1413 1262 1485 1304 καί
1512 1262 1668 1317 νύκτωρ

145 1331 180 1365 Ρ.
194 1325 308 1370 14902
337 1325 542 1380 κράτιστοι
567 1329 647 1367 τῶν
669 1327 819 1379 α’στοῖν,
844 1329 1166 1382 περινοστοῦντες
1183 1326 1254 1376 τὰς
1284 1325 1540 1383 λεωφόρους,
1568 1326 1672 1368 ἐδω-

262 1390 315 1445 δῇ
343 1405 385 1431 τε
427 1386 593 1446 ἀφθόνῳ
632 1392 704 1431 καί
733 1393 1004 1446 περιβολαίοις
1041 1391 1385 1446 ἐφιλοφρονοῦντο
1418 1390 1588 1440 τούτους
1620 1388 1670 1445 δὴ

261 1451 357 1500 τοὺς
387 1449 582 1508 οἷχρειόυς
610 1456 682 1494 καί
711 1455 1022 1509 οἰκτροτάτους,
1068 1454 1203 1496 ὁποῖοι
1237 1453 1381 1496 πολλοί
1418 1454 1468 1496 τοὶ
1498 1454 1725 1508 σώματααο

260 1518 540 1572 πεπηρωμένοι
562 1517 632 1558 ἐπὶ
652 1519 726 1559 τοῦ
751 1517 933 1574 ἐδάφους
957 1517 1199 1575 ἐρ’ῥίφαται,
1227 1517 1278 1561 τὰ
1305 1516 1507 1573 ἀναγκαῖα
1533 1520 1672 1574 ἐρανι-

351 1606 382 1628 2.
410 1592 510 1640 ὅμως
531 1594 610 1629 add.
636 1606 678 1628 ex
701 1597 738 1628 R.
794 1595 828 1631 3.
856 1593 901 1628 τὰ
930 1595 1008 1628 add.
1037 1607 1080 1628 ex
1105 1597 1141 1628 R.
1218 1604 1251 1640 9.
1276 1594 1482 1642 ἐπράσσετο
1507 1597 1543 1628 Β.
1617 1607 1668 1630 ιο.

347 1641 401 1677 εἰς
424 1642 500 1678 Par,
523 1652 586 1684 pro
605 1641 651 1678 ἐς.
762 1653 811 1675 ιι.
832 1639 1010 1687 Ρτο’μετοὶ
1022 1643 1096 1676 Par.
1121 1640 1224 1675 κατὰ.
1375 1641 1423 1684 14.
1449 1640 1670 1681 ἐξαλλάξαν-

349 1696 407 1723 τες
430 1688 489 1726 Β.,
512 1685 631 1720 ἐναλλ.
652 1687 745 1732 vulg.
852 1689 901 1722 15.
927 1689 990 1719 καὶ
1015 1699 1089 1733 τιμ.
1118 1689 1181 1722 καὶ
1203 1698 1263 1732 χρ.
1287 1687 1325 1721 Β.
1351 1692 1387 1720 et
1410 1688 1534 1733 Intpr„
1557 1685 1670 1733 χρῆμ.

349 1734 413 1765 καὶ
435 1744 510 1778 τιμ.
534 1733 624 1778 vulg.
714 1735 763 1767 16.
788 1733 1030 1778 μεθελτόντες
1051 1735 1089 1766 R.
1160 1745 1213 1767 21.
1237 1732 1461 1779 έῤῥίφανται
1486 1736 1523 1767 R.

258 1811 477 1856 temporibus
495 1811 682 1855 pullulare.
714 1812 909 1855 Utrumque
929 1822 1011 1843 vcro
1030 1812 1239 1844 vaticinium
1259 1811 1404 1856 publico
1424 1811 1520 1844 bono
1540 1819 1669 1842 vanum

259 1857 341 1890 fuit.
389 1857 585 1900 Oportebat
602 1858 697 1889 enim
713 1867 788 1889 mea
810 1857 987 1889 sententia
1011 1858 1118 1889 etiam
1136 1858 1327 1900 impietatis
1344 1867 1517 1888 arcessere
1543 1855 1668 1887 talium

260 1904 476 1935 somniorum
493 1903 715 1947 interpretes,
741 1902 944 1946 nullamque
972 1902 1179 1945 ampliorem
1198 1913 1312 1934 rerum
1330 1903 1524 1934 futurarum
1545 1901 1668 1945 cogui-

258 1948 393 1980 tionem
413 1949 490 1982 Deo
513 1949 763 1993 relinquentes.
812 1947 974 1980 Ceterum
996 1958 1099 1980 nemo
1120 1953 1194 1979 tum
1211 1948 1380 1991 temporis
1402 1952 1487 1987 crat,
1512 1946 1572 1991 qui
1596 1957 1669 1978 non

258 1999 356 2026 metu
383 1993 608 2026 vehementer
622 1993 804 2037 perculsus
828 1993 1071 2037 attonitusque
1093 1998 1193 2025 esset.
1243 1993 1417 2037 Quocirca
1440 1997 1520 2025 vota
1547 1993 1669 2036 quoti-

260 2039 318 2071 die
334 2039 638 2083 nuucupabantur,
658 2037 853 2083 hymnique
875 2039 1049 2082 supplices
1067 2039 1315 2079 audiebantur,
1328 2038 1491 2070 omnibus
1508 2039 1668 2070 inunum

260 2085 498 2129 congregati33
525 2091 561 2117 et
582 2095 671 2129 quae
693 2085 810 2117 verbis
833 2083 976 2128 quidem
1000 2094 1135 2127 semper
1154 2084 1361 2124 laudantur,
1386 2094 1422 2115 re
1455 2089 1572 2116 autem
1593 2083 1670 2127 ipsa

260 2141 338 2162 raro
368 2131 637 2170 confirmantur,
669 2135 744 2162 tum
780 2130 904 2175 utique
936 2130 1196 2173 promptissime
1232 2129 1511 2173 praestabantur.
1577 2128 1667 2161 Iusti

259 2177 355 2207 enim
374 2176 559 2208 confestim
579 2187 699 2208 omnes
720 2177 759 2208 in
782 2175 913 2208 mutuis
934 2176 1170 2207 contractibus
1193 2175 1403 2208 videbantur
1419 2199 1428 2215 ,
1456 2173 1544 2206 adeo
1563 2179 1605 2206 ut
1633 2178 1670 2206 et

258 2221 437 2265 principes
459 2223 619 2266 quaestui
640 2222 896 2259 renuntiantes,
912 2230 954 2252 ex
974 2221 1090 2263 legum
1109 2232 1229 2254 norma
1249 2221 1382 2254 iudicia
1395 2223 1608 2259 exercerent,
1633 2223 1670 2252 et

293 2267 329 2298 ui
351 2267 570 2310 potentiores
587 2272 714 2306 essent,
738 2267 857 2310 quiete
872 2265 1099 2310 modesteque
1118 2277 1153 2299 se
1174 2272 1345 2310 gerentes,
1368 2266 1460 2298 iusta
1487 2275 1668 2310 aequaque

265 2279 436 2352 linerent,
462 2318 497 2344 et
521 2323 540 2343 a
558 2312 721 2356 turpibus
739 2313 840 2344 factis
864 2311 1092 2344 abstinerent.
1139 2311 1312 2344 Nonnulli
1332 2323 1426 2350 vcro,
1444 2311 1538 2344 vitae
1562 2311 1667 2342 insti-

265 2362 343 2391 tuto
365 2369 504 2402 prorsus
529 2359 727 2397 immutato,
749 2358 940 2390 solitariam
966 2357 1141 2401 quandam
1168 2363 1204 2390 et
1227 2363 1428 2390 montanam
1449 2357 1555 2389 vitam
1584 2360 1668 2388 sunt

265 2403 437 2447 amplexi,
473 2403 599 2447 opibus
628 2408 664 2435 et
698 2402 894 2435 honoribus
921 2403 1155 2448 omnibusque
1190 2403 1306 2443 rebus,
1339 2413 1429 2448 quae
1459 2400 1664 2434 hominibus

266 2450 382 2481 solent
404 2459 479 2481 esse
509 2448 734 2493 gratissimae,
759 2449 1002 2481 renuntiantes
1034 2459 1073 2480 ac
1093 2449 1338 2481 valedicentes.
1378 2448 1527 2480 Plurima
1557 2447 1666 2478 etiam

265 2495 407 2538 templis
430 2494 573 2527 donaria
595 2493 852 2534 offerebantur,
877 2498 913 2526 et
932 2498 1038 2525 noctu
1054 2494 1223 2527 lautiores
1241 2494 1553 2538 opulentioresque
1573 2492 1666 2524 cives

265 2541 401 2584 plateas
420 2540 610 2579 obeuntes,
631 2540 726 2583 largo
751 2539 829 2572 cibo
851 2544 887 2571 et
903 2539 1058 2572 vestibus
1086 2539 1264 2573 donabant
1284 2550 1410 2584 egenos
1430 2537 1666 2570 miserrimos-

268 2596 338 2630 que
354 2585 526 2626 homiues,
545 2586 607 2630 qui
620 2586 823 2629 frequentes
839 2585 955 2617 claudi
974 2585 1123 2630 aliisque
1136 2585 1302 2618 membris
1321 2584 1437 2617 mutili
1458 2583 1556 2615 humi
1569 2583 1665 2614 iace—

266 2630 364 2671 bant,
387 2632 513 2675 stipem
534 2630 781 2663 mendicantes.
818 2630 910 2663 Haec
927 2636 1045 2663 autem
1065 2632 1181 2663 omnia
1201 2631 1245 2664 ad
1264 2636 1394 2663 certum
1411 2628 1559 2672 aliquod
1573 2632 1666 2660 tem-

265 2688 332 2721 pus
367 2677 516 2719 fiebant,
550 2677 683 2711 receuti
705 2676 871 2715 videlicet
892 2675 1007 2710 adhuc
1023 2681 1060 2710 et
1080 2677 1219 2720 vigente
1244 2681 1351 2710 metu.
1400 2673 1552 2708 Simulac
1582 2683 1665 2710 vero
