1794 3112
539 118 914 161 HISTomARUM
958 123 1008 162 u.
1037 122 1106 166 27.
1460 117 1479 152 1
1494 95 1561 150 25

130 224 272 282 κότες,)
299 221 374 264 οὔκ
409 218 470 263 ἔτι
500 218 650 272 ὁμοίως
683 220 962 270 ἀντιτιθέντες
1004 218 1100 270 τούς
1127 219 1308 276 χρόνους
1337 215 1655 273 διευκρινὴ-ΑΕ,
1679 228 1749 272 554

132 303 258 332 σαντο
273 321 285 340 ,
313 286 409 328 δέον
431 282 542 326 οὕτω
569 291 716 328 ποιεῖν.
758 287 854 339 ε’μοί
874 288 919 328 δὲ
942 285 989 327 τὸ
1015 282 1183 342 ἀκριβὲς
1211 282 1285 325 καὶ
1302 282 1459 325 τούτων
1478 282 1575 337 πέρι
1588 279 1612 311 Ῑ·
1633 277 1659 310 Ῑ·
1680 280 1724 311 ²5

133 350 401 408 ἇναλέλεκται
428 351 474 395 ἐκ
509 351 592 392 τῶν
622 349 735 407 παρὰ
770 351 917 408 σφίσιν
949 352 1313 407 ἐγγεγραμμένων,
1362 347 1434 390 καί
1460 346 1579 401 οἶμαι

133 420 185 475 τῇ
203 415 393 474 παρούσῃ
418 418 634 473 ξυγγραφῇ
658 415 772 469 μάλα
797 415 1019 473 προσήκειν
1042 416 1234 458 ἁπάντων
1261 415 1583 469 ἐπιμνησθῆναι·

108 485 207 534 5καί
221 485 362 525 τοίνυν
380 480 539 538 προϊών
565 480 847 537 ἐπιμνήσομαι
858 516 870 536 ,
896 481 1021 538 ἡνίκα
1045 478 1096 524 ἂν
1118 483 1206 522 δεῖν
1227 480 1428 535 οἰηθείην,
1457 481 1496 521 εἰ
1513 479 1586 520 καὶ

137 547 348 602 ὀνομάτων
378 548 538 588 πολλῶν
572 545 645 588 καί
671 546 829 590 τούτων
857 548 1127 603 βαρβαρικῶν
1162 541 1267 587 οὕτω
1304 542 1353 600 δή
1379 561 1420 586 τι
1450 546 1587 598 ψιλῶς

137 611 387 666 καταλόγους
407 615 621 654 ποιεῖσθαι
662 611 823 668 δεήσει,
851 615 924 654 καί
942 614 1074 654 ταῦτα
1106 611 1226 653 ἐνίων
1259 608 1440 652 οὖδενότι
1471 607 1589 660 ἀξια-

139 678 322 737 φήγητον
348 680 644 734 εἰργασμένων·
693 682 888 721 τοσοῦτον
914 680 962 719 δὲ
993 678 1120 731 μόνον
1147 675 1253 734 πρὸς
1282 674 1328 718 τὸ
1365 673 1500 730 παρὸν
1529 672 1590 715 εἶ’-

139 759 259 798 ποιμι
293 739 345 786 ἂν
394 745 468 785 τοῦ
497 746 658 800 σαφοῦς
698 760 743 799 γε
769 745 884 786 ἕκατι
909 745 982 785 καί
1005 745 1048 793 ἐς
1072 747 1246 784 πλεῖστα
1265 740 1502 797 χρησίμου,
1531 736 1621 787 ὦςΟ

92 809 259 851 mentia
290 824 334 850 τε
364 807 437 850 καί
461 810 560 851 δέκα
582 809 654 851 καί
678 810 783 865 πρός
810 825 856 863 γε
882 807 1111 865 τριακόσιοι
1136 809 1324 850 ἐνιαυτοί
1341 805 1589 848 τελευτῶσιν

140 876 184 924 ἐς
210 873 257 916 τὸ
279 875 462 926 πέμπτον
490 889 535 915 τε
567 876 638 916 καί
662 873 848 917 εἰκοστὸν
871 873 963 923 ἔτος
983 875 1054 930 τῆς
1075 871 1269 929 Χοσρόου
1294 869 1440 913 τούτου
1469 873 1591 923 βασι-

141 941 265 989 λείας.
304 942 403 980 καθ)
437 936 482 981 ὃν
514 938 565 995 δη
587 938 740 996 χρόνον
764 941 808 982 οἵ
835 956 879 981 τε
910 941 955 982 ἐν
982 941 1029 996 τῇ
1059 939 1243 992 Κολχίδι
1265 937 1385 993 χώρᾳ
1418 934 1593 987 πόλεμοι

143 1005 409 1062 διεφέροντο,
437 1007 512 1046 καί
543 1003 616 1047 τὸν
640 1003 895 1061 Μερμερόην
917 1004 1148 1058 ἆποβιῶναι
1172 1003 1421 1058 ξυνηνέχθη.
1450 1001 1594 1056 διήνυ-

144 1085 218 1112 στο
241 1071 288 1112 δὲ
319 1063 402 1125 ἄρα
430 1070 475 1111 ἐν
497 1072 554 1128 τῷ
583 1069 697 1124 τότε,
734 1067 1012 1126 Ἰουστινιανῷ
1037 1072 1211 1124 βασιλεῖ’
1230 1065 1331 1111 ὂκτιό
1366 1082 1411 1108 τε
1441 1067 1512 1108 καί
1535 1063 1596 1107 εἴ-

96 1139 262 1190 15κοσιν
283 1131 355 1189 ἔτη
385 1132 606 1188 Ῥωμαίων
630 1138 864 1193 κρατοῦντι.

241 1235 274 1270 7.
311 1223 569 1269 ιῖξιαφὴγηται
601 1223 643 1261 Β.
783 1225 815 1259 8.
848 1225 1034 1258 τοσοῦτον
1071 1223 1122 1265 R„
1146 1224 1306 1257 τοσοῦτο
1323 1223 1420 1269 vulg.
1545 1233 1598 1257 ιο.

241 1272 350 1306 ἐννέα
394 1280 433 1303 τε
481 1272 544 1303 καὶ
585 1269 673 1304 δέκα
717 1271 755 1304 R.
771 1296 781 1312 ‚
814 1270 1078 1306 ἐννεακαίδεκα
1101 1271 1195 1315 vulg.
1246 1289 1294 1296 —-
1331 1271 1469 1316 Pagius
1511 1268 1598 1302 Crit.

244 1319 285 1351 in
313 1318 443 1352 Baton.
475 1317 630 1350 Annales
672 1318 712 1351 T.
740 1319 782 1350 11.
821 1328 856 1362 p.
887 1319 967 1352 602.
1014 1317 1048 1350 h.
1080 1317 1103 1349 l.
1148 1328 1282 1350 annum
1326 1317 1371 1350 ab
1428 1316 1596 1349 instituto

244 1374 353 1409 regno
392 1363 531 1396 Persico
564 1375 644 1396 cum
674 1364 871 1398 Iustiniani
907 1370 944 1397 et
975 1362 1143 1397 Chosrois
1182 1363 1287 1396 annis
1320 1374 1394 1396 non
1425 1362 1599 1395 conveni-

247 1422 286 1444 re
322 1410 417 1443 bene
451 1410 644 1442 intellexit.
705 1409 777 1443 Sed
815 1410 913 1443 idem
950 1421 1063 1456 quum
1097 1410 1308 1443 Mermerois
1345 1414 1498 1443 mortem
1530 1420 1597 1441 an-

247 1468 295 1490 no
326 1467 361 1501 p.
383 1455 468 1491 Cbr.
502 1467 538 1490 n.
565 1458 642 1490 552.
666 1458 833 1501 assignet,
870 1455 1006 1502 quippe
1031 1467 1102 1502 quo
1131 1467 1226 1488 anno
1254 1457 1418 1500 Procopii
1443 1457 1601 1489 Persica-

249 1514 329 1536 rum
356 1513 474 1535 rerum
499 1500 651 1535 historia
672 1503 832 1544 desinat,
857 1513 981 1536 omnes
1004 1513 1171 1535 numeros
1198 1502 1235 1534 in
1263 1502 1343 1536 loco
1372 1507 1495 1535 nostro
1522 1513 1602 1535 cor-

250 1554 374 1594 ruptos
400 1559 478 1581 esse
503 1555 646 1589 censet,
676 1554 715 1583 et
740 1552 817 1594 327.
843 1560 908 1594 pro
938 1551 1031 1593 3¹9„
1063 1560 1117 1582 22.
1140 1559 1205 1594 pro
1231 1549 1285 1582 25.
1314 1553 1351 1582 et
1375 1551 1429 1583 26.
1454 1559 1519 1594 pro
1547 1548 1602 1583 28.

251 1595 401 1629 rescribi
438 1593 550 1628 iubet.
602 1595 752 1630 “Verum
786 1597 864 1652 ipse
897 1595 1065 1640 Agathias
1096 1606 1131 1639 p.
1160 1595 1214 1630 55.
1239 1595 1276 1627 Β.
1325 1596 1463 1628 Persica
1487 1595 1604 1635 bella,

251 1652 335 1676 mox
365 1641 582 1682 enarranda,
615 1635 709 1675 κατὰ
741 1653 831 1679 τους
861 1639 1002 1678 αὐτοὺς
1042 1641 1208 1687 χρόνους
1243 1652 1323 1673 cum
1356 1641 1604 1687 superioribus

253 1686 291 1722 11.
318 1699 348 1721 e.
374 1698 454 1720 cum
479 1687 619 1732 ingenti
641 1693 756 1721 terrae
780 1694 880 1722 motu
918 1689 1079 1722 evenisse
1109 1689 1322 1733 profitetur;
1356 1688 1454 1721 hunc
1484 1693 1607 1721 autem

238 1745 351 1771 ,anno
381 1733 463 1768 Chr.
482 1735 560 1778 554.
587 1734 758 1768 accidisse
785 1747 896 1781 quum
923 1739 1000 1768 tota
1023 1741 1223 1780 temporum
1248 1735 1338 1767 ratio
1363 1735 1508 1776 evincit,
1528 1740 1607 1768 tum

257 1781 335 1826 ipse
358 1781 482 1824 Pagius
507 1781 700 1814 Baronium
726 1783 905 1827 corrigens
930 1781 1056 1826 p.615.
1081 1781 1252 1815 ostendit.
1301 1782 1346 1814 Et
1371 1781 1432 1815 hic
1458 1781 1607 1828 quidem

257 1838 372 1860 annus
406 1827 502 1860 idem
526 1827 588 1860 ille
614 1834 679 1868 cst,
706 1839 813 1873 quem
838 1828 1006 1872 Agathias
1031 1827 1065 1860 h.
1090 1828 1113 1860 l.
1138 1840 1156 1860 a
1175 1826 1344 1861 Chosrois
1367 1829 1473 1861 initio
1498 1828 1601 1872 regni

256 1874 486 1919 proficiscens
509 1874 719 1908 vicesimum
737 1876 904 1920 quintum
917 1900 926 1915 ,
945 1886 965 1907 a
987 1875 1177 1908 Iustiniani
1198 1875 1409 1909 vicesimum
1437 1883 1609 1909 octavum

259 1931 335 1954 esse
360 1920 460 1954 dicit.
508 1919 612 1953 Nihil
636 1922 746 1966 igitur
770 1923 808 1955 in
831 1921 888 1954 his
912 1920 1137 1961 mutandum,
1162 1921 1225 1954 sed
1251 1927 1373 1966 aperte
1397 1921 1483 1954 huic
1515 1932 1609 1954 anno

261 1968 370 2001 etiam
401 1978 514 2000 annus
548 1969 650 2012 regni
675 1968 806 2002 Persici
838 1968 1159 2001 accommodandus
1193 1972 1267 2007 est,
1301 1968 1400 2014 quod
1435 1968 1611 2001 facillime
1645 1974 1648 1978 '

261 2013 344 2054 fiet,
370 2013 401 2046 si
426 2024 491 2058 pro
520 2013 629 2048 ἐννέα
653 2023 692 2047 τε
716 2016 780 2048 καὶ
804 2012 894 2048 δέκα
918 2015 1160 2048 restituimus:
1189 2013 1296 2047 ἐννέα
1322 2023 1361 2047 τε
1388 2017 1452 2047 καὶ
1476 2015 1611 2057 εἴκοσι;

261 2059 332 2093 nisi
357 2060 450 2093 forte
476 2060 515 2092 in
539 2059 636 2094 hunc
660 2072 815 2095 errorem
839 2063 917 2105 ipse
944 2060 1112 2106 Agathias
1135 2061 1227 2094 male
1256 2060 1429 2094 ducendis
1461 2062 1616 2094 rationi-

260 2104 331 2140 bus
346 2106 518 2140 inciderit
540 2105 676 2152 (adnot.
693 2107 813 2155 Clas.).
842 2111 892 2143 13.
914 2104 982 2142 τὸν
998 2110 1123 2153 Μερμ.
1147 2109 1200 2148 R„
1225 2118 1258 2143 τ.
1282 2106 1355 2153 μὲν
1374 2109 1498 2154 Μερμ.
1518 2108 1612 2152 vulg.

175 2207 256 2231 eum
289 2197 455 2245 alioquin
487 2198 540 2231 ita
576 2197 695 2232 facere
736 2199 968 2244 oportuisset.
1026 2198 1100 2243 Ego
1131 2208 1216 2232 vero
1246 2203 1427 2238 accurate,
1449 2209 1542 2244 quae
1569 2197 1614 2230 de

174 2243 233 2278 his
257 2244 367 2278 etiam
392 2245 438 2279 ab
461 2244 548 2288 ipsis
582 2245 785 2290 conscripta
815 2251 910 2286 sunt,
947 2244 1137 2290 recollegi3
1176 2250 1213 2278 et
1234 2247 1415 2289 praesenti
1440 2243 1616 2278 historiae

176 2301 392 2335 magnopere
414 2291 614 2325 conducere
632 2293 788 2326 arbitror
812 2292 976 2325 omnium
998 2292 1217 2325 meminisse.
1267 2293 1308 2324 In
1328 2302 1515 2338 progressu
1543 2292 1615 2324 ita-

178 2347 273 2383 que,
296 2336 360 2370 ubi
380 2349 470 2383 opus
490 2338 568 2372 sore
592 2338 811 2379 indicavero,
843 2338 883 2371 id
909 2338 1062 2381 faciam;
1099 2339 1243 2372 tametsi
1266 2339 1380 2372 multa
1413 2338 1560 2371 nomina
1580 2341 1618 2370 et

181 2382 331 2430 quidem
353 2382 507 2417 barbara
531 2384 660 2418 leviter
679 2390 820 2418 tantum
845 2396 1031 2419 recensere
1053 2385 1261 2429 oportebit3
1287 2390 1323 2418 et.
1343 2385 1492 2431 quidem
1524 2395 1618 2417 non-

179 2429 377 2470 nullorum,
388 2431 452 2475 qui
471 2428 568 2463 nihil
587 2437 785 2465 memoratu
807 2430 955 2477 dignum
979 2437 1174 2476 gesserunt.
1203 2432 1280 2465 Hoc
1298 2436 1438 2464 tantum
1458 2431 1496 2462 in
1511 2441 1617 2474 prae-

181 2475 299 2510 sentia
319 2475 408 2509 lucis
432 2475 673 2523 utilitatisque
695 2477 741 2511 ad
757 2477 914 2521 plurima
939 2488 1046 2511 causa
1067 2477 1186 2510 dicam
1200 2503 1209 2519 ,
1247 2477 1478 2522 undeviginti
1513 2487 1619 2520 supra

181 2527 364 2557 trecentos
376 2533 488 2555 annos
499 2523 686 2558 terminari
707 2530 816 2570 atque
834 2524 999 2558 desinere
1016 2524 1055 2557 in
1069 2525 1282 2569 vigesimum
1302 2525 1471 2570 quintum
1484 2533 1618 2555 annum

181 2568 329 2613 imperii
349 2567 457 2602 huius
481 2567 670 2612 Chosrois3
693 2582 765 2616 quo
784 2571 862 2615 ipso
885 2576 1047 2615 tempore
1078 2576 1115 2604 et
1141 2570 1239 2604 bella
1260 2571 1299 2603 in
1319 2570 1489 2604 Colchica
1509 2569 1623 2602 ditio-

183 2625 231 2648 ne
251 2614 441 2659 vigebant,
467 2619 504 2648 et
526 2614 762 2650 Mei-meroem
782 2622 935 2652 mortem
952 2617 1054 2651 obire
1077 2618 1239 2662 contigit.
1289 2616 1510 2650 lastinianus
1537 2626 1621 2649 vero

185 2661 383 2706 imperator
404 2666 481 2694 tum
500 2661 673 2705 temporis
696 2662 909 2709 vigesimum
930 2669 1095 2701 octavum
1124 2674 1273 2705 annum,
1291 2673 1335 2696 ex
1366 2673 1438 2709 quo
1455 2662 1622 2696 Romanis

186 2707 401 2756 imperarat,
426 2712 624 2754 peregerat.
