1832 3152
305 128 417 182 326
717 182 719 184 ,
897 142 1167 186 AGATHIAE

116 251 205 287 A.C.
228 252 293 288 558
306 242 477 294 παντὸς,
514 241 619 286 α’,λλὰ
656 242 776 294 μόνον
811 240 924 295 ἀμφὶ
955 241 1006 282 τὰ
1045 238 1150 298 ἄκρα
1173 243 1244 284 καὶ
1268 242 1314 284 τὸ
1346 248 1612 298 μεσαίτατον,
1638 244 1712 287 καὶ

177 298 243 333 LI·
258 300 301 333 32
307 306 466 359 μείζοσι
488 307 649 357 δεσμοῖς
670 303 1019 361 περισφιγξαντες,
1047 308 1242 360 ξυνῆπτον
1266 304 1457 362 ἇλλήλαις
1486 308 1615 358 αὐτὰς
1641 308 1712 350 καὶ

306 369 589 423 ξυνεμίγνυον,
631 371 723 410 λίαν
747 371 790 411 ἐν
817 371 907 425 χρῷ
923 371 1213 423 πεπιεσμένας,
1241 371 1298 420 ὥς
1317 378 1425 427 τρεῖς
1447 371 1573 427 τυχὸν
1594 369 1623 427 ἢ
1639 372 1712 414 καὶ

267 433 466 481 (Ζπλείους
493 435 534 482 ἐς
556 435 659 485 μίαν
680 430 968 474 ἀποτελεῖσθαι
997 435 1181 486 σχεδίαν,
1208 431 1328 489 εὖρος
1356 434 1531 488 ἔχουσαν
1559 433 1709 490 ιῖρκοῦν

307 495 410 552 πρὸς
435 493 597 552 α’νὸρῶν
620 496 826 552 τεττάρων
851 495 1062 550 ὑποδοχὴν
1092 499 1162 538 καί
1181 499 1392 551 ἐπίβασιν,
1420 498 1489 540 καὶ
1514 501 1569 555 τῷ
1585 501 1733 553 βάθειό

302 563 345 612 ἐς
374 564 564 603 τοσοῦτον
601 563 904 615 διικνουμένην,
933 563 975 609 ἐς
1004 559 1098 602 ὅσον
1128 563 1267 616 φέρειν
1286 561 1462 615 βεβαίως
1492 563 1544 604 τὰ
1579 559 1708 618 ἄχθη,

265 618 269 622 ”
303 627 373 667 καί
397 627 449 681 τῇ
471 623 679 680 λεπτότητι
699 623 756 680 μὴ
781 625 1072 666 καταδύεσθαι.
1123 624 1316 674 τοιαύτας
1346 624 1396 680 δὴ
1421 621 1492 667 οὖν
1520 626 1568 668 οὗ
1593 634 1707 679 μεῖον

302 683 330 744 ἢ
358 689 598 744 πεντήκοντα
619 689 691 730 καί
717 686 861 734 ἑκατὸν
887 687 1146 743 ἐτεκτήναντο
1174 689 1353 742 σχεδίας.
1409 690 1465 739 ὥς
1486 686 1538 732 ἂν
1559 693 1605 732 δὲ
1631 691 1708 732 av’-

303 759 385 803 τοῖς
418 755 705 809 πλωϊμώτεραι
740 750 844 806 εἶεν,
887 751 926 794 οἱ
955 755 1000 794 δὲ
1033 752 1085 794 τά
1121 751 1351 809 ἐμπρόσθια
1386 753 1539 796 τούτων
1572 755 1707 810 ἠρέμα

301 815 403 872 πρὸς
434 816 481 858 τὸ
508 820 711 872 μετέωρον
740 819 783 865 ἐς
813 816 983 873 πρώρας
1018 815 1146 858 τύπον
1171 815 1480 872 περιαγαγόντες
1512 817 1584 860 καὶ
1603 819 1760 860 ὕπο-10

307 881 543 934 κάμψαντες
579 881 651 923 καί
688 878 822 937 ὥσπερ
857 878 1096 936 ἀκροστόλια
1137 880 1207 922 καί
1229 883 1461 936 προέμβολα
1485 883 1709 938 ἕκμιμησαᾎ

305 961 443 998 μενοι,
471 947 709 1002 κωπητῆρας
739 947 808 1002 ἐφ’
831 944 1001 1004 ἑκατέρᾳ
1026 947 1182 1002 πλευρᾷ
1205 945 1276 990 καί
1301 943 1386 990 οἷον
1407 946 1709 1003 παρεξειρεσίας

303 1008 565 1062 αὐτομάτους
586 1007 912 1064 ἐμηχανήσαντο.

268 1085 301 1125 D
410 1072 483 1126 κβ.
538 1073 630 1114 Καὶ
653 1074 791 1115 τοίνυν
819 1070 950 1122 οὕτως
982 1075 1133 1116 ἕκαστα
1165 1073 1221 1123 ὥς
1243 1070 1326 1117 οἷόν
1356 1089 1399 1115 τε
1423 1069 1476 1128 ἧν
1501 1073 1638 1124 αὐτοῖς
1663 1075 1707 1116 ἐν

301 1139 359 1194 τῷ
383 1133 568 1192 οἷσφαλεῑ·
589 1137 937 1193 καταστησάμενοι
951 1171 964 1190 ,
1004 1139 1149 1192 ἐνῆκαν
1171 1137 1332 1187 ἁπάσας
1351 1141 1400 1194 τῇ
1426 1138 1610 1196 θαλάττῃ
1632 1141 1758 1182 zoa-15

297 1202 456 1257 θραίως
500 1197 612 1257 ἆμφί
648 1200 722 1256 τήν
757 1199 949 1258 ἑσπερίαν
980 1204 1055 1244 τοῦ
1079 1201 1229 1244 κόλπου
1252 1199 1403 1256 ἆκτὴν,
1439 1205 1510 1244 τοῦ
1530 1202 1629 1258 πρὸς
1656 1204 1706 1258 τῇ

297 1264 416 1323 Αἴνῳ
446 1268 494 1322 τῇ
529 1263 643 1307 πόλει
673 1269 1009 1322 περιαγνυμένου·-
1077 1265 1277 1319 ἐμβάντες
1307 1265 1357 1320 δὴ
1391 1263 1465 1308 οὖν
1494 1269 1538 1308 ἐν
1565 1267 1707 1315 αὐταῖς

298 1324 445 1384 ἄνδρες
465 1331 508 1378 ἐς
531 1327 785 1382 ἑξακοσίους,
822 1331 894 1371 καί
923 1328 1036 1371 πτύα
1068 1329 1125 1377 ὥς
1155 1333 1326 1371 πλεῖστα
1349 1335 1438 1379 ταῖς
1465 1331 1708 1382 ἐπικαλαμί-

300 1408 367 1434 σιν
393 1391 766 1448 ἐντροπωσάμενοι,
808 1393 878 1435 καί
894 1394 1173 1450 ἆμαθέστερόν
1200 1410 1286 1443 πως
1312 1392 1440 1452 ταύτῃ
1465 1396 1706 1450 ἐρέττοντες,

300 1453 490 1512 ἆνήγοντο
519 1455 573 1506 ὥς
595 1457 799 1499 οἷπωτάτω
827 1461 902 1513 τῆς
921 1460 1098 1513 χέρσου,
1136 1459 1430 1511 ἐξωπλισμένοι
1451 1475 1497 1500 τε
1524 1455 1575 1500 εὖ
1590 1459 1756 1512 mizano

299 1520 372 1568 καί
407 1520 510 1577 πρὸς
538 1520 584 1564 τὸ
623 1521 784 1578 ἐνεργὸν
831 1521 1054 1578 ἑστηκότες.
1118 1520 1224 1564 οὕτω
1256 1521 1334 1578 γὰρ
1365 1517 1486 1580 ᾧόντο
1521 1523 1706 1577 πελάγιοι

389 1610 420 1633 2.
442 1597 556 1636 αὐτὰς
580 1598 760 1641 ἀλλήλους
786 1600 866 1647 (sic)
891 1602 929 1634 R.
1010 1602 1041 1635 3.
1066 1602 1319 1646 συνεμίγνυον
1339 1601 1431 1646 vulg.
1509 1603 1540 1635 5.
1555 1601 1604 1646 τῷ
1618 1600 1702 1645 plaia.

386 1645 424 1683 ἐς
446 1653 522 1678 τοσ.
548 1647 609 1685 R.‚
635 1646 672 1682 ἐς
694 1654 774 1683 τοσ,
796 1646 844 1690 τῷ
865 1646 949 1690 βάθ.4
973 1647 1065 1690 vulg.
1156 1658 1188 1690 9.
1213 1645 1463 1695 πλωὶζιιότεραι
1491 1646 1570 1680 edd.
1653 1659 1701 1687 ια.

387 1692 665 1736 προεξειρεσίας
691 1692 827 1725 Suid.s.
853 1703 884 1725 v.
1009 1693 1059 1735 ¹4·
1083 1689 1185 1747 {7³16
1210 1691 1286 1747 sph.
1310 1693 1381 1725 Par.
1487 1694 1539 1731 16.
1560 1692 1602 1738 τῇ
1625 1691 1702 1727 ἄνω

511 1739 847 1783 ι7.περιαγομένου
870 1739 943 1772 Par.
1036 1749 1091 1774 20.
1115 1748 1287 1771 αποτατω
1309 1738 1347 1770 R.

299 1818 336 1852 et
357 1813 508 1854 restibus
541 1813 693 1859 lanaque
725 1820 844 1860 carpta
877 1815 1052 1860 colligatis
1068 1839 1079 1855 ,
1106 1819 1217 1848 crates
1239 1814 1434 1858 complures
1463 1813 1701 1857 confecerunt;

296 1863 373 1892 tum
383 1870 464 1892 vero
483 1861 626 1903 perticis
647 1861 686 1894 in
701 1860 844 1906 longum
859 1862 1042 1904 porrectiS,
1059 1866 1225 1904 tanquam
1239 1861 1328 1903 iugis
1350 1870 1390 1891 ac
1404 1859 1564 1892 transtris
1585 1863 1700 1892 trans-

297 1906 425 1937 versim
446 1906 712 1948 superiniectis,
734 1918 807 1940 non
838 1911 1011 1950 perpetua
1042 1906 1153 1945 serie,
1186 1905 1248 1937 sed
1278 1909 1415 1936 tantum
1436 1904 1527 1936 circa
1545 1909 1702 1938 extrema

297 1950 446 1994 ipsaque
462 1951 579 1984 media
597 1953 762 1992 cratium,
785 1951 1050 1996 maioribusque
1079 1950 1227 1983 vinculis
1251 1960 1308 1982 eas
1332 1949 1586 1993 circumligatas
1609 1951 1702 1984 inter

297 2006 336 2028 se
370 1996 638 2030 committebant
663 2002 700 2031 et
725 1997 955 2042 coaptabant,
979 1996 1081 2030 valde
1109 2001 1203 2033 arcte
1229 2006 1466 2038 compressaS,
1491 1995 1542 2027 ita
1565 2000 1606 2028 ut
1630 2001 1700 2029 tres

297 2041 390 2074 forte
418 2047 479 2074 aut
511 2048 663 2087 quatuor
687 2054 794 2076 unam
819 2042 1014 2078 naviculam
1046 2042 1239 2080 efficerent,
1267 2040 1459 2073 latitudine
1482 2041 1564 2073 satis
1583 2042 1699 2085 ampla

296 2085 342 2118 ad
361 2092 511 2130 quatuor
530 2094 684 2121 vectores
705 2088 965 2132 excipiendum,
991 2097 1104 2132 eaque
1132 2085 1388 2131 profunditate,
1416 2090 1457 2118 ut
1479 2085 1696 2129 ponderibus

286 2131 472 2174 *impositis
490 2138 568 2166 tuto
584 2133 755 2167 vehendis
772 2146 837 2178 par
860 2138 963 2173 esset,
986 2138 1022 2165 et
1040 2143 1125 2176 prae
1143 2132 1318 2166 tenuitate
1333 2142 1406 2164 non
1427 2130 1696 2176 demergeretur.

295 2176 500 2210 Istiusmodi
518 2178 640 2223 itaque
657 2180 835 2212 naviculas
854 2179 1039 2212 minimum
1060 2182 1200 2210 centum
1220 2176 1475 2222 quinquaginta
1493 2183 1699 2211 construxe-

286 2227 390 2254 runt.
424 2221 475 2257 Ut
494 2233 575 2257 vero
599 2226 817 2270 navigationi
837 2225 991 2269 aptiores
1018 2228 1145 2263 essent,
1173 2222 1366 2259 anteriores
1387 2232 1503 2254 earum
1521 2229 1638 2266 partes
1659 2224 1698 2256 in

296 2277 421 2310 prorae
448 2270 601 2311 speciem
621 2271 752 2304 leniter
781 2269 1082 2303 circumducentes
1117 2273 1225 2312 atque
1256 2273 1504 2308 recurvantes,
1528 2273 1565 2301 et
1587 2268 1698 2301 veluti

296 2313 466 2346 acroteria
488 2325 528 2346 ac
551 2315 692 2358 pluteos
719 2316 858 2349 navales
886 2315 1087 2354 imitantes,
1113 2314 1260 2353 scalmos
1285 2324 1328 2345 ex
1349 2317 1500 2358 utroque
1528 2313 1640 2348 latere
1661 2319 1698 2347 et

286 2357 407 2392 veluti
428 2364 634 2402 spontaneas
655 2362 826 2406 quasdam
840 2359 1132 2404 adremigationes
1157 2363 1239 2392 sunt
1253 2358 1452 2397 commenti.

387 2414 440 2436 22.
490 2403 578 2436 Cum
605 2406 725 2450 itaque
758 2408 797 2440 in
830 2405 925 2439 hunc
945 2405 1088 2437 modum
1110 2410 1188 2444 tuto
1217 2404 1335 2438 omnia
1357 2403 1455 2446 ipsis,
1480 2402 1596 2448 quoad
1617 2404 1695 2437 fieri

294 2451 444 2490 poterat,
468 2455 586 2483 essent
608 2457 822 2495 comparata,
851 2452 1028 2484 universas
1052 2450 1231 2484 naviculas
1254 2450 1406 2484 latenter
1437 2449 1526 2481 mari
1555 2449 1694 2488 immit-

294 2497 388 2533 tunt,
417 2494 507 2526 circa
531 2495 748 2530 occidentale
772 2498 869 2530 sinus
891 2497 1004 2535 littus,
1026 2497 1087 2540 qui
1106 2497 1242 2534 Aenum
1257 2494 1381 2533 urbem
1402 2505 1518 2527 versus
1543 2495 1694 2530 circum-

293 2539 418 2583 agitur.
466 2541 615 2585 Ingressi
640 2543 760 2586 itaque
785 2553 841 2575 eas
863 2543 930 2574 viri
954 2543 1134 2581 sexcenti,
1159 2546 1196 2574 et
1218 2540 1334 2583 paleas
1358 2539 1626 2583 quamplurimas
1653 2541 1691 2575 in

292 2583 505 2619 arundinum
529 2588 770 2620 commissuras
795 2587 1045 2626 immittentes,
1077 2598 1118 2620 ac
1141 2585 1341 2629 imperitius
1366 2584 1622 2629 quodammodo
1650 2595 1691 2618 ea

294 2639 338 2663 ex
363 2635 464 2672 parte
487 2632 707 2676 remigantes,
726 2633 928 2677 longissime
954 2645 974 2665 a
997 2638 1087 2665 terra
1111 2630 1267 2677 provecti
1294 2634 1387 2669 sunt,
1411 2629 1543 2673 optime
1567 2630 1692 2664 armati

294 2678 331 2716 et,
361 2674 405 2720 ad
438 2687 525 2720 opus
550 2680 674 2722 parati.
729 2679 902 2714 putabant
931 2679 1026 2712 euim
1058 2689 1094 2712 se
1127 2678 1175 2718 ita
1199 2676 1327 2710 sensim
1350 2676 1389 2709 in
1417 2679 1690 2715 mareevectos,
