1832 3152
615 130 990 178 msTORIARUM
1031 138 1081 176 v.
1113 139 1151 179 1.
1500 135 1611 190 279

169 235 245 289 ξῦν
269 236 496 292 ἀποχρώσῃ
517 235 710 294 στρατιᾷ,
738 238 811 279 καί
826 235 876 279 τά
898 234 1014 286 ἐκτός
1045 236 1233 286 Φάσιδος
1262 235 1452 290 ποταμοῦ
1472 251 1610 291 παρα-
1620 244 1662 281 Α.
1679 248 1718 285 C,
1742 245 1804 295 557

168 301 428 356 μειψάμενος
449 297 545 356 ὅρια
571 301 643 343 ἐπί
665 299 865 355 δυόμενον
892 299 1032 358 ἥλιον,
1074 298 1225 344 αὐτίκα
1248 303 1293 352 ἐς
1317 300 1370 344 τά
1409 298 1606 344 ἐνδότατα
1620 293 1736 332 1·1·3¹

168 369 242 422 τῆς
264 367 350 408 τότε
383 367 583 420 πολεμίας
611 366 775 423 ἐφοίτα.
803 367 1259 424 στρατοπεδευσάμενος
1293 369 1339 409 δὲ
1369 363 1485 422 οἷμφί
1508 368 1615 410 Θεο-

169 430 358 489 δωριάδα
390 430 463 487 τὴν
499 431 620 475 πόλιν
670 435 743 475 καί
775 432 822 475 τὸ
873 435 1055 480 Ῥίζαιον
1091 434 1366 487 καλούμενον,
1404 433 1541 475 αὐτοῦ
1571 448 1615 475 τε
1651 430 1657 438 “

142 498 402 553 5χαράκωμα
423 499 480 555 τῷ
511 500 673 555 στρατῷ
699 498 1046 556 περιβαλόμενος,
1075 497 1121 541 τὸ
1146 501 1226 552 μὲν
1255 495 1441 556 ἧρεμοῦν
1461 498 1522 540 ἔτι
1543 497 1618 540 καὶ

167 561 291 620 φίλον
316 564 390 605 καί
408 557 523 605 οὔπω
545 566 942 622 παρατετραμμὲνον
960 563 1344 619 μετακαλούμενος,
1383 563 1537 621 δώροις
1564 578 1644 610 τεΒ

167 630 487 685 ἐφιλοφρονεῖτο
515 629 588 672 καί
632 630 942 688 ὖπεραγάμενος
972 627 1026 686 ἦν
1049 632 1123 686 τῆς
1154 628 1376 685 εὐβουλίας
1393 647 1406 658 ·
1443 628 1542 680 τούς
1571 631 1618 671 δὲ

165 689 434 744 ἆποστάντας
458 691 608 752 ἆνὲδην
628 696 701 738 καί
727 695 1156 753 παρασπονδήσαντας
1181 699 1383 739 τίσασθαι
1418 694 1478 744 ὥς
1497 693 1618 749 τάχι-

104 783 109 786 -
166 777 248 802 στα
263 761 321 818 τῷ
342 762 508 819 πολέμῳ
527 761 872 818 παρεσκευάζετο.
901 764 992 804 ἀλλ’
1007 764 1155 804 ἐκεῖνοι
1179 762 1301 804 οὐδέν
1323 777 1365 803 τι
1382 760 1618 816 μελλήσαν-

116 841 248 879 ῐοτες,
276 825 536 884 προεπῄεσαν
567 829 626 886 τῷ
651 827 840 884 ἐρύματι,
869 830 943 870 καί
964 827 1015 884 δὴ
1043 826 1115 869 ἐπὶ
1141 826 1258 885 λόφῳ
1278 826 1362 870 τινὶ
1377 826 1512 880 ἀγχοῦ
1535 841 1615 867 που

166 891 468 948 ὖπερανέχοντι
492 894 535 942 ἐς
553 894 712 948 πλῆθος
733 896 1064 950 ξυναγερθέντες,
1095 891 1387 948 κατηκόντιζον
1411 893 1496 933 τῶν
1513 890 1618 933 Ῥω-

165 956 305 1011 μαίων
331 957 377 1009 ἐξ
403 955 655 1014 ὑπερδεξίων
678 961 753 1001 καί
781 958 1073 1013 κατετόξευον,
1108 958 1166 1009 ὥς
1203 955 1315 1001 ἅπαν
1341 956 1388 999 τὸ
1414 957 1618 1012 στράτευ-

164 1039 227 1076 μα
254 1025 592 1080 διαταραχθῆναι
626 1026 682 1081 τῷ
714 1022 899 1083 ἀδοκήτῳ
935 1027 1010 1080 τῆς
1041 1023 1210 1080 τόλμης.
1253 1022 1401 1066 πολλοὶ
1431 1025 1478 1065 δὲ
1506 1019 1618 1075 ὅμως

163 1088 429 1142 ὖπεκβάντες,
456 1089 774 1146 ἀντεπεφέροντο
793 1092 873 1143 μὲν
900 1091 1202 1147 προθυμότατα
1219 1095 1304 1138 τοῖς
1325 1087 1535 1140 ἐναντίοις,
1565 1087 1617 1127 οὕ

115 1153 248 1208 ῐὸμήν
271 1153 316 1195 ἐν
342 1154 455 1205 τάξει
474 1155 675 1211 ἐχώρουν,
698 1154 798 1196 οὐδὲ
823 1155 1034 1208 ἀνέμενον,
1058 1151 1171 1205 ὅπως
1195 1152 1350 1203 αὖτοὺς
1371 1155 1414 1203 ἐς
1440 1153 1488 1195 τὸ
1506 1155 1619 1207 χθα-

163 1217 298 1274 μαλὸν
329 1221 406 1261 τοῦ
434 1221 580 1261 πεδίου
615 1222 908 1263 ἐκκαλέσοιντο·
946 1221 1039 1262 ἀλλ’
1061 1221 1164 1278 ὄργῇ
1200 1219 1391 1275 ἐχόμενοι
1416 1221 1490 1261 καί
1513 1219 1609 1260 dno·
1620 1232 1662 1270 v·
1681 1244 1736 1266 101

166 1284 292 1342 ϋμίᾳ,
322 1285 569 1341 ἐγκαρσίους
591 1301 679 1335 πως
699 1285 775 1335 τοὶς
805 1286 986 1335 ἀσπίδας
1003 1283 1110 1342 ὑπὲρ
1137 1285 1213 1336 τάς
1234 1284 1418 1341 κεφαλὰς
1444 1285 1654 1340 προεβέ-(;

166 1353 316 1406 βληντο
330 1384 343 1403 ,
368 1350 507 1407 ἠρέμα
529 1348 835 1408 ὖποκεκυφότες
850 1385 861 1405 ,
901 1351 974 1393 καί
998 1351 1104 1408 πρὸς
1125 1350 1172 1393 τὸ
1199 1346 1370 1399 ἄναντες
1399 1352 1617 1406 ἐπειρῶντο

167 1412 498 1473 ἀναῤῥιχᾶσθαι.
540 1415 581 1458 οἱ
605 1418 650 1459 δὲ
689 1419 865 1468 Τζάννοι
897 1416 1019 1470 θαμὰ
1045 1419 1264 1471 βάλλοντες
1296 1418 1343 1458 ἐκ
1364 1417 1440 1458 τοῦ
1458 1413 1617 1469 μετεώ-

114 1496 244 1536 ρορου
295 1479 454 1537 δόρασί
487 1497 533 1523 τε
569 1481 641 1524 καὶ
667 1483 838 1539 πέτραις
865 1484 1232 1537 κυλινδουμέναις,
1280 1481 1433 1540 ῥᾳδίως
1464 1479 1618 1530 αὐτοὺς

168 1546 477 1602 ἀπεκρούσαντο
489 1581 502 1602 ,
556 1550 630 1590 καί
667 1547 993 1604 ἐπεκδραμόντες
1029 1550 1156 1604 μέχρι
1190 1550 1270 1602 μὲν
1310 1546 1615 1601 τεσσαράκοντα

265 1653 369 1687 1-Pr0
394 1652 600 1699 ἀποχρώσῃ
622 1654 780 1697 στρατιᾷ
795 1654 832 1686 R.
850 1651 1106 1699 οἶπεστρατιᾶς
1122 1652 1216 1699 (sic),
1238 1653 1351 1698 Intpr.
1368 1665 1447 1687 cum
1460 1648 1615 1686 univer·-

260 1699 312 1733 sis
341 1700 465 1746 copiis.
536 1700 571 1736 5.
583 1699 903 1754 nthfloeMdpcsvoc
917 1701 954 1732 R.
1027 1712 1059 1745 7.
1074 1699 1362 1746 ύτιεροιγόμενος
1377 1701 1414 1732 Β.
1509 1701 1540 1734 8.
1550 1700 1615 1732 Pro

259 1744 396 1788 ἀνέδην
439 1747 552 1790 Intpr.
591 1745 838 1792 impudentius
863 1745 1061 1793 (οἷναίδην).
1250 1759 1300 1792 ¹7·
1336 1747 1526 1792 ἐγκαρσία
1577 1746 1614 1779 R.

270 1804 325 1828 αι.
349 1791 665 1838 ἐπεκδραμόντες.
690 1793 750 1827 Sic
772 1794 926 1828 con-cxi.
967 1791 1124 1839 ιῖπεκδρ.
1144 1793 1237 1840 vulg.
1267 1799 1304 1827 et
1327 1794 1364 1826 R.

171 1911 249 1934 sum
277 1910 399 1934 versus
435 1905 717 1946 praetergressus
738 1925 747 1941 ‚
781 1901 904 1932 statim
940 1900 980 1933 in
1018 1900 1247 1944 penitissima
1285 1899 1430 1933 hostilis
1460 1899 1615 1943 regionis

171 1947 252 1980 loca
274 1948 450 1992 pervenit.
501 1947 635 1980 Castris
659 1957 744 1980 vero
763 1947 856 1980 circa
889 1945 1183 1980 Theodoriadem
1209 1946 1335 1979 urbem
1367 1952 1403 1979 et
1420 1945 1638 1978 Rhizaeum·

171 1993 305 2027 dictam
328 1994 478 2034 locatis,
503 1994 630 2040 ibique
654 1993 748 2028 vallo
775 1993 951 2026 exercitui
977 1993 1244 2032 circumducto,
1269 1994 1426 2034 Zannos,
1453 1993 1516 2038 qui
1551 1991 1616 2024 ad-

172 2039 244 2073 huc
266 2040 382 2086 quieti
409 2044 447 2073 et
469 2041 574 2073 amici
611 2052 654 2073 ac
685 2040 848 2074 nondum
880 2041 996 2073 aversi
1028 2046 1152 2081 erant,
1187 2041 1377 2073 accersitos
1406 2038 1616 2072 muneribus
1644 2042 1649 2047 “

170 2086 478 2134 prosequebatur,
510 2098 707 2133 eorumque
725 2086 955 2131 prudentiam
978 2087 1336 2132 moderationemque
1367 2085 1614 2127 collaudabat3

173 2139 235 2166 'eos
259 2140 357 2175 vcro,
375 2135 438 2179 qui
454 2134 525 2166 iam
549 2140 714 2178 proterve
735 2134 850 2178 ruptis
869 2133 1078 2167 foederibus
1106 2133 1332 2173 defecerant,
1358 2134 1487 2178 punire
1508 2143 1614 2178 quam

174 2179 342 2213 citissime
375 2180 474 2214 bello
505 2180 713 2225 apparabat.
761 2180 807 2213 At
834 2180 891 2212 ini
915 2179 1011 2213 nihil
1043 2181 1172 2213 morati
1207 2181 1356 2224 propius
1399 2179 1445 2212 ad
1480 2179 1614 2211 vallum

172 2231 417 2268 accesserunt,
441 2232 479 2261 et
497 2228 537 2260 in
570 2228 772 2271 proximum
797 2226 982 2273 quendam
1006 2227 1284 2260 eminentiorem
1317 2226 1446 2259 collem
1476 2225 1613 2270 magnis

175 2273 290 2317 copiis
314 2273 486 2314 collecti,
511 2273 583 2306 tela
608 2279 645 2307 et
667 2274 811 2318 sagittas
846 2274 884 2306 in
910 2275 1085 2307 Romanos
1113 2285 1157 2306 ex
1183 2273 1339 2307 editiore
1364 2274 1443 2305 loco
1464 2278 1615 2316 torque-

172 2319 286 2359 bant,
310 2318 361 2352 ita
384 2325 426 2353 ut
455 2321 642 2354 universus
670 2321 848 2354 exereitus
882 2321 1074 2365 inopinata
1103 2320 1167 2353 illa
1196 2320 1345 2353 audacia
1380 2319 1614 2364 perturbare-

173 2371 243 2398 tur.
281 2365 390 2398 Multi
422 2370 543 2400 tamen
571 2368 664 2400 vallo
699 2371 952 2411 erumpentes,
985 2373 1128 2400 strenue
1159 2366 1198 2399 in
1230 2366 1350 2399 hostes
1379 2366 1614 2404 ferebantur,

175 2411 240 2446 sed
269 2413 504 2456 incomposite
529 2414 704 2459 nulloque
731 2414 858 2447 ordine
882 2414 1149 2459 procedebant,
1174 2425 1294 2459 neque
1321 2413 1615 2457 opperiebantur,

176 2458 262 2492 dum
287 2469 347 2492 eos
373 2459 411 2491 in
436 2459 581 2503 planum
605 2465 841 2506 apertumque
867 2472 1031 2505 campum
1062 2466 1288 2501 evocassent,
1324 2459 1387 2492 sed
1426 2461 1478 2491 ira
1513 2468 1616 2502 prae-

173 2505 294 2551 pediti
331 2510 368 2539 et
400 2505 698 2549 perturbatione,
720 2508 943 2540 'transversis
980 2509 1089 2540 scutis
1125 2517 1230 2550 supra
1269 2507 1386 2550 capita
1418 2504 1616 2549 praetensis

176 2553 312 2585 sensim
347 2563 425 2585 sese
450 2554 713 2586 summittentes
729 2579 738 2595 ‚
763 2555 802 2586 iu
828 2555 978 2588 arduum
1013 2555 1142 2587 collem
1176 2552 1416 2586 conscendere
1445 2551 1617 2583 niteban-

175 2603 246 2631 tur.
295 2600 405 2631 Zanui
428 2610 512 2632 vero
539 2599 682 2632 assidue
697 2611 739 2632 ex
766 2600 865 2634 edito
891 2600 1009 2634 hastas
1035 2601 1227 2639 iacientes,
1251 2609 1405 2643 saxaque
1421 2597 1616 2630 devolven-

175 2650 232 2679 tes
251 2670 262 2686 ‚
287 2646 395 2679 facile
420 2657 480 2678 eos
509 2646 740 2689 repulerunt,
773 2649 1036 2693 eruptioneque
1078 2647 1170 2680 facta
1199 2648 1294 2679 viros
1330 2645 1398 2677 XL.
1423 2645 1617 2677 interfece-

179 2695 287 2732 runt,
313 2693 472 2738 reliquos
504 2692 542 2724 iu
572 2693 815 2737 turpissimam
852 2694 974 2738 fugam
1003 2697 1198 2726 verterunt.
1246 2691 1394 2724 Barbari
1417 2696 1549 2731 autem,
1578 2701 1619 2723 re-

178 2737 334 2776 feliciter
367 2749 410 2774 ex
446 2740 626 2784 insperato
662 2745 770 2783 gesta,
799 2752 907 2787 quam
938 2741 1102 2785 proxime
1144 2739 1188 2775 ad
1221 2744 1334 2773 castra
1370 2742 1612 2777 accesserunt,
