1794 3112
216 178 234 212 1
249 159 278 213 5
286 181 316 213 o
495 211 500 217 ,
778 176 1051 220 AGA'smAE

21 284 117 318 ΑΜΕ.
137 284 201 327 554
215 275 458 329 ἐρχομένους
486 267 629 328 ἄνδρες
677 272 842 315 ἱππόται
870 275 918 316 ου’
948 276 1110 324 πλέίους
1144 272 1172 330 ἢ
1199 273 1413 327 ἑξακόσιοι.
1441 277 1619 331 ἡγοῦντο

79 331 193 369 1¹¹⁴ss
206 341 250 381 δὲ
281 336 415 379 αὐτῶν
455 335 725 392 Δαβράγεζάς
756 354 801 378 τε
829 338 900 379 καί
936 336 1208 394 Οὖσίγαρδος,
1248 335 1376 397 ἄμφω
1405 342 1482 395 μὲν
1508 345 1617 397 βαρ-

206 401 322 456 βάρω
356 399 401 442 τὸ
426 402 562 454 γένος,
584 398 831 453 “Ρωμα“ι“κῶν
860 403 904 443 δὲ
933 403 1151 456 ταγμάτων
1184 404 1472 461 προεστηκότε.
1502 404 1539 446 οἱ
1565 407 1612 447 δὲ

203 461 321 507 ἄλλοι
349 462 520 513 ἅπαντες
553 461 641 518 ἅμα
665 471 752 514 τοῖς
782 471 1023 520 στρατηγοῖς
1046 467 1102 523 τῷ
1132 470 1320 525 φρουρίῳ
1355 468 1612 525 προσβαλόν-

202 545 291 582 τες,
333 528 464 579 εὕθὺς
502 528 623 585 ἔργου
651 528 818 583 εἴχοντο.
853 529 929 579 τάς
951 544 996 570 τε
1032 529 1112 585 γάρ
1140 530 1332 586 μηχανάς
1362 532 1519 575 ἐκίνουν
1543 532 1639 576 καὶὸ

203 595 286 634 τῶν
309 596 451 635 πυλῶν
470 590 762 648 ἀπεπειρῶντο,
791 597 862 635 καί
881 591 1271 650 άμφικυκλιόσαντες
1292 594 1519 652 τῷπλήθει
1540 595 1613 638 τὸν

202 657 439 713 περιβολον,
492 659 692 699 πάντοθεν
714 658 980 712 ἐσηκόντιζον.
1017 656 1054 699 οἱ
1082 659 1127 701 δὲ
1165 659 1361 714 Πέρσαι,
1393 656 1498 705 ἀλλὰ
1530 658 1611 715 γάρ

200 722 273 764 καί
307 717 422 764 οὗτοι
446 720 525 765 dv&
553 721 629 771 τὰς
658 722 841 772 ἐπάλξεις
878 724 1127 775 διαθέοντες,
1156 722 1214 772 ὥς
1250 718 1336 765 οἶόν
1364 738 1409 765 τε
1449 718 1540 779 ἦν,
1568 724 1614 766 ἐκ

200 787 283 828 τῶν
311 787 523 843 παρόντων
544 782 762 841 ἧμύνοντο,
805 788 903 841 βέλη
931 802 976 828 τε
1001 782 1189 843 ἀφιέντες
1217 785 1350 840 συχνά
1379 789 1452 829 καί
1484 785 1539 830 τὰ
1570 785 1614 829 ἔ-

95 857 136 892 V.
149 857 191 904 57
207 853 352 892 κτοθεν
388 850 695 907 φυλαττόμενοι.
734 847 884 900 ὀθόνας
911 851 989 906 γάρ
1018 866 1132 899 τινας
1158 853 1229 892 καί
1248 851 1444 900 ἁπλοΐδας
1461 851 1507 892 ἐκ
1537 852 1666 892 roffio

196 913 406 970 μετεώρου
431 913 721 970 κρεμάσαντες,
749 913 879 971 ταύτῃ
909 915 986 964 τὰς
1003 914 1130 969 βολὰς
1152 912 1448 971 ἀσθενεστέρας
1465 915 1613 957 ἀπετέ-

159 987 186 1022 Β
200 982 309 1031 λουν,
336 980 381 1021 ἐν
404 981 542 1021 τοῖσδε
562 978 758 1035 πρότερον
777 982 1119 1035 περιειργομένας·
1147 981 1306 1035 σπουδῇ
1327 996 1370 1020 τε
1392 981 1519 1036 πολλῇ
1541 981 1613 1022 καὶ

195 1042 411 1101 προθυμίᾳ
428 1046 517 1085 κατ’
530 1039 712 1098 ἀλλήλων
733 1045 988 1097 διεμάχοντο.
1017 1043 1089 1085 καί
1110 1043 1266 1086 εἴκασεν
1287 1040 1338 1086 ἄν
1353 1061 1416 1093 τις
1427 1043 1612 1099 παρατά-

196 1109 255 1156 ξει
278 1109 434 1159 μᾶλλον
458 1104 487 1162 ἢ
509 1109 716 1165 πολιορκίᾳ
733 1106 778 1149 τὸ
800 1110 959 1163 χρῆμα.
984 1106 1162 1162 τοσαύτη
1187 1102 1269 1163 ἄρα
1289 1103 1340 1162 ἦν
1359 1106 1611 1163 ἑκατέρωθεν

193 1170 221 1224 ἦ
244 1169 406 1226 ταραχὴ
427 1173 499 1214 καί
513 1169 538 1226 ἧ
566 1174 648 1212 τῶν
674 1170 804 1227 ἔργων
825 1171 1028 1222 ἐπίδειξις·
1056 1173 1140 1213 τῶν
1162 1174 1239 1225 μὲν
1266 1172 1371 1227 ὑπὲρ
1397 1174 1468 1226 τῆς
1491 1173 1665 1227 σφῶνιᾶ

192 1234 399 1290 σωτηρίας
419 1232 744 1289 ἀγωνιζομένων,
783 1236 839 1285 ὦς
859 1233 905 1277 οὗ
921 1235 1093 1292 μετρίου
1114 1235 1380 1292 περιστάντος
1403 1234 1609 1290 κινδύνου,

192 1303 280 1347 τοῖς
316 1299 362 1340 δὲ
397 1298 470 1341 καί
496 1297 608 1352 μάλα
636 1298 809 1355 αἰσχρὸν
866 1297 974 1342 εἶναι
1009 1301 1178 1352 δοκοῦν,
1223 1296 1334 1349 ἅπαξ
1368 1301 1609 1344 ἐπελθοῦσιν

193 1360 418 1417 ἀπράκτοις
443 1364 675 1415 ἐπανιέναι,
711 1363 784 1405 καί
804 1380 862 1418 μη
892 1360 993 1417 οὗχί
1013 1361 1363 1419 παραστήσασθαι
1383 1362 1430 1405 τὸ
1458 1362 1610 1405 ἐπιτεί-

191 1441 346 1480 χισμα,
387 1429 460 1469 καί
495 1426 730 1478 ἀπαλλάξαι
761 1426 838 1482 τὴν
874 1425 1169 1484 Ἀρχαιόπολιν
1198 1425 1490 1482 γειτονήματος
1533 1442 1608 1469 πο-

191 1490 348 1544 λεμιόυ.
1605 1505 1658 1534 20

301 1555 350 1605 ξ.
405 1554 458 1598 Οἱ
484 1556 530 1598 δὲ
571 1550 690 1598 ἄλλοι
719 1559 900 1612 Πέρσαι,
921 1558 964 1605 ἐς
990 1555 1245 1612 τρισχιλίους
1276 1552 1452 1603 ἱππότας
1476 1553 1606 1607 μαχί-

158 1630 298 1672 (ἷμους
319 1622 642 1675 ξυντεταγμένοι,
671 1617 842 1677 ἄραντες
861 1619 905 1663 ἔκ
923 1637 967 1663 τε
988 1621 1218 1663 Κοταϊσιόυ
1240 1619 1312 1661 καί
1325 1617 1606 1674 Μουχειρίσι-

285 1714 316 1748 7.
340 1702 378 1737 ot
400 1702 440 1736 δὲ
464 1704 614 1748 Πέρσαι
638 1705 674 1736 R.
691 1729 700 1743 ,
728 1703 765 1737 ol
787 1704 936 1750 Πέρσαι
962 1701 1002 1736 δὲ
1024 1701 1115 1747 vulg.
1284 1698 1361 1747 γὰρ
1391 1702 1457 1735 ins.
1490 1710 1536 1734 ex
1560 1701 1598 1734 R.

287 1760 340 1785 ιι.
363 1748 654 1795 ἀσθενεστέρους
677 1751 714 1784 R.
813 1761 860 1794 ¹7·
886 1748 1120 1782 ἀπελθοῦσιν
1136 1749 1174 1782 R.

191 1836 359 1872 chii-iside
379 1837 636 1879 adventabant,
655 1838 721 1871 viri
745 1839 883 1883 equites
900 1849 972 1870 non
987 1837 1106 1882 plures
1125 1835 1310 1878 sexcentis3
1332 1834 1459 1868 horum
1474 1833 1603 1868 ‹lueto-

190 1889 364 1917 reserant
388 1883 606 1928 Dabragezas
636 1889 672 1916 et
704 1884 914 1928 Usigardus,
948 1883 1051 1916 ambo
1090 1882 1232 1927 quidem
1263 1881 1410 1913 natione
1448 1880 1604 1920 barbari,

189 1930 426 1964 Romanorum
453 1934 571 1962 tamen
600 1928 798 1962 cohortium
828 1929 943 1962 duces.
984 1928 1127 1973 Reliqui
1157 1938 1239 1960 vero
1261 1937 1380 1959 omnes
1416 1936 1488 1957 una
1525 1937 1604 1958 cum

188 1975 376 2020 praefectis
396 1975 697 2020 propugnaculum
719 1972 846 2014 adorti,
871 1975 988 2007 statim
1007 1985 1095 2018 opus
1117 1971 1267 2017 aggressi
1285 1975 1378 2010 sunt,
1408 1970 1603 2003 machinis-

190 2032 260 2065 que
284 2020 435 2054 admotis
454 2027 573 2064 portas
597 2024 797 2060 tentarunt,
822 2021 932 2064 copiis
956 2030 1056 2052 muro
1082 2018 1301 2051 circumfusis
1317 2017 1413 2049 omni
1433 2027 1476 2048 ex
1501 2021 1602 2060 parte

188 2067 228 2099 iu
247 2065 385 2099 hostem
401 2066 661 2100 iaculabantur,
701 2067 824 2099 Persae
847 2072 963 2099 autem
982 2070 1019 2098 et
1039 2065 1109 2108 ipsi
1126 2075 1190 2108 per
1210 2065 1337 2106 pinnas
1352 2062 1603 2101 discurrentes,

188 2111 355 2145 omnibus
372 2111 507 2144 viribus
527 2122 599 2151 eos,
620 2117 727 2155 prout
751 2122 805 2144 res
824 2110 1038 2155 postulabat,
1055 2108 1323 2154 propulsabant,
1351 2108 1481 2151 partim
1494 2107 1603 2151 sagi&

190 2158 238 2189 tis
262 2157 401 2190 assidue
436 2158 611 2190 Romanos
640 2162 823 2200 petentes,
860 2158 990 2201 partim
1027 2156 1239 2189 exteriorem
1274 2164 1413 2186 murum
1447 2158 1600 2185 tuentes.

186 2201 314 2235 Lintea
336 2203 431 2235 enim
457 2203 624 2246 quaedam
651 2203 876 2246 stragulaque
905 2213 923 2235 e
941 2201 1086 2235 sublimi
1104 2198 1371 2244 suspendentem,
1399 2209 1439 2230 ea
1462 2199 1599 2230 ratione

188 2248 343 2280 telorum
366 2248 456 2280 ictus
479 2248 741 2291 infringebant,
775 2249 907 2292 qnippe
931 2258 1020 2291 quae
1048 2246 1146 2279 hisce
1169 2245 1268 2284 prius
1294 2244 1431 2276 inflicta
1451 2242 1599 2276 intrica-

188 2293 328 2327 bantur.
375 2293 503 2337 Magno
526 2294 648 2337 itaque
669 2292 786 2326 studio
810 2302 1013 2337 summaque
1032 2291 1210 2324 alacritate
1225 2289 1392 2332 utrinque
1415 2287 1599 2332 pugnaba-

188 2344 259 2378 tur,
285 2338 373 2371 adeo
399 2343 438 2370 ut
455 2339 628 2382 proelium
650 2339 767 2383 potius
786 2349 839 2370 res
859 2349 910 2378 ea,
931 2349 1036 2382 quam
1062 2336 1202 2370 obsidio
1229 2334 1341 2366 videri
1361 2339 1498 2377 posset‚·
1518 2339 1599 2367 tan-

188 2390 246 2416 tus
266 2389 341 2416 erat
369 2385 536 2428 utrinque
553 2385 747 2417 animorum
774 2383 877 2416 ardor
900 2389 936 2416 et
947 2383 1152 2416 militarium
1172 2381 1369 2413 facinorum
1388 2380 1596 2420 ostentatio;

188 2429 287 2462 hisee
307 2429 448 2475 quidem
466 2440 530 2472 pro
554 2430 667 2462 salute
692 2441 754 2461 sua
771 2428 1033 2462 decertantibus
1047 2453 1056 2468 ‚
1080 2432 1205 2471 utpote
1231 2437 1303 2458 non
1322 2424 1493 2457 mediocri
1521 2422 1597 2456 ‹lis-

189 2476 336 2508 erimine
355 2486 414 2508 eos
437 2476 695 2517 eircumstante3
720 2474 776 2507 his
800 2486 881 2506 vero
901 2476 1008 2507 ctiam
1024 2480 1127 2517 turpe
1147 2470 1335 2504 admodum
1355 2480 1430 2502 esse
1448 2479 1597 2502 censen-

188 2521 298 2561 tibus,
330 2520 370 2561 si,
391 2532 468 2553 cum
486 2521 594 2553 semel
617 2532 676 2553 eos
701 2519 815 2552 adorti
841 2525 958 2552 essent
972 2544 981 2559 ‚
1003 2519 1136 2551 infecta
1158 2528 1194 2550 re
1218 2517 1442 2554 recederent,
1476 2524 1594 2558 neque

187 2566 490 2611 propugnaculum
516 2566 607 2600 illud
630 2567 796 2611 caperent
811 2590 820 2606 ,
852 2571 888 2598 ct
910 2564 1181 2610 Archaeopolim
1204 2561 1327 2595 hostili
1349 2559 1480 2595 vicinia
1498 2559 1596 2592 libe-

188 2617 316 2646 rarent-

279 2670 310 2702 7.
357 2657 430 2691 Alii
447 2667 528 2690 vero
554 2657 675 2691 Persae
703 2656 747 2689 ad
777 2653 843 2689 t'ria
862 2655 1112 2688 bellicosorum
1138 2654 1299 2698 equitum
1321 2650 1433 2684 millia
1459 2659 1501 2681 ex
1525 2648 1595 2682 Co-

188 2703 298 2737 taenio
329 2708 365 2737 ct
383 2702 615 2738 Muchisiride
643 2701 837 2748 Ouogurim
862 2712 979 2736 versus
1000 2703 1202 2743 moverunt3
1234 2699 1274 2732 in
1299 2706 1388 2742 quos
1411 2694 1594 2740 negligen-
