1832 3152
635 139 1011 182 ffls'romARUM
1052 142 1199 186 v.17.
1328 156 1330 158 v
1520 115 1631 172 315

194 245 272 284 θεν
298 240 519 294 πλεονάζον
547 236 909 294 ἀντεξετάσωμεν,
954 239 1057 297 πρὸς
1085 239 1251 295 ἰσότητα
1278 236 1462 294 χωρήσει
1488 235 1539 279 τά
1561 238 1636 291 τῆς
1647 237 1812 272 A·C·558

193 304 408 363 ἀμετρίας.
461 307 549 356 πῶς
577 301 661 358 οὖν,
684 306 761 347 οὐκ
791 304 968 362 αἰσχρὸν
997 305 1114 360 ἡμᾶς
1141 307 1187 357 ἐξ
1215 304 1469 360 ἀγχωμάλου
1497 317 1633 358 παρα..

1639 286 1666 320 Ι.
1683 286 1708 317 Ι.
1726 287 1770 320 32

192 373 343 428 σκευῆς
369 373 711 427 ἀγωνιζομένους,
743 368 851 414 οὕτω
879 371 972 414 λίαν
1000 370 1112 426 ἔχειν
1138 369 1184 414 τὸ
1207 372 1410 427 προπετὲς
1435 370 1508 410 καί
1527 365 1631 409 ἀκά-
1644 363 1761 402 Ρ·162

192 441 366 492 θεκτον,
420 438 479 487 ὦς
505 441 613 495 μηδὲ
641 436 786 494 καιρὸν
812 433 840 493 ἢ
867 438 986 489 τάξιν
1013 434 1042 493 ἢ
1067 436 1144 488 τὰς
1171 433 1378 486 ἀτάκτους
1404 437 1478 491 τῆς
1505 431 1634 489 τύχης
1646 444 1688 479 V.
1707 445 1769 478 113

162 502 326 559 ὖροπὰς
351 505 397 546 ἐν
423 501 527 562 λόγῳ
555 507 770 546 ποιεῖσθαι
781 521 795 556 ,·
835 503 1010 556 δυνάμει
1046 501 1126 559 γάρ
1166 503 1321 558 χειρῶν
1362 495 1517 545 οὖκιῖν
1558 514 1636 551 τις,

188 565 332 623 οἶμαι,
365 571 597 625 περιέσοιτο
624 569 852 623 πολεμίων,
897 563 956 624 ἢν
992 567 1051 623 μὴ
1080 569 1214 624 προσῇ
1249 565 1295 609 τὸ
1323 573 1461 622 κρῖνον
1498 565 1635 622 ὀρθῶς

191 635 268 676 καὶ
294 635 573 690 λογιζόμενον.
628 637 720 677 ἐπεὶ
763 636 851 686 πῶς
889 631 942 677 ἂν
984 630 1071 678 οἶόν
1107 650 1154 676 τε
1188 629 1243 689 ἧν
1281 631 1420 687 ἔμοιγε
1459 633 1502 680 ἐς
1539 629 1635 673 τόδε

189 702 338 750 πολιᾶς
365 697 516 755 ἥκοντι,
541 699 614 742 καί
640 697 726 743 οἷον
752 698 890 758 ἐξώρῳ
917 698 971 742 τὰ
999 701 1180 754 πολέμια
1202 699 1468 756 γεγενημένῳ,
1497 712 1636 751 παρα-

190 764 354 818 τάξεσιν
381 765 542 819 ὄμιλεῖν
571 765 645 809 καί
667 765 894 820 κινδύνοις,
923 768 963 808 εἰ
981 764 1039 821 μή
1069 770 1158 815 τοῖς
1186 767 1260 820 τῆς
1283 761 1503 818 εὖβουλίας
1531 758 1635 815 ἀγα-

137 834 283 882 ιοθοῖς
308 833 403 888 ἐνῆν
431 827 688 887 ἀμωσγέπως
714 833 984 884 πεποιθέναι,
1013 834 1052 874 εἰ
1078 833 1220 873 τοίνυν
1247 829 1320 871 καί
1339 828 1477 886 γήρως
1504 829 1636 870 ἀσθέ-

186 913 302 940 νειαν
327 898 470 953 γνώμη
509 895 667 954 στερῥά
695 897 770 940 καί
801 899 885 940 τῶν
923 895 1212 953 προσηκόντων
1239 897 1436 953 ἐφιεμένη
1480 893 1635 951 κρατύ-

187 979 252 1006 νει
280 963 353 1004 καί
379 963 614 1018 διανίστησι
650 962 756 1019 πρὸς
782 961 837 1005 τὸ
861 968 1079 1015 συνοῖσον,
1125 958 1426 1017 ἀναπληροῦσα
1452 962 1503 1017 τῇ
1530 973 1665 1016 προ-Β

175 1027 344 1086 ,μηθείᾳ
370 1025 417 1071 τό
448 1029 495 1073 ἐκ
521 1029 597 1083 τῆς
622 1027 787 1083 ἡλικίας
815 1029 982 1080 ἐνδέον,
1021 1029 1109 1077 πῶς
1139 1027 1189 1069 οὕ
1215 1027 1374 1080 μᾶλλον
1401 1025 1512 1079 ὑμᾶς
1540 1024 1638 1080 6νή-

185 1109 253 1137 σει
277 1091 442 1149 νεότητι
469 1095 750 1150 συμπαροῦσα
778 1095 852 1136 καί
876 1095 930 1150 τῇ
956 1094 1033 1135 τοῦ
1061 1092 1252 1146 σώματος
1281 1091 1426 1150 ῥώμῃς
1463 1090 1540 1141 τὰς
1556 1092 1636 1144 μὲν

137 1157 265 1216 ιδγάρ
303 1159 351 1200 ἐκ
393 1157 524 1214 τύχης
553 1158 663 1208 τινὸς
698 1155 728 1214 ἢ
762 1157 908 1215 χειρὸς
935 1158 1133 1213 ἀγεννοῦς
1173 1154 1409 1210 ἀποτεύξεις
1446 1154 1548 1206 ἴσως
1583 1153 1635 1200 ἂν

185 1222 379 1279 λογισμὸς
405 1219 614 1279 ἀσφαλὴς,
655 1227 727 1267 καί
753 1221 838 1274 οἷος
877 1231 963 1273 τοῖς
999 1225 1305 1279 προσπεσοῦσιν
1344 1222 1634 1279 ἁρμόσασθαι,

185 1288 510 1343 μετασκευάσειε
537 1288 643 1346 πρὸς
670 1289 717 1333 τὸ
744 1292 975 1347 συμφέρον,
1016 1291 1090 1332 καί
1115 1286 1392 1344 θεραπεύσειε
1418 1286 1466 1330 τὸ
1495 1288 1634 1345 ἦμαρ-

184 1357 372 1411 τημένον.
399 1352 503 1397 ἔνθα
531 1356 579 1398 δὲ
616 1355 782 1412 γνώμης
817 1355 1060 1412 σφαλείσης,
1091 1357 1148 1412 τῷ
1175 1353 1235 1410 μὴ
1273 1352 1328 1395 τοὶ
1368 1355 1511 1396 δέοντα
1541 1355 1633 1396 δια-

185 1422 413 1476 νοηθῆναι,
441 1422 524 1463 τῶν
552 1417 797 1477 ἀβουλήτων
824 1439 867 1464 τι
893 1420 1188 1476 συνενεχθειῆ,
1228 1418 1356 1462 πόθεν
1384 1414 1434 1462 ἂν
1459 1422 1632 1475 ληπτέον

131 1501 234 1535 2010
262 1487 398 1538 σῶζον
435 1487 509 1528 καί
535 1487 897 1542 ἀνακαλούμενον,
940 1485 1022 1542 εἴγε
1051 1489 1217 1542 πρῶτον
1259 1486 1391 1530 ἐκεῖνο
1418 1485 1466 1527 τὸ
1495 1487 1632 1528 ταῦτα

184 1552 335 1595 τίκτειν
356 1550 543 1608 πεφυκὸς
561 1553 855 1610 παρατραπείη
869 1571 884 1606 ,·
912 1556 1044 1596 καίτοι
1070 1550 1332 1606 θαυμάσειεν
1359 1550 1460 1602 ἴσως
1489 1546 1542 1594 ἄν
1567 1569 1632 1602 τις

279 1658 308 1682 ι.
330 1646 638 1695 ἀντεξετάζοιμεν
662 1650 701 1683 R.
794 1650 828 1687 3.
854 1649 1169 1695 ἀγωνισομένους
1192 1649 1267 1683 Par.
1374 1647 1406 1691 4.
1430 1648 1493 1690 τῆς
1515 1647 1631 1692 τύχης

277 1704 346 1727 ⁰¹1¹·
374 1695 411 1727 R·
507 1707 540 1740 7.
565 1692 611 1737 ἦν
634 1707 704 1730 om.
738 1696 777 1732 R.
875 1695 1041 1750 ιο.“ἐρῆν
1060 1698 1098 1730 R.
1198 1706 1249 1729 12.
1274 1694 1318 1741 τῇ
1341 1697 1558 1743 προμηθείᾳ
1583 1714 1628 1720 -

275 1743 533 1787 συμπαροῦσα
569 1753 638 1776 om.
668 1744 707 1777 R.
807 1743 858 1777 15.
893 1754 971 1790 γαρ
1002 1754 1077 1782 om,
1102 1743 1141 1776 R.

181 1827 289 1866 nobis
310 1832 396 1860 sunt
416 1827 620 1869 inferiores,
647 1827 884 1861 multitudine
906 1833 1028 1862 tamen
1053 1832 1245 1873 superant:
1271 1831 1308 1861 et
1328 1828 1359 1861 si
1379 1837 1471 1872 quae
1495 1827 1626 1860 utrim-

182 1886 254 1920 que
278 1873 480 1914 excedunt,
503 1875 600 1908 inter
628 1885 666 1907 se
692 1874 926 1908 conferantur
959 1880 1070 1920 atque
1098 1875 1361 1920 expendantur,
1380 1885 1542 1910 excessus
1581 1872 1628 1910 ad

180 1921 438 1967 aequalitatem
459 1920 650 1966 redigetur.
713 1919 796 1966 Quo
821 1926 925 1966 pacto
950 1922 1060 1966 igitur
1085 1934 1159 1956 nou
1182 1927 1288 1966 turpe
1313 1921 1436 1962 fuerit,
1458 1932 1536 1960 nos,
1561 1919 1644 1966 qni.

182 1979 298 2014 aequo
336 1972 509 2013 apparatu
545 1978 666 2001 sumus
703 1966 925 2008 conflicturi,
957 1968 1045 2002 adeo
1077 1970 1294 2014 praecipites
1330 1973 1440 2014 atque
1473 1969 1626 2001 effrenes

182 2013 294 2055 ferri,
325 2019 367 2048 ut
397 2025 516 2060 neque
541 2015 733 2059 temporis,
758 2025 879 2060 neque
903 2014 1041 2048 ordinis
1057 2041 1066 2056 ‚
1101 2027 1220 2062 neque
1245 2015 1519 2049 temerariorum
1546 2013 1625 2046 for-

182 2065 294 2094 tunae
329 2066 594 2098 momentorum
625 2061 802 2094 rationem
837 2062 948 2094 ullam
973 2061 1195 2096 habeamus?
1231 2062 1358 2107 Neque
1389 2061 1486 2094 enim
1520 2060 1624 2104 quis-

184 2118 303 2153 quam,
333 2108 387 2141 uti
403 2107 585 2148 arbitror,
605 2119 775 2141 manuum
801 2109 835 2141 vi
862 2107 984 2142 hostes
1013 2110 1248 2153 superaverit,
1275 2109 1347 2143 nisi
1375 2107 1471 2140 adsit
1494 2105 1625 2140 iudicii

183 2153 400 2200 consiliique
431 2154 621 2188 rectitudo.
677 2154 759 2201 Quo
791 2154 888 2188 enim
910 2161 1015 2200 paeto
1041 2157 1120 2189 fieri
1145 2161 1290 2201 posset,
1315 2160 1356 2188 ut
1382 2165 1467 2198 egO,
1492 2154 1554 2199 qui
1578 2152 1623 2190 ad

182 2204 317 2235 tantam
345 2201 515 2234 canitiem
541 2202 713 2246 perveni,
750 2206 791 2235 ut
815 2201 1078 2247 propemodum
1116 2204 1234 2236 vietus
1268 2201 1441 2246 belloque
1476 2201 1622 2244 ineptus¹

182 2246 272 2287 sim,
297 2247 336 2280 in
361 2247 589 2281 conflictibus
615 2247 839 2294 proeliisque
866 2260 1043 2290 versarer,
1068 2250 1140 2283 nisi
1166 2261 1224 2282 me
1250 2248 1484 2282 consiliorum
1512 2247 1623 2279 boni-

181 2297 256 2326 tate
279 2291 544 2340 prudentiaque
568 2293 833 2329 sustentarem?
874 2294 1053 2341 Quocirca
1076 2297 1107 2330 si
1144 2296 1250 2330 etiam
1279 2295 1476 2329 senectutis
1502 2292 1620 2326 imbe-

181 2339 372 2378 cillitatem
395 2351 495 2374 mens
518 2345 615 2375 recta
640 2351 681 2374 ac
706 2341 808 2374 firma
829 2347 866 2375 et
885 2354 975 2388 quae
1002 2354 1065 2388 par
1097 2348 1152 2376 est
1187 2348 1362 2387 appetens
1401 2340 1620 2378 corroborat,

182 2390 221 2419 et
244 2385 289 2419 ad
313 2397 368 2420 res
393 2385 488 2420 bene
511 2387 684 2432 gerendas
710 2389 914 2430 exsuscitat,
945 2391 1072 2423 aetatis
1097 2390 1278 2423 defectum
1303 2387 1497 2434 prudentia
1521 2397 1620 2422 com-

180 2444 356 2478 pensans3
380 2433 562 2480 quomodo
585 2445 662 2468 non
694 2435 809 2468 multo
823 2437 978 2504 amplius
1002 2436 1105 2470 vobis
1132 2437 1233 2470 utilis
1270 2437 1319 2470 sit
1342 2436 1464 2468 sutura
1489 2434 1618 2469 iuven-

180 2481 254 2513 tuti
280 2481 512 2525 corporisque
535 2479 657 2514 robori
681 2482 889 2515 coniuncta.
931 2483 1104 2517 sinistros
1129 2484 1225 2517 enim
1252 2495 1271 2517 c
1308 2481 1458 2515 fortuito
1495 2479 1619 2524 aliquo

181 2537 264 2559 casu
287 2526 346 2560 vel
371 2538 497 2560 manus
520 2527 610 2560 vitio
625 2527 807 2572 profectos
825 2534 974 2563 eventus
999 2531 1150 2564 fortasse
1171 2535 1268 2564 recta
1292 2527 1480 2573 cogitatio,
1503 2537 1617 2572 quae-

182 2583 254 2618 que
281 2585 319 2607 se
343 2573 484 2606 casibus
511 2574 778 2609 accommodare
803 2577 920 2616 norit,
957 2577 995 2610 in
1019 2578 1148 2611 melius
1173 2576 1368 2610 transferre
1390 2579 1620 2618 erratumque

183 2620 359 2665 corrigere
391 2620 529 2665 possit:
574 2619 638 2653 ubi
670 2630 756 2654 vero
789 2623 921 2659 mentis
945 2623 1058 2665 vitio,
1091 2624 1190 2670 quod
1225 2621 1476 2660 inconsultius,
1511 2630 1619 2664 quam

185 2671 341 2709 oportet,
358 2678 412 2700 res
426 2665 684 2712 aggrediamur,
709 2667 847 2702 adversi
860 2669 1000 2714 aliquid
1017 2671 1189 2710 evenerit,
1215 2669 1325 2709 unde,
1337 2678 1484 2714 quaeso,
1501 2677 1618 2699 reme-

182 2710 282 2745 dium
309 2725 350 2747 ac
371 2713 467 2746 salus
500 2718 694 2760 petentur,
728 2715 758 2747 si
785 2716 938 2760 primum
973 2716 1077 2755 illud,
1105 2716 1203 2762 quod
1227 2716 1317 2749 haec
1343 2715 1488 2759 gignere
1513 2713 1616 2751 solet,

183 2758 231 2797 „sit
261 2758 494 2808 depravatum
527 2765 634 2812 atque
670 2760 906 2800 subversum?
949 2763 1059 2813 Atqui
1092 2763 1283 2803 mirabitur
1308 2761 1459 2800 forsitan
1484 2760 1615 2806 aliquis
