1832 3152
581 135 955 178 fllsTofflARUM
975 130 1063 177 ‘1v.
1089 137 1156 182 25.
1318 149 1320 151 ·
1491 117 1599 171 263

168 231 272 280 οὖσα
305 237 514 293 κατήκοος,
535 236 738 291 Ἰοβιανοῧ
771 239 818 279 δὲ
843 239 918 279 τοῦ
939 239 1059 293 σφῶν
1097 238 1302 291 βασιλέως
1338 233 1597 292 παραδόντος
1607 244 1645 279 Α.
1660 246 1696 279 C.
1721 243 1789 279 556

166 302 240 345 naa?
270 305 510 360 προεμένου.
549 304 594 344 ἐν
625 300 772 352 αὐτοῖς
804 301 880 359 γὰρ
911 302 1040 358 δήπου
1066 309 1154 352 τοῖς
1189 304 1390 359 ἐνδοτέρω
1424 302 1597 357 χωριόις
1609 293 1730 328 1.1.30

164 371 240 425 τῆς
266 370 477 424 Περσικῆς
503 368 767 424 ἐπικρατείας
790 369 1018 411 Ἰουλιανοῦ
1048 371 1122 411 τοῦ
1151 369 1353 425 προτέρου
1383 365 1641 420 ῬωμαίωνΡ.
1655 371 1725 410 136

167 431 469 490 αὐτοκράτορος
494 429 653 490 ἆθρόον
681 435 1013 491 διαφθαρέντος,
1054 431 1180 483 αὐτὸς
1200 431 1496 489 ἀναγορεύεται
1514 431 1601 474 ὑπό

1309 499 1329 508 u
1362 493 1382 508 'l

138 509 211 552 5τε
237 500 319 542 τῶν
340 500 584 555 στρατηγῶν
610 498 684 540 καί
702 502 783 543 τῶν
804 498 1127 555 στρατευμάτων
1154 498 1227 540 καί
1255 515 1329 540 του
1354 501 1483 540 αλλου
1509 495 1602 551 ὁμί-

165 568 254 606 λου.
283 560 355 606 ἅτε
379 566 425 606 δὲ
441 566 518 620 τῆς
543 561 678 620 ἀρχῆς
703 565 815 623 αὐτῷ
838 560 935 621 ἄρτι
960 562 1368 619 καθισταμένης,καί
1387 565 1469 605 τῶν
1496 580 1605 620 πρα-

163 629 345 686 γμάτων,
373 626 512 687 ὥσπερ
553 629 678 684 εἰκὸς,
707 635 1044 688 ταραττομένων,
1080 629 1154 673 καί
1185 632 1318 672 ταῦτα
1347 632 1392 672 ἐν
1412 631 1518 686 μέσῃ
1552 630 1605 685 τῇ

164 695 353 754 πολεμιᾲ,
384 697 465 750 οὔχ
497 692 580 744 οἷός
600 712 645 737 τε
666 691 719 751 ἦν
745 696 797 738 τὰ
823 694 1006 753 παρόντα
1030 698 1075 740 ἐν
1095 698 1153 754 τῷ
1182 698 1316 738 δέοντι
1336 695 1603 751 σχολαίτερον

166 764 388 804 διαθεῖναι.
417 762 625 817 τοιγάρτοι
661 763 946 812 ἀπαλλαξείων
976 763 1049 818 τῆς
1078 763 1123 804 ἐν
1152 758 1294 820 ὀθνείᾳ
1319 762 1390 803 καί
1412 762 1612 814 δυσμενεῖ

118 825 285 886 ιοχώρᾳ
317 827 501 882 διαίτης,
542 827 612 870 καί
639 826 771 883 μόνης
801 835 945 882 τυχεῖν
970 831 1044 884 τῆς
1080 829 1123 877 ἐς
1157 827 1209 870 τὰ
1236 828 1366 870 οἰκεῖα
1395 827 1602 870 ἐπανόδου

163 895 313 936 θᾶττον
345 891 525 949 ἱέμενος,
565 893 771 949 ξυνθήκας
811 895 972 936 τίθεται
1012 892 1191 949 ἀγεννεῖς
1229 893 1301 936 καί
1339 888 1602 950 ἀσχήμονας,

164 957 238 1001 καὶ
258 958 407 1008 ὁποίας
427 961 555 1016 μέχρι
572 962 644 1001 καί
674 962 749 1002 νῦν
769 963 819 1018 τῇ
849 959 1079 1013 “Ρωμαίων
1097 959 1377 1013 λυμαίιέσθαι
1403 959 1603 1017 πολιτεία,

165 1028 440 1083 περιστέλλων
473 1027 517 1074 ἐς
551 1024 604 1067 τὰ
630 1025 764 1067 ὀπίσω
793 1033 950 1075 καινοῖς
978 1024 1130 1082 ὁρίοις,
1169 1025 1242 1067 καί
1274 1025 1604 1079 ὑποτεμνόμενος

164 1093 240 1146 τῆς
272 1090 424 1140 οἰκείας
457 1092 592 1147 ἆρχῆς
615 1089 662 1133 τὸ
697 1094 929 1147 περαιτέρω
969 1094 1175 1146 ἐκβαῖνον.
1203 1089 1255 1132 τὰ
1294 1090 1373 1143 μὲν
1402 1087 1480 1133 οὖν
1513 1094 1641 1133 κατ’Β

118 1159 295 1201 ι5ἐκεῖνο
329 1158 402 1199 τοῦ
433 1158 582 1213 καιροῦ
617 1158 912 1211 ξυνενεχθέντα
954 1161 1120 1207 πολλοῖς
1155 1151 1235 1213 ἤδη
1271 1160 1354 1200 τῶν
1392 1161 1606 1214 προτέρων

166 1225 436 1280 ξυγγραφέων
463 1221 687 1279 ἱστόρηται·
738 1223 832 1276 ἐμοὶ
865 1224 911 1265 δὲ
951 1223 999 1264 οὗ
1030 1225 1128 1279 περί
1159 1225 1293 1266 ταῦτα
1323 1223 1599 1280 ἑνδιατριβειν

167 1288 318 1346 σχολὴ,
347 1288 452 1331 ἀλλὰ
479 1293 554 1332 τοῦ
578 1291 783 1344 προτέρου
812 1290 933 1344 λόγου
958 1287 1110 1332 ἑκτέον.

278 1355 348 1405 κς’.
405 1354 534 1398 Μετὰ
565 1354 644 1411 γάρ
682 1355 883 1411 Σαβώρην
925 1353 1132 1411 Ἀρταξὴρ
1175 1353 1358 1412 ἇδελφὸς
1388 1351 1447 1398 α’)’ν
1478 1355 1605 1413 αὐτῷ,

168 1423 240 1464 καί
259 1419 480 1476 μετασχών
506 1422 577 1476 τῆς
605 1420 839 1475 βασιλείας,
869 1420 1072 1476 τεττάρων
1099 1422 1204 1464 ἑτῶν
1231 1420 1383 1478 χρόνον
1411 1425 1501 1462 κατ’
1527 1421 1608 1462 αὕ-

116 1487 240 1544 αοτὴν
265 1488 435 1542 οἷπεβιῖο.
473 1484 561 1528 ὅδὲ
587 1485 679 1535 υἱὸς
711 1485 732 1528 ὅ
755 1484 920 1540 τούτου,
960 1485 1110 1543 Σαβώρ
1141 1488 1186 1528 δὲ
1218 1486 1291 1528 καί
1318 1484 1446 1536 αὐτὸς
1467 1486 1607 1528 ε’πεκέ-

169 1559 292 1609 κλητο
305 1587 318 1607 ,
348 1554 393 1595 ἐν
417 1551 529 1594 ἔτεσι
554 1554 673 1595 πέντε
696 1550 743 1593 τὸ
770 1554 918 1594 οἰκεῖον
946 1551 1154 1607 ἠρίθμησε
1182 1552 1347 1609 κράτος·
1387 1553 1431 1593 ἒν
1458 1553 1607 1592 διπλα-

169 1620 280 1662 σιόσι
302 1619 348 1660 δὲ
372 1615 530 1660 τούτων
555 1617 629 1660 καί
657 1615 758 1674 πρός
784 1634 828 1672 γε
853 1616 919 1659 ἑνί
951 1615 1078 1676 ἑτέρῳ
1107 1620 1288 1676 ἐνιαυτῷ
1332 1615 1608 1674 Οὗαραράνης

260 1694 293 1728 6.
323 1689 368 1734 δὴ
392 1693 431 1725 Β.
574 1690 606 1723 8.
629 1691 679 1734 τῷ
706 1689 786 1723 add.
812 1701 853 1723 ex
875 1691 915 1724 R.
1081 1702 1131 1726 ιο.
1157 1688 1276 1738 μόνης
1300 1692 1351 1730 Β.,
1375 1689 1485 1735 μόλις
1510 1690 1606 1734 vulg.

265 1751 316 1774 ιι.
349 1737 498 1783 ἀγενεῖς
533 1741 570 1770 et
612 1749 661 1770 12.
689 1738 731 1782 τῇ
757 1736 833 1770 τῶν
860 1737 913 1770 ζΡ.
949 1737 1020 1770 Par.
1152 1740 1205 1775 18.
1238 1741 1461 1772 Artaxerxes
1494 1737 1607 1781 Intpr,

261 1798 317 1821 20.
342 1786 476 1819 Iterum
502 1794 624 1816 omnes
647 1784 764 1818 Sabor
790 1783 978 1820 exhibent.
1035 1782 1078 1817 δὲ
1100 1790 1183 1831 post
1193 1782 1409 1832 Σαβώροιιι.
1432 1785 1470 1816 Β.
1551 1795 1605 1817 22.

258 1830 404 1867 τούτων
427 1833 464 1864 R.
479 1856 489 1873 ‚
515 1830 649 1864 τούτου
675 1831 769 1877 vulg.

170 1905 339 1937 testatem
365 1901 487 1941 venit,
519 1899 686 1932 Romanis
722 1898 870 1946 quidem
899 1899 986 1934 olim
1013 1898 1181 1941 subdita,
1215 1900 1365 1934 Ioviano
1398 1910 1481 1933 vero
1507 1899 1608 1942 ipso-

171 1960 250 1983 rum
273 1959 355 1994 rege
381 1959 458 1982 eam
483 1946 647 1980 tradente
677 1957 717 1979 ac
736 1946 924 1992 prodente.
975 1947 1064 1980 Cum
1092 1948 1187 1980 enim
1217 1948 1389 1987 Iulianus,
1416 1946 1478 1992 qui
1505 1951 1610 1978 antea
1634 1956 1638 1961 ·

172 1997 410 2030 Romanorum
435 2005 498 2027 rex
525 1999 602 2027 erat
625 2018 634 2033 ‚
665 1993 704 2026 in
740 1994 976 2027 interioribus
1012 1995 1143 2028 Persici
1175 1994 1316 2037 imperii
1348 1994 1436 2026 locis
1461 1998 1609 2035 repente

172 2043 362 2088 periisset,
385 2043 464 2087 ipse
493 2052 512 2073 a
536 2040 728 2085 praesectis
757 2046 794 2074 et
823 2041 982 2074 exercitu
1018 2041 1231 2087 reliquaque
1262 2040 1368 2073 turba
1394 2051 1456 2072 rex
1487 2039 1609 2072 decla-

174 2093 283 2130 ratur,
306 2089 389 2135 qui,
416 2093 542 2132 utpote
568 2098 676 2132 regno
701 2087 772 2132 ipsi
798 2092 960 2120 recenter
987 2088 1106 2121 delato
1134 2093 1170 2121 et
1193 2086 1312 2127 rebus,
1337 2087 1391 2120 uti
1415 2085 1610 2118 verisimile

175 2140 242 2176 est,
271 2134 514 2181 perturbatis,
545 2139 583 2166 et
616 2133 763 2179 quidem
800 2134 838 2167 in
870 2134 989 2167 media
1018 2134 1144 2168 hostili
1173 2134 1343 2179 regione,
1383 2137 1611 2177 praesentem

176 2193 296 2215 rerum
323 2186 452 2215 statum
477 2192 550 2214 non
581 2181 666 2213 satis
695 2191 908 2224 componere
942 2186 1094 2225 poterat,
1144 2180 1323 2225 Quocirca
1349 2183 1532 2224 pertaesus
1554 2180 1610 2211 vi·-

175 2235 236 2262 tae
260 2229 299 2261 in
328 2232 447 2261 extera
472 2227 671 2272 hostilique
696 2229 864 2272 regione,
900 2227 1110 2273 reditusque
1138 2228 1176 2260 iu
1211 2239 1272 2260 sua
1300 2238 1407 2272 quam
1438 2227 1610 2259 citissime

177 2286 320 2320 compos
345 2275 422 2308 fieri
450 2274 622 2318 cupiens,
658 2275 915 2319 ignominiosas
949 2280 1144 2319 turpesque
1178 2286 1258 2307 cum
1285 2273 1388 2307 hoste
1423 2273 1608 2317 pactiones

178 2322 274 2362 init,
299 2332 458 2366 quasque
483 2323 521 2354 in
553 2319 651 2352 hunc
685 2322 793 2353 etiam
830 2322 926 2354 diem
945 2323 1100 2354 Romana
1130 2333 1185 2354 res
1209 2319 1356 2366 publiea
1389 2330 1514 2364 magno
1545 2331 1608 2351 suo

176 2369 272 2401 malo
295 2368 531 2412 persentiscit.
592 2366 701 2400 Novis
732 2367 829 2401 enim.
860 2367 1247 2412 terminisimperium
1273 2369 1485 2407 coarctavit,
1513 2366 1610 2398 mul-

176 2420 326 2460 tumque
344 2412 389 2447 (le
415 2415 527 2447 veteri
546 2413 783 2458 amplitudine
808 2414 953 2448 decidit.
1004 2416 1078 2447 Iam
1096 2426 1179 2447 vero
1206 2425 1298 2459 quae
1321 2425 1385 2458 per
1403 2414 1440 2446 id
1469 2419 1609 2455 tempus

177 2461 399 2500 acciderunt,
428 2460 532 2493 multi
549 2471 591 2492 ex
606 2460 789 2494 veteribus
813 2461 993 2494 historicis
1019 2461 1212 2494 memoriae
1234 2460 1494 2505 p1·o‹liderunt;
1520 2457 1611 2490 mihi

171 2518 262 2543 vero
298 2508 413 2540 otium
440 2518 512 2539 non
542 2512 595 2540 est
620 2507 664 2540 iis
690 2508 896 2552 repetendis
932 2508 1171 2548 immorandi,
1204 2509 1262 2541 eui
1293 2518 1385 2553 quae
1423 2515 1610 2550 coeperam

179 2559 263 2588 sunt
289 2553 546 2599 persequenda.

273 2603 327 2636 26.
376 2601 458 2633 Post
494 2599 663 2632 Sabor-em
696 2602 818 2646 itaque
858 2600 1006 2634 Artaxer
1042 2601 1152 2645 ipsius
1189 2601 1297 2633 frater
1333 2600 1469 2644 politus
1496 2598 1610 2642 impe.

181 2649 258 2687 ¹⁸10,
285 2659 365 2681 cum
391 2657 502 2680 annos
530 2651 683 2692 quatuor
716 2653 926 2690 regnasset,
959 2650 1121 2682 moritur.
1177 2647 1293 2680 Filius
1330 2651 1446 2678 autem
1478 2643 1610 2684 huius,

183 2694 297 2728 Sabm-
320 2705 403 2728 vero
439 2693 549 2725 etiam
580 2693 611 2725 is
634 2692 846 2733 vocabatur,
877 2696 1038 2740 quinque
1073 2695 1175 2727 annis
1209 2692 1399 2737 imperium
1429 2691 1610 2733 obtinuit3

184 2740 295 2785 duplo
318 2752 404 2778 vero
427 2739 741 2786 temporisvspatio
768 2745 804 2773 ct
827 2752 899 2774 nno
926 2742 1073 2786 iusuper
1095 2748 1187 2773 anno
1215 2738 1413 2773 vararanes
1439 2737 1546 2771 huius
1567 2739 1611 2770 fi-
