1794 3112
236 109 312 164 ,50
807 126 1077 171 AGATrnAE

46 235 136 271 A.c.
161 238 224 271 552
239 227 286 268 τί
308 243 352 281 γε
390 229 578 269 δεδιέναι.
607 223 751 267 οὗκοῦν
779 231 1007 277 Λουκανοῖς
1031 245 1075 270 τε
1112 229 1267 278 τούτοις
1305 232 1506 285 μηδαμῶς
1536 234 1646 288 §quoii-

102 283 225 318 Ῑ·Ῑ·26
235 307 311 344 μεν
343 288 595 333 ἀναπνεῦσαι
628 293 702 345 τῆς
726 294 984 347 πολιορκίας,
1033 295 1105 334 καί
1127 293 1228 348 πρὸς
1258 292 1326 335 τὸν
1353 293 1446 336 ὅλον
1470 296 1645 349 πόλεμον

236 352 346 402 ἅπας
372 371 434 402 τις
457 355 576 406 ὑμῶν
600 355 882 407 ἐμμελέστατα
914 358 965 411 τῇ
989 358 1200 413 προθυμίᾳ
1219 359 1592 413 παρεσκευάσθω.”

343 418 404 469 ιζ.
463 420 643 459 Τοιαῦτα
677 415 696 458 ὃ
731 419 902 473 Ναρσῆς
930 418 1083 471 εἰπών,
1120 418 1325 475 ἐθάρσυνέ
1346 438 1388 462 τε
1418 419 1565 465 αὐτίκα
1597 423 1644 465 τό

233 481 483 537 στράτευμα,
510 483 581 522 καί
599 484 753 534 μᾶλλον
774 481 925 537 ἀκριβῆ
945 481 1019 536 τήν
1043 484 1276 538 πολιορκίαν
1293 484 1394 540 πρὸς
1415 485 1510 536 τοὺς
1528 491 1669 532 Λου-5

234 544 378 593 κανοὺς
409 547 593 586 ἐποιεῖτο.
632 546 875 598 ἐχαλέπαινε
910 547 955 586 δὲ
979 551 1062 594 τοῖς
1090 541 1227 596 ἄλλοις
1256 555 1514 604 στρατηγοῖς,
1551 547 1647 591 ἄνθ’

110 619 153 656 V.
180 621 222 655 25
236 604 294 651 ὧν
332 608 383 651 τά
417 611 607 664 ἐπίκαιρα
646 608 783 664 χωρία
823 609 1128 663 καταλιπόντες,
1173 610 1211 652 οἱ
1244 612 1290 652 δὲ
1323 613 1366 660 ἐς
1394 615 1648 666 Φαβέντειαν

235 673 453 727 ἐτύγχανον
476 673 692 728 ἀφιγμένοι
701 706 714 724 ,
754 674 824 713 καί
853 673 895 720 ἐς
921 668 1153 715 τούναντίον
1176 671 1290 731 αὐτῷ
1313 673 1364 717 τοὶ
1382 667 1470 730 ’τῆς
1489 693 1646 732 προμη-

231 737 350 785 θείας
372 734 530 791 ἐχώρει.
569 736 594 777 ὅ
611 738 689 788 μὲν
721 735 796 791 γὰρ
821 737 933 792 ἀμφὶ
958 737 1144 792 Πάρμαν
1173 736 1246 792 τήν
1281 737 1399 780 πόλιν
1433 735 1569 796 α’)’σπερ
1601 742 1646 782 ἐν

230 800 433 856 προβόλου
462 802 534 841 καί
559 798 757 855 ἐρύματος
775 805 902 857 μοίρᾳ
922 800 1126 855 τετάχθαι
1153 800 1205 843 τοὶ
1231 801 1302 852 ξύν
1328 803 1491 851 ἐκείνοις
1517 819 1694 859 στρα-ιο

230 863 411 916 τεύματα
433 865 584 919 χρῆναι
615 865 770 919 ἡγεῖτο,
811 861 921 912 ὅπως
949 863 987 905 οἱ
1016 866 1092 917 μὲν
1126 865 1296 918 κώλυμα
1325 863 1405 908 εἶεν
1422 872 1506 914 τοῖς
1527 867 1644 908 ἐναν-

186 930 328 975 Βτίοις
349 929 391 974 ἐς
408 925 458 968 τὰ
480 926 619 982 πρόσω
643 929 772 979 ἰέναι,
801 926 922 976 αὐτὸς
949 930 993 969 δὲ
1014 927 1117 969 κατὰ
1142 930 1292 982 σχολὴν
1320 925 1369 970 εὖ
1386 928 1500 982 μα’λα
1521 928 1572 971 τὰ
1600 931 1644 978 ἐς

237 992 437 1032 Τουσκίαν
466 989 627 1032 ἅπαντα
667 989 1045 1046 καταστησάμενος,
1081 990 1169 1033 εἶτα
1195 994 1259 1033 ἐπ’
1281 992 1431 1041 αὖτοὺς
1461 994 1643 1048 διαβαίη.

607 1051 667 1067 1)(

229 1056 301 1096 νῦν
321 1057 365 1096 δὲ
379 1055 542 1096 ἐκείνων
563 1071 702 1111 πορρω
722 1054 1075 1108 μεταναστάντων,
1099 1058 1307 1110 ξυνέβαινε
1327 1055 1422 1105 τούς
1441 1058 1553 1113 ἀμφὶ
1569 1056 1643 1099 τὸν

232 1120 401 1174 Ναρσῆν
434 1119 655 1174 προτέρους
689 1121 899 1161 ἐκκεῖσθαι
923 1126 1008 1168 τοῖς
1034 1122 1250 1172 πολεμίοις·
1300 1115 1447 1162 οὔκουν
1477 1121 1693 1170 ἅνεκτὸνιό

228 1184 345 1222 τοῦτο
371 1181 611 1236 ἡγούμενος,
653 1182 836 1224 ἔστελλεν
872 1183 1017 1224 αὐτίκα
1050 1184 1106 1232 (ὃς
1129 1183 1221 1232 τούς
1240 1183 1487 1239 στρατηγοὺς
1509 1181 1641 1240 ἄνδρα

228 1247 310 1286 τῶν
331 1245 368 1286 οἱ
392 1247 433 1294 ἐς
456 1245 507 1286 τὰ
535 1246 714 1302 μάλιστα
745 1248 1004 1301 ἐπιτηδείων,
1047 1242 1081 1305 ᾦ
1113 1246 1160 1301 δὴ
1185 1250 1392 1303 Στέφανος
1413 1251 1488 1300 μὲν
1510 1243 1639 1302 ὄνομα

231 1303 306 1362 ἦν,
343 1311 491 1364 πατρίς
522 1312 566 1350 δὲ
595 1310 776 1362 πόλισμα
809 1308 1032 1365 Ἰλλυρικὸν
1061 1311 1088 1364 ἦ
1117 1311 1397 1364 Ἐπίδαμνος,
1434 1313 1644 1368 ἐπικερτο-

227 1372 408 1426 μήσοντὰ
432 1390 475 1426 γε
505 1371 659 1422 αὖτοὺς
682 1376 753 1427 τῆς
778 1374 954 1426 δειλίας,
983 1374 1054 1415 καί
1075 1376 1325 1428 διελέγξοντα
1343 1373 1398 1423 ὦς
1422 1374 1640 1432 πεφώραν-

111 1445 148 1479 Ρ.
171 1444 218 1484 29
230 1452 299 1476 ται
328 1436 379 1476 τὰ
404 1435 521 1476 κοινοὶ
547 1440 890 1493 καταπροέμενοι,
919 1439 958 1478 εἰ
973 1436 1030 1491 μὴ
1057 1433 1181 1486 αὖθις
1202 1439 1243 1486 ἐς
1260 1437 1311 1479 τὰ
1334 1437 1514 1494 πρότερα
1538 1440 1690 1486 ἐπα-20

225 1499 392 1553 νήξοιεν.
447 1502 653 1554 Στέφανος
674 1502 750 1553 μὲν
774 1498 847 1542 οὖν
865 1497 1018 1556 ἄνδρας
1036 1504 1078 1550 ἐς
1107 1502 1341 1550 διακοσίους
1364 1501 1538 1551 ἱππότας
1557 1520 1639 1556 μα..

221 1562 490 1615 χιμωτάτους
516 1563 586 1604 καί
611 1565 660 1620 τῇ
687 1562 844 1605 ὁπλίσει
865 1560 1015 1620 ἄριστα
1043 1567 1362 1618 ἐσκευασμένους
1380 1565 1638 1620 ἐπαγόμενος,

294 1653 321 1674 ι.
333 1642 369 1673 τί
384 1650 427 1684 γε
435 1643 471 1674 R.
485 1643 635 1685 etIntpr.
651 1643 755 1687 τοίγε
764 1643 854 1686 vulg.
893 1643 940 1684 ¹4·
956 1641 1085 1688 πόριῗω
1095 1643 1145 1681 R„
1157 1641 1358 1688 πόρῥωθεν
1371 1643 1461 1686 vulg.
1494 1643 1543 1678 15.
1557 1644 1638 1677 Post

287 1687 444 1731 Ναρσῆν
460 1689 584 1720 inserit
602 1689 710 1730 Intpr.
726 1688 878 1722 Lucensi
898 1688 1024 1720 omissa
1044 1687 1238 1721 obsidione.
1339 1690 1390 1721 18.
1405 1688 1572 1733 πόλισμα
1586 1691 1636 1730 R„

287 1731 395 1776 Intpr,
409 1734 568 1772 castello,
582 1732 701 1777 ὄνομα
708 1734 801 1777 vulg.
874 1745 922 1776 ¹9·
932 1742 974 1776 γε
985 1735 1080 1773 Β.,τε
1092 1734 1181 1777 vulg.
1231 1745 1282 1767 22.
1299 1733 1551 1779 ἐπαγομένους
1561 1735 1635 1768 Par.
1663 1777 1666 1779 Α

227 1807 344 1835 amur,
385 1809 462 1830 cum
487 1799 541 1830 illi
566 1800 691 1830 alienis
720 1799 877 1831 inhient:
916 1798 1005 1831 adeo
1034 1800 1129 1831 omni
1155 1811 1198 1832 ex
1219 1805 1317 1843 parte
1341 1811 1414 1833 non
1437 1801 1529 1834 bene
1556 1812 1637 1845 spe-

226 1853 303 1874 rare
334 1853 416 1882 nos,
453 1843 584 1875 nedum
622 1845 765 1882 timere,
792 1849 845 1876 est
880 1845 1011 1876 rationi
1050 1845 1324 1878 dissentaneum.
1374 1845 1532 1890 Quocira
1563 1847 1636 1879 Lu-

227 1887 390 1919 censibus
417 1887 471 1920 his
495 1889 632 1920 nullum
654 1888 849 1920 obsidendo
876 1889 1074 1932 respirandi
1105 1890 1222 1933 lolcum
1250 1890 1395 1930 demus,
1422 1896 1458 1923 et
1481 1891 1525 1923 ad
1555 1903 1634 1925 acre

225 1931 359 1964 bellum
382 1933 531 1977 quisque
552 1940 705 1966 vestrum
721 1944 854 1965 summa
875 1945 955 1966 cura
975 1935 1228 1979 alacritateque
1250 1947 1286 1967 se
1311 1941 1501 1980 comparet.

321 1988 370 2020 17.
418 1978 481 2010 His
501 1977 604 2010 dictis
626 1979 751 2011 Narses
777 1983 813 2010 et
833 1979 985 2011 militum
1007 1980 1141 2012 animos
1166 1980 1277 2012 erexit
1301 1985 1337 2012 et
1361 1981 1509 2013 arctiore
1537 1981 1633 2014 obsi-

224 2020 330 2053 dione
349 2023 521 2055 Lucenses
543 2024 680 2067 pressit.
729 2024 817 2056 Aliis
840 2035 921 2056 vero
949 2025 1135 2067 praefectis
1156 2025 1370 2058 militaribus
1387 2027 1536 2069 graviter
1555 2038 1635 2060 suc-

224 2067 411 2107 censebat,
439 2068 536 2112 quod
558 2069 870 2112 opportunioribus
888 2070 973 2101 locis
999 2069 1196 2109 derelictis,
1221 2071 1426 2103 Faventiam
1447 2082 1521 2104 sese
1547 2083 1633 2104 con-

222 2111 410 2151 tulissent,
442 2114 540 2145 etin
572 2114 784 2146 contrarium
818 2114 885 2157 ipsi
915 2115 1063 2146 consilia
1098 2126 1161 2147 sua
1196 2117 1389 2148 cessissent.
1436 2116 1526 2148 Nam
1556 2117 1632 2161 ipse

223 2157 315 2188 circa
341 2157 558 2191 parmensem
585 2159 710 2191 urbem
733 2159 863 2202 copias,
883 2159 1011 2204 quibus
1034 2160 1115 2192 illos
1142 2161 1370 2204 praefecerat,
1396 2172 1459 2205 pro
1478 2162 1571 2194 vallo
1590 2173 1632 2195 ac

222 2203 484 2246 propugnaculo
514 2204 678 2236 collocari
697 2209 858 2246 oportere
888 2209 1085 2243 censuerat,
1110 2211 1150 2237 ut
1167 2205 1234 2237 hae
1257 2205 1400 2250 quidem
1430 2206 1560 2246 hostes,
1586 2218 1631 2239 ne

223 2246 372 2279 ulterius
393 2247 642 2290 procederent,
663 2249 914 2292 prohiberent;
939 2250 1014 2292 ipse
1039 2260 1142 2290 vero,
1166 2251 1269 2282 rebus
1300 2252 1462 2284 omnibus
1491 2252 1528 2284 in
1555 2252 1631 2284 Tu-

224 2292 295 2323 scia
319 2303 423 2336 quam
446 2293 576 2336 optime
602 2294 815 2333 constitutis,
825 2295 875 2325 ita
899 2293 1041 2326 tandem
1059 2294 1103 2326 ad
1126 2295 1219 2338 ipsos
1236 2307 1271 2328 se
1291 2297 1505 2329 transferret.
1527 2296 1630 2330 Nunc

222 2345 304 2369 vero
323 2348 401 2370 cum
418 2338 472 2369 illi
491 2339 614 2381 procul
644 2338 727 2370 inde
751 2338 1004 2380 d1seessissent,
1024 2339 1142 2379 fiebat,
1165 2346 1204 2372 ut
1222 2352 1312 2385 quae
1335 2343 1425 2374 circa
1446 2341 1629 2375 Narsctem

224 2386 325 2414 erant
347 2383 491 2426 copiae,
517 2384 652 2426 primae
686 2383 848 2415 hostibus
874 2386 1052 2427 expositae
1078 2390 1203 2417 essent.
1254 2386 1360 2430 Quod
1385 2386 1529 2432 quidem
1549 2397 1628 2419 cum

223 2427 367 2460 minime
387 2428 572 2460 ferendum
594 2429 831 2468 existimaret,
858 2430 1045 2461 confestim
1063 2429 1107 2461 ad
1134 2432 1330 2473 praefectos
1354 2433 1433 2464 illos
1458 2428 1627 2477 perq'uam

225 2472 393 2505 Idoneum
407 2473 521 2505 virum
541 2474 660 2513 misit,
687 2474 743 2506 cui
765 2473 943 2517 Stephano
969 2474 1115 2519 quidem
1140 2487 1269 2508 nomen
1291 2483 1383 2516 erat,
1433 2477 1521 2508 atria
1541 2487 1625 2509 vero

224 2516 451 2560 Epidamnus,
462 2519 632 2562 oppidum
647 2519 824 2561 Illyricum
835 2542 844 2557 ‚
869 2520 930 2564 qui
949 2530 1007 2551 cos
1030 2521 1172 2552 acribus
1188 2521 1305 2554 verbis
1321 2488 1525 2555 timiXitatis‘
1535 2522 1625 2554 insi-

227 2562 378 2594 mularet
407 2562 613 2608 publieique
649 2563 734 2596 honi
763 2564 956 2596 desertores
973 2589 982 2604 ,
1020 2566 1090 2596 nisi
1120 2577 1236 2598 rursus
1264 2566 1308 2599 ad
1336 2567 1453 2611 priora
1477 2566 1554 2599 loca
1587 2578 1624 2599 se

228 2607 435 2649 reciperent.
505 2608 719 2652 Stephanus
740 2607 859 2654 itaque
879 2633 887 2648 ,
924 2609 1082 2642 ducentis
1134 2607 1314 2655 equitibus
1349 2610 1624 2644 bellicosissimis

229 2651 455 2698 optimaeque
472 2659 669 2688 armaturae
690 2654 774 2693 viris
799 2664 917 2689 secum
936 2653 1069 2696 ductis,
1094 2667 1198 2701 quam
1232 2657 1411 2692 celerrime
1431 2657 1499 2690 iter
1526 2657 1622 2696 fecit,
