1794 3112
619 145 994 187 lnsTORIARUM
1023 149 1054 187 1.
1083 151 1150 191 21.
1322 170 1325 172 v
1527 122 1599 197 59

166 289 167 292 Ἰ
271 241 335 285 κά.
384 242 458 285 Ἐν
478 242 607 300 τούτῳ
639 245 686 286 δὲ
714 243 738 285 5
777 247 946 299 Ναρσῆς
982 247 1031 301 τῇ
1055 245 1261 300 εΡαβέννῃ
1297 240 1498 294 ἐπιστὰς,
1533 239 1693 285 καίΑΗΟ
1705 249 1774 285 552

162 316 247 358 τοῖς
273 310 458 351 ἐνταῦθα
501 308 810 365 στρατεύμασιν
839 310 1063 366 ὅιιιλήσας,
1104 327 1173 351 και
1206 307 1341 351 πάντα
1377 310 1422 351 ἐν
1466 299 1639 349 δέοντιῙ·
1658 299 1682 330 ¹·
1704 298 1750 330 ²⁶

159 375 549 430 καταστησάμενος,
589 376 633 424 ἐς
670 376 902 432 Ἀριμηνον
939 376 1090 431 ἐχώρει
1128 375 1205 430 τήν
1242 373 1382 427 πόλιν,
1411 372 1486 424 ξυν
1517 378 1652 422 τοῖςῑῖ.
1675 380 1720 421 ²4

157 438 303 485 ὁπόσοι
337 437 448 497 αὕτη)
477 457 547 482 και
572 440 774 497 πρότερον
799 444 974 484 εἵποντο.
1017 439 1160 496 ἐπειδη
1192 457 1270 495 γαρ
1302 440 1545 495 Ουάκκαρος
1580 435 1602 479 5

127 500 350 560 5ουαρνος
371 503 416 547 τὸ
439 508 555 560 γένος
585 502 695 564 0717
677 522 707 546 ω
735 505 935 564 πρότερον
968 504 1204 561 ἐτεθνήκει,
1226 503 1328 560 ἄνηρ
1350 508 1395 547 ἐν
1416 511 1503 554 τοῖς
1524 502 1609 557 μά-

156 574 277 613 λιστα
308 570 440 621 δεινός
457 588 500 613 τε
520 589 589 613 και
613 572 908 629 φιλοπόλεμος,
952 572 1103 614 αὐτίκα
1121 571 1142 614 5
1165 577 1262 620 παῖς
1285 570 1306 612 5
1326 573 1482 612 ἐκείνου
1501 571 1610 611 Θευ-

147 627 355 691 διβοιλδος
385 637 532 692 (τοῦτο
560 637 640 693 γὰρ
685 654 817 691 ονομα
852 640 911 679 τῶ
946 637 1096 694 παιδι)
1138 633 1228 689 ἅμα
1273 641 1359 684 τοῖς
1395 633 1610 687 ἓποιιένοις

161 700 388 758 Οὗάρνοις,
418 706 590 756 βασιλεῖ’
613 706 697 746 τῶν
721 704 945 757 εΡωμαίων
971 701 1250 758 προσεχώρει,
1294 700 1369 742 καὶ
1406 702 1448 750 ἐς
1477 701 1635 756 Ἀρί-Β

155 783 284 822 μηνον
308 770 445 824 παρῆν
480 768 537 817 ὥς
565 769 697 811 αὐτοῦ
731 771 788 827 τῷ
818 770 967 825 Ναρσῇ
996 767 1295 820 ἐντευξόμενος.
1324 761 1382 808 ὧν
1408 765 1458 822 δὴ
1482 768 1602 809 ’ἕνεκα

95 834 344 881 ,Ιοένταῦθα
367 833 440 875 καί
474 831 543 888 ὅγε
579 835 728 891 ἀφῖκτο
739 868 753 888 ,
787 836 857 890 ἐφ’
878 829 911 891 ᾧ
936 832 1122 882 ἅπαντας
1150 834 1314 890 χρυσίῳ
1344 837 1604 888 φιλοφρονη-

156 900 348 952 σάμενος,
365 900 563 953 βεβαίους
587 901 630 949 ἐς
657 897 694 953 δ’,
720 917 760 943 τι
779 899 963 953 μάλιστα
989 899 1081 953 ἔχοι
1099 898 1355 952 ξυμμάχους.
1375 899 1418 939 ἐν
1435 898 1601 946 τούτοις

157 965 205 1005 δὲ
236 960 366 1006 αὐτοῦ
391 965 729 1020 διημερεύοντος,
768 962 917 1021 ἄνδρες
953 967 1035 1007 τῶν
1068 962 1271 1020 Φράγγων
1300 965 1343 1013 ἐς
1373 964 1604 1017 δισχιλίους

161 1029 315 1090 ᾆναμίξ
351 1029 471 1082 πεζοὶ
492 1030 566 1072 καί
579 1030 773 1084 ἱππόται,
798 1033 842 1073 οἳ
859 1030 910 1086 δὴ
929 1031 1156 1085 ἐτύγχανον
1182 1033 1226 1078 ἐς
1253 1027 1446 1086 ἁρπαγάς
1469 1045 1514 1070 τε
1534 1029 1606 1069 καί

157 1094 378 1150 λεηλασίας
401 1097 475 1151 τῆς
497 1096 643 1152 χώρας
662 1095 746 1138 ὑπὸ
770 1098 850 1139 τῶν
881 1099 1094 1152 σφετέρων
1124 1095 1338 1151 ἡγεμόνων
1366 1095 1601 1144 σταλέντες,

103 1155 274 1219 ·ι5οὗτοι
297 1162 345 1202 δὲ
366 1161 500 1216 ἀγχοῦ
524 1164 600 1216 τῆς
628 1160 789 1212 πόλεως
823 1164 1106 1217 γεγενημένοι,
1137 1159 1233 1210 τούς
1258 1176 1301 1202 τε
1333 1157 1484 1215 ἀγροὺς
1515 1157 1604 1200 ἐσί-

154 1241 295 1280 νοντο,
324 1227 399 1269 καί
423 1225 524 1277 τούς
541 1226 644 1282 βόας
665 1225 800 1270 εἷλκον
827 1226 925 1276 τούς
948 1228 1181 1283 ἀροτῆρας,
1208 1225 1281 1274 ,καί
1308 1221 1475 1267 ἅπαντα
1504 1222 1603 1279 ἔφε-

156 1307 230 1348 ρον
252 1293 425 1348 ἀνέδην,
456 1293 514 1342 ὥς
542 1295 616 1336 καὶ
644 1292 774 1336 αὖτὸν
797 1293 931 1349 δήπου
962 1292 1036 1335 τὸν
1072 1294 1251 1348 Ναρσῆν
1279 1288 1606 1346 ἐπιφράσασθαι

154 1355 211 1400 τοὶ
235 1357 476 1412 ποιούμενα.
501 1353 602 1414 ἧστο
626 1357 705 1416 γὰρ
732 1362 777 1409 ἐς
804 1358 992 1416 ὑπερῷόν
1019 1376 1060 1401 τι
1089 1356 1298 1411 δωμάτιον
1330 1358 1375 1399 ἐν
1407 1357 1602 1411 περιωπῇ

155 1425 232 1466 τοῦ
257 1423 413 1466 πεδῶν.
439 1424 592 1467 αὐτίκα
616 1423 667 1484 δὴ
695 1421 783 1478 οὖν,
813 1424 1013 1482 (αἰσχρὸν,
1033 1423 1112 1480 γάρ
1146 1441 1189 1466 τι
1215 1422 1287 1465 καὶ
1307 1419 1470 1477 ἀγεννὲς
1499 1417 1600 1479 ᾤετο
1616 1428 1643 1460 C

86 1487 264 1537 >20:32th
292 1488 339 1532 τὸ
364 1488 424 1545 μὴ
456 1489 558 1544 οὐχὶ
577 1491 622 1532 ἐκ
654 1492 738 1533 τῶν
764 1490 984 1547 παρόντων
1012 1489 1303 1546 ἅμύνασθαι,)
1336 1485 1505 1543 ὑπεξῄει
1531 1488 1605 1528 τοῦ

157 1549 324 1608 ἄστεος,
347 1557 489 1608 μἵππου
522 1553 672 1609 ἐπιβὰς
703 1555 982 1611 εὖηνιωτάτου
1011 1554 1086 1596 καί
1121 1551 1362 1610 ἀγερώχου,
1402 1551 1476 1593 καί
1510 1553 1603 1592 οἴου

158 1621 235 1663 οὐκ
260 1615 423 1663 ἄτακτα
455 1618 704 1669 ἐξάλλεσθαι
730 1621 805 1663 καί
837 1623 1032 1679 σκιρτᾶν,
1062 1618 1170 1662 ἀλλὰ
1201 1617 1277 1668 τάς
1311 1634 1357 1659 τε
1387 1614 1604 1665 ἐπελάσεις

249 1708 283 1744 3.
304 1701 512 1755 ’Λριιιηνὸν
534 1710 628 1754 vulg.
761 1711 793 1745 6.
820 1709 967 1744 ἐκείνου
992 1711 1030 1741 Β.
1042 1709 1190 1764 ,Intpr.
1214 1707 1325 1741 huius
1338 1706 1474 1753 filzus,
1504 1705 1602 1740 ἐκεῖ·

248 1765 314 1793 νος
342 1757 435 1802 vulg.
531 1768 562 1800 7.
588 1757 670 1790 Post
690 1767 768 1802 γαρ
787 1757 880 1802 vulg.
899 1756 1075 1789 inseritur
1096 1751 1160 1798 ἢν,
1190 1753 1290 1800 quod
1312 1764 1381 1787 om.
1410 1753 1448 1786 Β.
1546 1763 1600 1786 21.

250 1810 290 1837 τε
315 1809 400 1848 post
424 1800 676 1846 ευηνιωτοέτου
700 1803 766 1836 ins
790 1815 859 1848 mg.
884 1802 995 1848 Lugd.

248 1908 304 1931 αι.
341 1897 484 1929 Interea
503 1895 632 1930 Narses
653 1898 841 1930 Ravennae
862 1894 1075 1935 subsistens,
1102 1900 1212 1941 atque
1231 1895 1327 1928 inter
1347 1897 1480 1938 copias,
1506 1900 1601 1941 quae

155 1943 210 1978 ibi
230 1947 343 1983 erant,
371 1953 526 1983 versans,
551 1943 659 1976 rebus
684 1943 853 1976 omnibus
871 1950 965 1977 recte
988 1944 1211 1982 constitutis,
1230 1942 1431 1974 Ariminum
1452 1953 1600 1974 conces-
1644 1975 1647 1979 ,

156 1991 205 2024 sit
223 2001 302 2023 cum
318 1989 443 2023 eodem
460 2001 532 2035 quo
555 1995 663 2023 antea
685 1995 835 2023 venerat
855 1992 1039 2024 comitatu.
1093 1990 1238 2022 Mortuo
1262 1989 1355 2021 enim
1382 1989 1492 2032 paulo
1515 1993 1599 2020 ante

154 2037 324 2076 vaccam,
350 2047 478 2080 genere
493 2036 625 2077 vauro,
644 2038 720 2070 viro
745 2037 921 2080 imprimis
952 2037 1054 2082 gravi
1076 2042 1113 2068 et
1134 2036 1321 2074 bellicoso,
1342 2034 1600 2067 statimTheo-

156 2082 326 2116 ‹libaldus
345 2082 420 2116 eius
445 2083 541 2116 filius
564 2094 645 2116 cum
658 2083 786 2116 Varnis
812 2094 895 2115 eum
918 2083 1175 2117 comitantibus
1201 2082 1246 2115 ad
1267 2083 1508 2114 Romanorum
1527 2082 1599 2112 Im-

156 2135 356 2174 peratorem
378 2135 594 2170 accesserat,
623 2134 660 2162 et
680 2130 834 2162 Arimini
856 2136 933 2163 erat
956 2136 1130 2175 tanquam
1162 2128 1215 2161 ibi
1231 2128 1418 2161 Narsctem
1442 2138 1601 2159 conveu—

138 2181 279 2221 turus,
316 2187 387 2221 quo
416 2176 523 2209 etiam
553 2177 631 2220 ipse
659 2187 700 2209 ea
733 2176 779 2209 de
804 2188 910 2209 causa
930 2182 1107 2216 v,enerat
1142 2181 1182 2207 ut
1206 2174 1373 2208 omnibus
1398 2167 1600 2206 liberaliter

157 2233 245 2255 auro
268 2221 409 2256 donatis
436 2223 655 2255 firmissimos
676 2222 766 2256 belli
797 2224 912 2255 socios
936 2222 1099 2256 haberet.
1149 2222 1255 2254 Hisce
1289 2220 1396 2253 rebus
1422 2225 1598 2264 occupato

157 2268 318 2308 Nar-sete,
342 2269 471 2302 Franci
499 2266 544 2302 ad
564 2269 635 2302 duo
656 2270 770 2302 millia
790 2270 931 2302 mixtim
954 2269 1119 2314 peditum
1139 2273 1175 2301 ct
1195 2267 1370 2313 equitum,
1398 2268 1462 2312 qui
1481 2278 1500 2298 a
1524 2267 1597 2298 suis

156 2315 349 2369 praefectis
373 2314 419 2348 ad
444 2315 656 2348 vastandum
679 2321 716 2348 et
738 2315 1031 2360 depraedandum
1054 2326 1176 2360 agrum
1208 2318 1312 2346 eraut
1337 2313 1477 2352 emissi,
1515 2323 1598 2345 cum

157 2361 231 2394 iam
255 2361 335 2394 urbi
356 2363 716 2407 appropinquassent,
742 2374 917 2408 agrosque
932 2367 1114 2396 vastarent
1133 2367 1169 2394 et
1198 2361 1269 2393 bov
1273 2371 1309 2392 es
1337 2365 1494 2393 aratores
1515 2358 1596 2391 abi-

157 2413 308 2452 gerent,
335 2408 526 2462 omniaque
551 2410 755 2463 promiscue
789 2415 935 2453 agerent
962 2421 1002 2442 ac
1026 2410 1179 2448 fer-,rent
1213 2407 1411 2451 aspiciente
1434 2406 1597 2443 Narsete,

156 2453 322 2500 (sedebat
344 2454 440 2487 enim
459 2455 536 2498 ipse
554 2456 593 2488 in
615 2456 764 2488 sublimi
784 2456 940 2501 quadam
957 2455 1121 2500 pergula,
1148 2454 1244 2487 unde
1268 2454 1306 2485 in
1332 2464 1495 2496 campum
1520 2456 1598 2483 erat

155 2500 383 2546 prospectus)
405 2506 508 2544 turpe
528 2513 768 2548 parumque„
749 2513 959 2534 “enei-osum
980 2508 1088 2544 ratus²
1108 2501 1176 2533 nisi
1202 2512 1245 2533 ex
1263 2511 1299 2532 re
1321 2498 1510 2550 praesenti
1523 2497 1597 2530 vim

133 2548 404 2592 ‚propulsarem
427 2547 516 2579 urbe
539 2549 635 2587 exit,
662 2559 856 2582 conscenso
883 2559 997 2602 equo,
1027 2549 1091 2593 qui
1115 2546 1268 2579 habenis
1298 2544 1593 2578 audientissimus

155 2599 261 2634 esset,
281 2594 416 2638 pariter
431 2598 468 2626 et
489 2604 679 2637 generosus
703 2607 743 2628 ac
762 2595 885 2633 ferox,
917 2596 1054 2640 quique
1077 2605 1150 2626 uon
1176 2594 1291 2626 solum
1306 2591 1501 2635 composite
1521 2589 1592 2622 sci-

153 2643 264 2685 teque
278 2641 445 2685 prosilire
467 2645 503 2672 et
520 2640 648 2673 saltare
666 2647 799 2680 nosset,
823 2640 885 2673 sed
903 2642 1013 2674 etiam
1034 2641 1208 2684 impetum
1239 2639 1276 2670 in
1299 2638 1439 2670 hostem
1462 2637 1592 2675 facere,

155 2697 371 2732 cursumque
394 2687 521 2719 sistere
549 2691 585 2719 et
604 2691 699 2719 retro
720 2687 805 2719 ferri
826 2699 892 2720 usu
914 2689 1025 2720 multo
1053 2692 1147 2720 essct
1168 2685 1338 2721 edoctus,
1373 2688 1409 2716 ct
1433 2693 1451 2715 e
1477 2683 1590 2715 comi-

135 2736 233 2775 ‚tatu
253 2744 319 2766 suo
352 2737 533 2779 quotquot
556 2733 609 2766 rei
633 2731 789 2767 bellicae
817 2745 891 2767 non
917 2734 1064 2767 omnino
1092 2737 1194 2766 erant
1218 2730 1397 2776 imperiti,
1425 2730 1526 2774 sequi
1550 2735 1591 2761 se‘
