<?xml version="1.0" encoding="UTF-8"?>
<!DOCTYPE html PUBLIC "-//W3C//DTD XHTML 1.0 Transitional//EN"
    "http://www.w3.org/TR/xhtml1/DTD/xhtml1-transitional.dtd">
<html xmlns="http://www.w3.org/1999/xhtml" xml:lang="en" lang="en">
 <head>
  <title>
</title>
<meta http-equiv="Content-Type" content="text/html;charset=utf-8" />
  <meta name='ocr-system' content='tesseract 3.04.00' />
  <meta name='ocr-capabilities' content='ocr_page ocr_carea ocr_par ocr_line ocrx_word'/>
</head>
<body>
  <div class='ocr_page' id='page_1' title='image "./corpusscriptorum01niebuoft_0250.png"; bbox 0 0 1832 3152; ppageno 0'>
   <div class='ocr_carea' id='block_1_1' title="bbox 307 157 1146 213">
    <p class='ocr_par' dir='ltr' id='par_1_1' title="bbox 307 157 1146 213">
     <span class='ocr_line' id='line_1_1' title="bbox 307 157 1146 213; baseline 0.005 -3"><span class='ocrx_word' id='word_1_1' title='bbox 307 157 416 211; x_wconf 85' lang='lat'><em>206</em></span> <span class='ocrx_word' id='word_1_2' title='bbox 874 169 1146 213; x_wconf 78' lang='lat' dir='ltr'><strong>AGATHIAE</strong></span> 
     </span>
    </p>
   </div>
   <div class='ocr_carea' id='block_1_2' title="bbox 116 277 1770 1530">
    <p class='ocr_par' dir='ltr' id='par_1_2' title="bbox 116 277 1770 1530">
     <span class='ocr_line' id='line_1_2' title="bbox 514 277 527 295; baseline 0 0"><span class='ocrx_word' id='word_1_3' title='bbox 514 277 527 295; x_wconf 68' lang='lat' dir='ltr'><em>S</em></span> 
     </span>
     <span class='ocr_line' id='line_1_3' title="bbox 116 279 1716 375; baseline -0.001 -12"><span class='ocrx_word' id='word_1_4' title='bbox 116 329 157 363; x_wconf 87' lang='lat' dir='ltr'><em>A.</em></span> <span class='ocrx_word' id='word_1_5' title='bbox 180 330 290 364; x_wconf 72' lang='lat'><strong>0555</strong></span> <span class='ocrx_word' id='word_1_6' title='bbox 410 315 461 357; x_wconf 76' lang='grc' dir='ltr'><em>α’·</em></span> <span class='ocrx_word' id='word_1_7' title='bbox 529 279 630 369; x_wconf 85' lang='grc' dir='ltr'><em>Ες</em></span> <span class='ocrx_word' id='word_1_8' title='bbox 665 322 783 363; x_wconf 76' lang='grc' dir='ltr'><em>τοῦτο</em></span> <span class='ocrx_word' id='word_1_9' title='bbox 821 322 868 362; x_wconf 83' lang='grc' dir='ltr'><em>δὲ</em></span> <span class='ocrx_word' id='word_1_10' title='bbox 900 319 1011 375; x_wconf 73' lang='grc' dir='ltr'><em>νίκης</em></span> <span class='ocrx_word' id='word_1_11' title='bbox 1046 325 1134 370; x_wconf 86' lang='grc' dir='ltr'><em>τοῖς</em></span> <span class='ocrx_word' id='word_1_12' title='bbox 1165 321 1394 374; x_wconf 65' lang='grc' dir='ltr'><em>εΡωμαίοις</em></span> <span class='ocrx_word' id='word_1_13' title='bbox 1427 323 1502 363; x_wconf 78' lang='grc' dir='ltr'><em>τοῦ</em></span> <span class='ocrx_word' id='word_1_14' title='bbox 1536 322 1716 373; x_wconf 84' lang='grc' dir='ltr'><em>πολέμου</em></span> 
     </span>
     <span class='ocr_line' id='line_1_4' title="bbox 169 376 1720 440; baseline 0.005 -21"><span class='ocrx_word' id='word_1_15' title='bbox 169 376 606 437; x_wconf 71' lang='grc' dir='ltr'><em>Ῑ·Ῑ·29ικεχωρηκο’τος,</em></span> <span class='ocrx_word' id='word_1_16' title='bbox 644 385 715 426; x_wconf 79' lang='grc' dir='ltr'><em>καί</em></span> <span class='ocrx_word' id='word_1_17' title='bbox 744 382 879 439; x_wconf 70' lang='grc' dir='ltr'><em>ὥσπερ</em></span> <span class='ocrx_word' id='word_1_18' title='bbox 918 384 1135 438; x_wconf 75' lang='grc' dir='ltr'><em>ἅνακωχῆς</em></span> <span class='ocrx_word' id='word_1_19' title='bbox 1157 387 1238 427; x_wconf 77' lang='grc' dir='ltr'><em>τῶν</em></span> <span class='ocrx_word' id='word_1_20' title='bbox 1273 388 1419 428; x_wconf 74' lang='grc' dir='ltr'><em>δεινῶν</em></span> <span class='ocrx_word' id='word_1_21' title='bbox 1443 387 1720 440; x_wconf 88' lang='grc' dir='ltr'><em>γεγενημένης,</em></span> 
     </span>
     <span class='ocr_line' id='line_1_5' title="bbox 183 443 1720 514; baseline 0.009 -40"><span class='ocrx_word' id='word_1_22' title='bbox 183 443 218 475; x_wconf 89' lang='grc' dir='ltr'><em>Ρ.</em></span> <span class='ocrx_word' id='word_1_23' title='bbox 233 443 298 478; x_wconf 82' lang='grc'><strong>107</strong></span> <span class='ocrx_word' id='word_1_24' title='bbox 310 443 391 514; x_wconf 64' lang='grc' dir='ltr'><em>τάἶν</em></span> <span class='ocrx_word' id='word_1_25' title='bbox 417 461 461 485; x_wconf 91' lang='grc' dir='ltr'><em>τε</em></span> <span class='ocrx_word' id='word_1_26' title='bbox 486 443 621 490; x_wconf 78' lang='grc' dir='ltr'><em>ὅπλων</em></span> <span class='ocrx_word' id='word_1_27' title='bbox 643 448 688 490; x_wconf 89' lang='grc' dir='ltr'><em>τὸ</em></span> <span class='ocrx_word' id='word_1_28' title='bbox 713 450 947 503; x_wconf 76' lang='grc' dir='ltr'><em>παραυτίκα</em></span> <span class='ocrx_word' id='word_1_29' title='bbox 969 447 1251 503; x_wconf 80' lang='grc' dir='ltr'><em>ἦρεμηκότων,</em></span> <span class='ocrx_word' id='word_1_30' title='bbox 1284 448 1376 490; x_wconf 84' lang='grc' dir='ltr'><em>τότε</em></span> <span class='ocrx_word' id='word_1_31' title='bbox 1402 448 1451 503; x_wconf 67' lang='grc' dir='ltr'><em>δὴ</em></span> <span class='ocrx_word' id='word_1_32' title='bbox 1487 450 1529 498; x_wconf 77' lang='grc' dir='ltr'><em>ἐς</em></span> <span class='ocrx_word' id='word_1_33' title='bbox 1555 449 1720 502; x_wconf 79' lang='grc' dir='ltr'><em>ζήτησιν</em></span> 
     </span>
     <span class='ocr_line' id='line_1_6' title="bbox 204 509 1721 568; baseline -0.001 -15"><span class='ocrx_word' id='word_1_34' title='bbox 204 509 244 542; x_wconf 82' lang='lat' dir='ltr'><em>V·</em></span> <span class='ocrx_word' id='word_1_35' title='bbox 258 510 300 553; x_wconf 84' lang='grc'><em>76</em></span> <span class='ocrx_word' id='word_1_36' title='bbox 312 521 426 558; x_wconf 82' lang='grc' dir='ltr'><em>ηγετο</em></span> <span class='ocrx_word' id='word_1_37' title='bbox 461 509 513 552; x_wconf 73' lang='grc' dir='ltr'><em>τά</em></span> <span class='ocrx_word' id='word_1_38' title='bbox 554 511 625 554; x_wconf 80' lang='grc' dir='ltr'><em>ἒπί</em></span> <span class='ocrx_word' id='word_1_39' title='bbox 651 515 691 554; x_wconf 90' lang='grc' dir='ltr'><strong><em>Γ</em></strong></span> <span class='ocrx_word' id='word_1_40' title='bbox 690 513 843 568; x_wconf 78' lang='grc' dir='ltr'><em>ουβάζῃ</em></span> <span class='ocrx_word' id='word_1_41' title='bbox 880 510 1073 566; x_wconf 87' lang='grc' dir='ltr'><em>πρότερον</em></span> <span class='ocrx_word' id='word_1_42' title='bbox 1103 514 1393 566; x_wconf 88' lang='grc' dir='ltr'><em>τετολμημένα.</em></span> <span class='ocrx_word' id='word_1_43' title='bbox 1427 512 1498 553; x_wconf 80' lang='grc' dir='ltr'><em>καί</em></span> <span class='ocrx_word' id='word_1_44' title='bbox 1525 514 1662 553; x_wconf 79' lang='grc' dir='ltr'><em>τοίνυν</em></span> <span class='ocrx_word' id='word_1_45' title='bbox 1697 509 1721 551; x_wconf 79' lang='grc' dir='ltr'><em>ὅ</em></span> 
     </span>
     <span class='ocr_line' id='line_1_7' title="bbox 301 573 1742 631; baseline 0.001 -15"><span class='ocrx_word' id='word_1_46' title='bbox 301 574 553 625; x_wconf 70' lang='grc' dir='ltr'><em>Ἀθανάσιος</em></span> <span class='ocrx_word' id='word_1_47' title='bbox 590 576 659 618; x_wconf 72' lang='grc' dir='ltr'><em>ε’πί</em></span> <span class='ocrx_word' id='word_1_48' title='bbox 685 576 824 618; x_wconf 76' lang='grc' dir='ltr'><em>θώκου</em></span> <span class='ocrx_word' id='word_1_49' title='bbox 845 575 950 624; x_wconf 88' lang='grc' dir='ltr'><em>τινὸς</em></span> <span class='ocrx_word' id='word_1_50' title='bbox 972 574 1132 629; x_wconf 78' lang='grc' dir='ltr'><em>ὑψηλοῦ</em></span> <span class='ocrx_word' id='word_1_51' title='bbox 1155 579 1337 630; x_wconf 74' lang='grc' dir='ltr'><em>καθῆστο</em></span> <span class='ocrx_word' id='word_1_52' title='bbox 1359 573 1584 631; x_wconf 69' lang='grc' dir='ltr'><em>εὐπρεπῶς,</em></span> <span class='ocrx_word' id='word_1_53' title='bbox 1611 577 1742 628; x_wconf 84' lang='grc' dir='ltr'><em>χλα-5</em></span> 
     </span>
     <span class='ocr_line' id='line_1_8' title="bbox 299 637 1718 695; baseline 0.002 -17"><span class='ocrx_word' id='word_1_54' title='bbox 299 637 414 690; x_wconf 81' lang='grc' dir='ltr'><em>μύδα</em></span> <span class='ocrx_word' id='word_1_55' title='bbox 442 641 663 694; x_wconf 79' lang='grc' dir='ltr'><em>ἐνειμένος,</em></span> <span class='ocrx_word' id='word_1_56' title='bbox 693 638 830 695; x_wconf 72' lang='grc' dir='ltr'><em>ὥσπερ</em></span> <span class='ocrx_word' id='word_1_57' title='bbox 858 637 1002 692; x_wconf 80' lang='grc' dir='ltr'><em>ἆμέλει</em></span> <span class='ocrx_word' id='word_1_58' title='bbox 1027 638 1065 680; x_wconf 83' lang='grc' dir='ltr'><em>οἱ</em></span> <span class='ocrx_word' id='word_1_59' title='bbox 1098 639 1362 681; x_wconf 78' lang='grc' dir='ltr'><em>ἆστικιότατοι</em></span> <span class='ocrx_word' id='word_1_60' title='bbox 1388 642 1470 683; x_wconf 80' lang='grc' dir='ltr'><em>τῶν</em></span> <span class='ocrx_word' id='word_1_61' title='bbox 1498 639 1718 695; x_wconf 73' lang='grc' dir='ltr'><em>ἡγεμόνων.</em></span> 
     </span>
     <span class='ocr_line' id='line_1_9' title="bbox 298 700 1717 761; baseline 0 -18"><span class='ocrx_word' id='word_1_62' title='bbox 298 705 489 757; x_wconf 80' lang='grc' dir='ltr'><em>παρῆσαν</em></span> <span class='ocrx_word' id='word_1_63' title='bbox 521 707 567 746; x_wconf 80' lang='grc' dir='ltr'><em>δὲ</em></span> <span class='ocrx_word' id='word_1_64' title='bbox 600 702 708 761; x_wconf 69' lang='grc' dir='ltr'><em>αὐτῷ</em></span> <span class='ocrx_word' id='word_1_65' title='bbox 738 700 884 760; x_wconf 70' lang='grc' dir='ltr'><em>ἄνδρες</em></span> <span class='ocrx_word' id='word_1_66' title='bbox 914 704 1090 759; x_wconf 75' lang='grc' dir='ltr'><em>γράφειν</em></span> <span class='ocrx_word' id='word_1_67' title='bbox 1111 719 1155 744; x_wconf 83' lang='grc' dir='ltr'><em>τε</em></span> <span class='ocrx_word' id='word_1_68' title='bbox 1178 705 1220 753; x_wconf 76' lang='grc' dir='ltr'><em>ἐς</em></span> <span class='ocrx_word' id='word_1_69' title='bbox 1242 703 1368 757; x_wconf 83' lang='grc' dir='ltr'><em>τάχος</em></span> <span class='ocrx_word' id='word_1_70' title='bbox 1390 705 1717 756; x_wconf 80' lang='grc' dir='ltr'><em>πεπαιδευμένοι,</em></span> 
     </span>
     <span class='ocr_line' id='line_1_10' title="bbox 302 763 1718 823; baseline 0 -16"><span class='ocrx_word' id='word_1_71' title='bbox 302 766 375 807; x_wconf 80' lang='grc' dir='ltr'>καί</span> <span class='ocrx_word' id='word_1_72' title='bbox 394 767 669 823; x_wconf 75' lang='grc' dir='ltr'><em>ἐπιτροχάδην</em></span> <span class='ocrx_word' id='word_1_73' title='bbox 704 765 974 822; x_wconf 70' lang='grc' dir='ltr'><em>ἀναλέγεσθαι</em></span> <span class='ocrx_word' id='word_1_74' title='bbox 1009 767 1058 809; x_wconf 76' lang='grc' dir='ltr'><em>τά</em></span> <span class='ocrx_word' id='word_1_75' title='bbox 1087 770 1358 823; x_wconf 71' lang='grc' dir='ltr'><em>γεγραμμένα·</em></span> <span class='ocrx_word' id='word_1_76' title='bbox 1399 763 1516 808; x_wconf 74' lang='grc' dir='ltr'><em>ἄλλοι</em></span> <span class='ocrx_word' id='word_1_77' title='bbox 1541 782 1586 807; x_wconf 89' lang='grc' dir='ltr'><em>τε</em></span> <span class='ocrx_word' id='word_1_78' title='bbox 1611 766 1718 820; x_wconf 74' lang='grc' dir='ltr'><em>ὑπη-</em></span> 
     </span>
     <span class='ocr_line' id='line_1_11' title="bbox 298 830 1717 889; baseline -0.001 -17"><span class='ocrx_word' id='word_1_79' title='bbox 298 833 415 883; x_wconf 88' lang='grc' dir='ltr'><em>ρέται</em></span> <span class='ocrx_word' id='word_1_80' title='bbox 442 833 719 889; x_wconf 81' lang='grc' dir='ltr'><em>σοβαρώτεροι</em></span> <span class='ocrx_word' id='word_1_81' title='bbox 746 833 817 874; x_wconf 81' lang='grc' dir='ltr'><em>καί</em></span> <span class='ocrx_word' id='word_1_82' title='bbox 841 834 1077 888; x_wconf 75' lang='grc' dir='ltr'><em>ἐμβριθεῖς,</em></span> <span class='ocrx_word' id='word_1_83' title='bbox 1107 831 1179 873; x_wconf 81' lang='grc' dir='ltr'><em>καί</em></span> <span class='ocrx_word' id='word_1_84' title='bbox 1202 833 1523 887; x_wconf 71' lang='grc' dir='ltr'><em>δαημονέστατοι</em></span> <span class='ocrx_word' id='word_1_85' title='bbox 1546 832 1618 885; x_wconf 82' lang='grc' dir='ltr'><em>τῆς</em></span> <span class='ocrx_word' id='word_1_86' title='bbox 1637 830 1717 871; x_wconf 79' lang='grc' dir='ltr'><em>τῶν</em></span> 
     </span>
     <span class='ocr_line' id='line_1_12' title="bbox 261 894 1770 953; baseline 0.002 -18"><span class='ocrx_word' id='word_1_87' title='bbox 261 897 568 951; x_wconf 66' lang='grc' dir='ltr'><em>Βδικαστηριὶον</em></span> <span class='ocrx_word' id='word_1_88' title='bbox 601 898 829 950; x_wconf 79' lang='grc' dir='ltr'><em>κομψείας,</em></span> <span class='ocrx_word' id='word_1_89' title='bbox 874 895 1046 953; x_wconf 85' lang='grc' dir='ltr'><em>κήρυκές</em></span> <span class='ocrx_word' id='word_1_90' title='bbox 1072 912 1117 938; x_wconf 86' lang='grc' dir='ltr'><em>τε</em></span> <span class='ocrx_word' id='word_1_91' title='bbox 1151 895 1426 950; x_wconf 84' lang='grc' dir='ltr'><em>μεγαλοβόαι,</em></span> <span class='ocrx_word' id='word_1_92' title='bbox 1465 895 1535 937; x_wconf 81' lang='grc' dir='ltr'><em>καί</em></span> <span class='ocrx_word' id='word_1_93' title='bbox 1564 894 1600 936; x_wconf 84' lang='grc' dir='ltr'><em>οἱ</em></span> <span class='ocrx_word' id='word_1_94' title='bbox 1634 895 1770 938; x_wconf 78' lang='grc' dir='ltr'><em>τῶνιο</em></span> 
     </span>
     <span class='ocr_line' id='line_1_13' title="bbox 295 955 1716 1033; baseline -0.001 -34"><span class='ocrx_word' id='word_1_95' title='bbox 295 959 504 1033; x_wconf 70' lang='grc' dir='ltr'><em>μαστίγων</em></span> <span class='ocrx_word' id='word_1_96' title='bbox 536 959 766 1002; x_wconf 79' lang='grc' dir='ltr'><em>ἐπιστάται.</em></span> <span class='ocrx_word' id='word_1_97' title='bbox 794 960 991 1011; x_wconf 45' lang='grc' dir='ltr'><em>,ἅπαντες</em></span> <span class='ocrx_word' id='word_1_98' title='bbox 1024 963 1068 1003; x_wconf 82' lang='grc' dir='ltr'><em>δὲ</em></span> <span class='ocrx_word' id='word_1_99' title='bbox 1095 955 1211 1002; x_wconf 73' lang='grc' dir='ltr'><em>οὗτοι</em></span> <span class='ocrx_word' id='word_1_100' title='bbox 1239 962 1283 1003; x_wconf 77' lang='grc' dir='ltr'><em>ἐκ</em></span> <span class='ocrx_word' id='word_1_101' title='bbox 1312 963 1396 1002; x_wconf 78' lang='grc' dir='ltr'><em>τῶν</em></span> <span class='ocrx_word' id='word_1_102' title='bbox 1422 961 1467 1002; x_wconf 81' lang='grc' dir='ltr'><em>ἒν</em></span> <span class='ocrx_word' id='word_1_103' title='bbox 1498 960 1716 1016; x_wconf 72' lang='grc' dir='ltr'><em>Βυζαντίῳ</em></span> 
     </span>
     <span class='ocr_line' id='line_1_14' title="bbox 296 1021 1716 1081; baseline -0.001 -18"><span class='ocrx_word' id='word_1_104' title='bbox 296 1024 476 1077; x_wconf 79' lang='grc' dir='ltr'><em>αρχείων</em></span> <span class='ocrx_word' id='word_1_105' title='bbox 501 1025 725 1078; x_wconf 78' lang='grc' dir='ltr'><em>ἐτύγχανον</em></span> <span class='ocrx_word' id='word_1_106' title='bbox 759 1026 1079 1079; x_wconf 82' lang='grc' dir='ltr'><em>ἀπολελεγμένοι.</em></span> <span class='ocrx_word' id='word_1_107' title='bbox 1119 1027 1365 1081; x_wconf 80' lang='grc' dir='ltr'><em>ἐπεφέροντο</em></span> <span class='ocrx_word' id='word_1_108' title='bbox 1398 1027 1468 1078; x_wconf 80' lang='grc' dir='ltr'><em>δὲ,</em></span> <span class='ocrx_word' id='word_1_109' title='bbox 1512 1021 1572 1072; x_wconf 83' lang='grc' dir='ltr'><em>οἷς</em></span> <span class='ocrx_word' id='word_1_110' title='bbox 1596 1026 1716 1064; x_wconf 78' lang='grc' dir='ltr'><em>τοῦτο</em></span> 
     </span>
     <span class='ocr_line' id='line_1_15' title="bbox 295 1086 1716 1145; baseline 0.001 -19"><span class='ocrx_word' id='word_1_111' title='bbox 295 1086 428 1128; x_wconf 73' lang='grc' dir='ltr'><em>ἀνεῖτο</em></span> <span class='ocrx_word' id='word_1_112' title='bbox 438 1122 451 1141; x_wconf 85' lang='grc'><em>,</em></span> <span class='ocrx_word' id='word_1_113' title='bbox 492 1088 667 1141; x_wconf 79' lang='grc' dir='ltr'><em>δεσμούς</em></span> <span class='ocrx_word' id='word_1_114' title='bbox 699 1106 743 1131; x_wconf 92' lang='grc' dir='ltr'><em>τε</em></span> <span class='ocrx_word' id='word_1_115' title='bbox 773 1092 965 1145; x_wconf 77' lang='grc' dir='ltr'><em>σιδηροῦς</em></span> <span class='ocrx_word' id='word_1_116' title='bbox 1000 1091 1336 1145; x_wconf 79' lang='grc' dir='ltr'><em>περιαυχενίους,</em></span> <span class='ocrx_word' id='word_1_117' title='bbox 1372 1087 1655 1144; x_wconf 83' lang='grc' dir='ltr'><em>κλινοστρόφιά</em></span> <span class='ocrx_word' id='word_1_118' title='bbox 1673 1103 1716 1128; x_wconf 92' lang='grc' dir='ltr'><em>τε</em></span> 
     </span>
     <span class='ocr_line' id='line_1_16' title="bbox 294 1148 1715 1209; baseline -0.001 -17"><span class='ocrx_word' id='word_1_119' title='bbox 294 1150 365 1192; x_wconf 79' lang='grc' dir='ltr'><em>καί</em></span> <span class='ocrx_word' id='word_1_120' title='bbox 384 1153 688 1209; x_wconf 80' lang='grc' dir='ltr'><em>ποδοστράβας,</em></span> <span class='ocrx_word' id='word_1_121' title='bbox 736 1157 807 1196; x_wconf 82' lang='grc' dir='ltr'><em>καί</em></span> <span class='ocrx_word' id='word_1_122' title='bbox 829 1150 934 1196; x_wconf 65' lang='grc' dir='ltr'><em>ἄλλα</em></span> <span class='ocrx_word' id='word_1_123' title='bbox 957 1149 1058 1196; x_wconf 72' lang='grc' dir='ltr'><em>ιῖττα</em></span> <span class='ocrx_word' id='word_1_124' title='bbox 1083 1148 1238 1209; x_wconf 72' lang='grc' dir='ltr'><em>ἷῖργανα</em></span> <span class='ocrx_word' id='word_1_125' title='bbox 1268 1153 1522 1208; x_wconf 78' lang='grc' dir='ltr'><em>κολαστήρια.</em></span> <span class='ocrx_word' id='word_1_126' title='bbox 1550 1153 1626 1193; x_wconf 83' lang='grc' dir='ltr'><em>καί</em></span> <span class='ocrx_word' id='word_1_127' title='bbox 1641 1167 1715 1204; x_wconf 91' lang='grc' dir='ltr'><em>μοι</em></span> 
     </span>
     <span class='ocr_line' id='line_1_17' title="bbox 165 1216 1765 1270; baseline 0.001 -15"><span class='ocrx_word' id='word_1_128' title='bbox 165 1218 203 1254; x_wconf 86' lang='grc' dir='ltr'><em>Ρ.</em></span> <span class='ocrx_word' id='word_1_129' title='bbox 213 1221 281 1257; x_wconf 90' lang='grc'><strong>108</strong></span> <span class='ocrx_word' id='word_1_130' title='bbox 294 1217 408 1256; x_wconf 84' lang='grc' dir='ltr'><em>δοκεῖ</em></span> <span class='ocrx_word' id='word_1_131' title='bbox 421 1217 615 1270; x_wconf 77' lang='grc' dir='ltr'><em>βασιλεὺς</em></span> <span class='ocrx_word' id='word_1_132' title='bbox 659 1218 945 1268; x_wconf 85' lang='grc' dir='ltr'><em>Ἰουστινιανὸς</em></span> <span class='ocrx_word' id='word_1_133' title='bbox 965 1219 1038 1260; x_wconf 76' lang='grc' dir='ltr'><em>οὐκ</em></span> <span class='ocrx_word' id='word_1_134' title='bbox 1060 1219 1220 1267; x_wconf 75' lang='grc' dir='ltr'><em>ἀπεικὸς</em></span> <span class='ocrx_word' id='word_1_135' title='bbox 1245 1219 1341 1259; x_wconf 77' lang='grc' dir='ltr'><em>οὐδὲ</em></span> <span class='ocrx_word' id='word_1_136' title='bbox 1366 1217 1606 1270; x_wconf 79' lang='grc' dir='ltr'><em>αὐτομάτως</em></span> <span class='ocrx_word' id='word_1_137' title='bbox 1623 1216 1712 1257; x_wconf 77' lang='grc' dir='ltr'><em>ἄλλ’</em></span> <span class='ocrx_word' id='word_1_138' title='bbox 1720 1217 1765 1257; x_wconf 83' lang='lat'><em>15</em></span> 
     </span>
     <span class='ocr_line' id='line_1_18' title="bbox 292 1279 1713 1337; baseline -0.001 -15"><span class='ocrx_word' id='word_1_139' title='bbox 292 1281 607 1336; x_wconf 73' lang='grc' dir='ltr'><em>ἐμφρονέστατα</em></span> <span class='ocrx_word' id='word_1_140' title='bbox 629 1285 703 1324; x_wconf 79' lang='grc' dir='ltr'><em>τοῦ</em></span> <span class='ocrx_word' id='word_1_141' title='bbox 726 1284 885 1332; x_wconf 88' lang='grc' dir='ltr'><em>δέοντος</em></span> <span class='ocrx_word' id='word_1_142' title='bbox 897 1285 1206 1336; x_wconf 77' lang='grc' dir='ltr'><em>ἐστοχασμένος,</em></span> <span class='ocrx_word' id='word_1_143' title='bbox 1236 1281 1307 1332; x_wconf 79' lang='grc' dir='ltr'><em>ξὺν</em></span> <span class='ocrx_word' id='word_1_144' title='bbox 1333 1283 1467 1337; x_wconf 73' lang='grc' dir='ltr'><em>τοιᾷδέ</em></span> <span class='ocrx_word' id='word_1_145' title='bbox 1489 1297 1570 1322; x_wconf 88' lang='grc' dir='ltr'><em>τινι</em></span> <span class='ocrx_word' id='word_1_146' title='bbox 1599 1279 1713 1330; x_wconf 79' lang='grc' dir='ltr'><em>τάξει</em></span> 
     </span>
     <span class='ocr_line' id='line_1_19' title="bbox 291 1341 1713 1402; baseline 0 -17"><span class='ocrx_word' id='word_1_147' title='bbox 291 1345 364 1386; x_wconf 85' lang='grc' dir='ltr'><em>καί</em></span> <span class='ocrx_word' id='word_1_148' title='bbox 372 1345 570 1402; x_wconf 69' lang='grc' dir='ltr'><em>εὐκοσμίᾳ</em></span> <span class='ocrx_word' id='word_1_149' title='bbox 587 1345 661 1401; x_wconf 76' lang='grc' dir='ltr'><em>τὴν</em></span> <span class='ocrx_word' id='word_1_150' title='bbox 673 1350 806 1402; x_wconf 85' lang='grc' dir='ltr'><em>κρίσιν</em></span> <span class='ocrx_word' id='word_1_151' title='bbox 818 1351 1034 1402; x_wconf 76' lang='grc' dir='ltr'><em>προελθεῖν</em></span> <span class='ocrx_word' id='word_1_152' title='bbox 1046 1346 1447 1402; x_wconf 72' lang='grc' dir='ltr'><em>παρακελεύσασθαι,</em></span> <span class='ocrx_word' id='word_1_153' title='bbox 1473 1342 1518 1386; x_wconf 85' lang='grc' dir='ltr'><em>οὗ</em></span> <span class='ocrx_word' id='word_1_154' title='bbox 1537 1343 1657 1398; x_wconf 85' lang='grc' dir='ltr'><em>μόνον</em></span> <span class='ocrx_word' id='word_1_155' title='bbox 1669 1341 1713 1386; x_wconf 79' lang='grc' dir='ltr'><em>ὅ-</em></span> 
     </span>
     <span class='ocr_line' id='line_1_20' title="bbox 289 1408 1709 1467; baseline -0.001 -17"><span class='ocrx_word' id='word_1_156' title='bbox 289 1427 376 1458; x_wconf 87' lang='grc' dir='ltr'><em>πως</em></span> <span class='ocrx_word' id='word_1_157' title='bbox 396 1408 434 1451; x_wconf 82' lang='grc' dir='ltr'><em>οἷ</em></span> <span class='ocrx_word' id='word_1_158' title='bbox 453 1410 584 1467; x_wconf 80' lang='grc' dir='ltr'><em>ἐκείνῃ</em></span> <span class='ocrx_word' id='word_1_159' title='bbox 600 1411 818 1467; x_wconf 78' lang='grc' dir='ltr'><em>βάρβαροι,</em></span> <span class='ocrx_word' id='word_1_160' title='bbox 839 1412 923 1453; x_wconf 74' lang='grc' dir='ltr'><em>τῶν</em></span> <span class='ocrx_word' id='word_1_161' title='bbox 946 1413 1195 1464; x_wconf 69' lang='grc' dir='ltr'><em>εΡωμαϊκαῖν</em></span> <span class='ocrx_word' id='word_1_162' title='bbox 1213 1411 1333 1467; x_wconf 80' lang='grc' dir='ltr'><em>σφίσι</em></span> <span class='ocrx_word' id='word_1_163' title='bbox 1346 1410 1529 1462; x_wconf 70' lang='grc' dir='ltr'><em>νομᾴιων</em></span> <span class='ocrx_word' id='word_1_164' title='bbox 1542 1424 1709 1462; x_wconf 84' lang='grc' dir='ltr'><em>κομπω-</em></span> 
     </span>
     <span class='ocr_line' id='line_1_21' title="bbox 290 1468 1710 1530; baseline 0 -16"><span class='ocrx_word' id='word_1_165' title='bbox 290 1475 482 1530; x_wconf 84' lang='grc' dir='ltr'><em>δέστερον</em></span> <span class='ocrx_word' id='word_1_166' title='bbox 511 1470 874 1529; x_wconf 74' lang='grc' dir='ltr'><em>ἀναδεικνυμένων,</em></span> <span class='ocrx_word' id='word_1_167' title='bbox 887 1475 1146 1529; x_wconf 74' lang='grc' dir='ltr'><em>θαυμάζοιέν</em></span> <span class='ocrx_word' id='word_1_168' title='bbox 1159 1492 1204 1517; x_wconf 86' lang='grc' dir='ltr'><em>τε</em></span> <span class='ocrx_word' id='word_1_169' title='bbox 1216 1474 1323 1517; x_wconf 73' lang='grc' dir='ltr'><em>αὐτὰ</em></span> <span class='ocrx_word' id='word_1_170' title='bbox 1335 1469 1408 1516; x_wconf 78' lang='grc' dir='ltr'><em>καὶ</em></span> <span class='ocrx_word' id='word_1_171' title='bbox 1425 1475 1613 1516; x_wconf 82' lang='grc' dir='ltr'><em>ἐπιπλέον</em></span> <span class='ocrx_word' id='word_1_172' title='bbox 1635 1468 1710 1529; x_wconf 70' lang='grc' dir='ltr'><em>ἅρ-</em></span> 
     </span>
    </p>
   </div>
   <div class='ocr_carea' id='block_1_3' title="bbox 377 1548 1712 1915">
    <p class='ocr_par' dir='ltr' id='par_1_3' title="bbox 377 1548 1712 1915">
     <span class='ocr_line' id='line_1_22' title="bbox 386 1548 1712 1604; baseline 0.001 -21"><span class='ocrx_word' id='word_1_173' title='bbox 386 1562 414 1584; x_wconf 88' lang='grc'><strong>1.</strong></span> <span class='ocrx_word' id='word_1_174' title='bbox 436 1548 494 1586; x_wconf 88' lang='grc' dir='ltr'><em>Ἐς</em></span> <span class='ocrx_word' id='word_1_175' title='bbox 508 1552 554 1604; x_wconf 46' lang='lat' dir='ltr'><em>·R.</em></span> <span class='ocrx_word' id='word_1_176' title='bbox 578 1551 673 1598; x_wconf 85' lang='lat' dir='ltr'>(CL),</span> <span class='ocrx_word' id='word_1_177' title='bbox 699 1551 809 1597; x_wconf 87' lang='lat' dir='ltr'><strong>Lugd.</strong></span> <span class='ocrx_word' id='word_1_178' title='bbox 834 1557 871 1585; x_wconf 84' lang='lat' dir='ltr'><em>et</em></span> <span class='ocrx_word' id='word_1_179' title='bbox 889 1552 943 1586; x_wconf 86' lang='lat' dir='ltr'><em>ed.</em></span> <span class='ocrx_word' id='word_1_180' title='bbox 963 1564 1014 1597; x_wconf 88' lang='lat' dir='ltr'><em>pr.</em></span> <span class='ocrx_word' id='word_1_181' title='bbox 1039 1553 1099 1593; x_wconf 78' lang='grc' dir='ltr'><em>ὥς,</em></span> <span class='ocrx_word' id='word_1_182' title='bbox 1123 1554 1198 1588; x_wconf 86' lang='lat' dir='ltr'><strong>Par.</strong></span> <span class='ocrx_word' id='word_1_183' title='bbox 1217 1553 1294 1588; x_wconf 82' lang='grc' dir='ltr'><em>Ὃς.</em></span> <span class='ocrx_word' id='word_1_184' title='bbox 1410 1562 1440 1585; x_wconf 79' lang='lat'><em>2.</em></span> <span class='ocrx_word' id='word_1_185' title='bbox 1469 1551 1544 1583; x_wconf 76' lang='grc' dir='ltr'><em>τῶν</em></span> <span class='ocrx_word' id='word_1_186' title='bbox 1578 1548 1712 1584; x_wconf 75' lang='grc' dir='ltr'><em>δεινῶν</em></span> 
     </span>
     <span class='ocr_line' id='line_1_23' title="bbox 381 1595 1710 1643; baseline 0.002 -15"><span class='ocrx_word' id='word_1_187' title='bbox 381 1607 539 1636; x_wconf 71' lang='lat' dir='ltr'><strong>correm,</strong></span> <span class='ocrx_word' id='word_1_188' title='bbox 575 1598 612 1630; x_wconf 89' lang='lat' dir='ltr'><em>R.</em></span> <span class='ocrx_word' id='word_1_189' title='bbox 653 1598 727 1632; x_wconf 80' lang='grc' dir='ltr'><em>τῶν</em></span> <span class='ocrx_word' id='word_1_190' title='bbox 762 1600 933 1638; x_wconf 79' lang='grc' dir='ltr'><em>ἐκείνων,</em></span> <span class='ocrx_word' id='word_1_191' title='bbox 977 1598 1067 1643; x_wconf 88' lang='lat' dir='ltr'><strong>vulg.</strong></span> <span class='ocrx_word' id='word_1_192' title='bbox 1104 1600 1152 1642; x_wconf 78' lang='grc' dir='ltr'><em>τῷ</em></span> <span class='ocrx_word' id='word_1_193' title='bbox 1187 1597 1318 1643; x_wconf 82' lang='lat' dir='ltr'><strong>(Lugd.</strong></span> <span class='ocrx_word' id='word_1_194' title='bbox 1350 1608 1414 1641; x_wconf 82' lang='lat' dir='ltr'><em>mg.</em></span> <span class='ocrx_word' id='word_1_195' title='bbox 1444 1596 1539 1642; x_wconf 78' lang='grc' dir='ltr'><em>τῶν)</em></span> <span class='ocrx_word' id='word_1_196' title='bbox 1567 1595 1710 1639; x_wconf 80' lang='grc' dir='ltr'><em>ἐκείνῳ.</em></span> 
     </span>
     <span class='ocr_line' id='line_1_24' title="bbox 379 1641 1708 1694; baseline 0 -20"><span class='ocrx_word' id='word_1_197' title='bbox 379 1661 426 1666; x_wconf 92' lang='grc'><strong>-</strong></span> <span class='ocrx_word' id='word_1_198' title='bbox 444 1641 602 1694; x_wconf 52' lang='lat' dir='ltr'><strong>&#39;IJhucyd</strong></span> <span class='ocrx_word' id='word_1_199' title='bbox 619 1643 675 1676; x_wconf 92' lang='lat' dir='ltr'><em>IV.</em></span> <span class='ocrx_word' id='word_1_200' title='bbox 706 1656 779 1688; x_wconf 88' lang='lat'>¹¹7·</span> <span class='ocrx_word' id='word_1_201' title='bbox 795 1646 996 1689; x_wconf 79' lang='grc' dir='ltr'><em>γενομένης</em></span> <span class='ocrx_word' id='word_1_202' title='bbox 1015 1644 1214 1688; x_wconf 69' lang='grc' dir='ltr'><em>ἄνακωχῆς</em></span> <span class='ocrx_word' id='word_1_203' title='bbox 1233 1642 1358 1676; x_wconf 82' lang='grc' dir='ltr'><em>κακῶν</em></span> <span class='ocrx_word' id='word_1_204' title='bbox 1371 1643 1434 1675; x_wconf 80' lang='grc' dir='ltr'><em>καὶ</em></span> <span class='ocrx_word' id='word_1_205' title='bbox 1449 1642 1708 1686; x_wconf 79' lang='grc' dir='ltr'><em>ταλαιπωρίας.</em></span> 
     </span>
     <span class='ocr_line' id='line_1_25' title="bbox 381 1685 1710 1734; baseline -0.002 -13"><span class='ocrx_word' id='word_1_206' title='bbox 381 1689 412 1721; x_wconf 87' lang='grc'><em>3.</em></span> <span class='ocrx_word' id='word_1_207' title='bbox 436 1697 476 1719; x_wconf 87' lang='grc' dir='ltr'><em>το</em></span> <span class='ocrx_word' id='word_1_208' title='bbox 498 1693 708 1734; x_wconf 83' lang='grc' dir='ltr'><em>παραυτίκα</em></span> <span class='ocrx_word' id='word_1_209' title='bbox 725 1691 762 1722; x_wconf 88' lang='lat' dir='ltr'><em>R.</em></span> <span class='ocrx_word' id='word_1_210' title='bbox 778 1715 787 1730; x_wconf 88' lang='lat'>‚</span> <span class='ocrx_word' id='word_1_211' title='bbox 811 1692 1020 1734; x_wconf 83' lang='grc' dir='ltr'><em>παραυτίκα</em></span> <span class='ocrx_word' id='word_1_212' title='bbox 1043 1690 1133 1733; x_wconf 86' lang='lat' dir='ltr'>vulg.</span> <span class='ocrx_word' id='word_1_213' title='bbox 1248 1690 1278 1733; x_wconf 74' lang='grc'><em>4.</em></span> <span class='ocrx_word' id='word_1_214' title='bbox 1301 1687 1457 1731; x_wconf 77' lang='grc' dir='ltr'><em>Γουβιὲζη</em></span> <span class='ocrx_word' id='word_1_215' title='bbox 1485 1689 1547 1728; x_wconf 85' lang='lat' dir='ltr'><em>R.,</em></span> <span class='ocrx_word' id='word_1_216' title='bbox 1571 1685 1710 1730; x_wconf 72' lang='grc' dir='ltr'><em>Γουβά-</em></span> 
     </span>
     <span class='ocr_line' id='line_1_26' title="bbox 380 1722 1710 1810; baseline 0 -45"><span class='ocrx_word' id='word_1_217' title='bbox 380 1733 444 1772; x_wconf 83' lang='grc' dir='ltr'><em>ζην</em></span> <span class='ocrx_word' id='word_1_218' title='bbox 459 1733 551 1810; x_wconf 64' lang='grc' dir='ltr'><em>νέηΙς.</em></span> <span class='ocrx_word' id='word_1_219' title='bbox 691 1737 721 1768; x_wconf 89' lang='grc'><em>5.</em></span> <span class='ocrx_word' id='word_1_220' title='bbox 735 1735 860 1768; x_wconf 72' lang='grc' dir='ltr'><em>θώκου</em></span> <span class='ocrx_word' id='word_1_221' title='bbox 885 1737 938 1774; x_wconf 68' lang='lat' dir='ltr'><em>R„</em></span> <span class='ocrx_word' id='word_1_222' title='bbox 958 1734 1080 1767; x_wconf 76' lang='grc' dir='ltr'><em>θάκου</em></span> <span class='ocrx_word' id='word_1_223' title='bbox 1101 1735 1191 1779; x_wconf 85' lang='lat' dir='ltr'><strong>vulg.</strong></span> <span class='ocrx_word' id='word_1_224' title='bbox 1284 1735 1317 1770; x_wconf 89' lang='grc'><em>6.</em></span> <span class='ocrx_word' id='word_1_225' title='bbox 1344 1722 1531 1789; x_wconf 49' lang='grc' dir='ltr'><em>ἐνειμέννος</em></span> <span class='ocrx_word' id='word_1_226' title='bbox 1557 1732 1623 1772; x_wconf 82' lang='lat' dir='ltr'><em>CL,</em></span> <span class='ocrx_word' id='word_1_227' title='bbox 1646 1727 1710 1765; x_wconf 74' lang='grc' dir='ltr'><em>ἑν·-</em></span> 
     </span>
     <span class='ocr_line' id='line_1_27' title="bbox 378 1777 1706 1901; baseline 0.001 -46"><span class='ocrx_word' id='word_1_228' title='bbox 378 1781 670 1901; x_wconf 51' lang='grc' dir='ltr'><em>ιεῖῗιῗιιιοινέῖηῗτὲἶ</em></span> <span class='ocrx_word' id='word_1_229' title='bbox 682 1780 883 1872; x_wconf 42' lang='grc' dir='ltr'><em>Ἒιῧίὲδξαῗῖιῗ</em></span> <span class='ocrx_word' id='word_1_230' title='bbox 913 1777 1706 1870; x_wconf 44' lang='grc' dir='ltr'><em>Διέῖνῖξιῖῐῖτῖἕ.εείεζιῖςΐιῖἕἰῖαδαοὲἴαῑὶρνέιδτερἓν.</em></span> 
     </span>
     <span class='ocr_line' id='line_1_28' title="bbox 377 1880 470 1915; baseline -0.011 -12"><span class='ocrx_word' id='word_1_231' title='bbox 377 1880 424 1904; x_wconf 80' lang='lat' dir='ltr'><em>vu</em></span> <span class='ocrx_word' id='word_1_232' title='bbox 441 1881 470 1915; x_wconf 86' lang='lat' dir='ltr'><em>g.</em></span> 
     </span>
    </p>
   </div>
   <div class='ocr_carea' id='block_1_4' title="bbox 285 1975 1706 2744">
    <p class='ocr_par' dir='ltr' id='par_1_4' title="bbox 285 1975 1706 2744">
     <span class='ocr_line' id='line_1_29' title="bbox 381 1975 1704 2060; baseline -0.005 -10"><span class='ocrx_word' id='word_1_233' title='bbox 381 2033 408 2055; x_wconf 85' lang='lat'><em>1·</em></span> <span class='ocrx_word' id='word_1_234' title='bbox 469 1975 489 2054; x_wconf 83' lang='grc' dir='ltr'>Ι</span> <span class='ocrx_word' id='word_1_235' title='bbox 523 1975 595 2053; x_wconf 81' lang='lat' dir='ltr'><em>&#39;ac</em></span> <span class='ocrx_word' id='word_1_236' title='bbox 621 2015 744 2060; x_wconf 85' lang='lat' dir='ltr'><strong>itaque</strong></span> <span class='ocrx_word' id='word_1_237' title='bbox 768 2014 917 2048; x_wconf 84' lang='lat' dir='ltr'><strong>victoria</strong></span> <span class='ocrx_word' id='word_1_238' title='bbox 947 2014 1055 2058; x_wconf 78' lang='lat' dir='ltr'><strong>potiti</strong></span> <span class='ocrx_word' id='word_1_239' title='bbox 1080 2014 1250 2053; x_wconf 81' lang='lat' dir='ltr'><strong>Romani,</strong></span> <span class='ocrx_word' id='word_1_240' title='bbox 1284 2017 1319 2046; x_wconf 90' lang='lat' dir='ltr'><em>et</em></span> <span class='ocrx_word' id='word_1_241' title='bbox 1348 2013 1503 2046; x_wconf 88' lang='lat' dir='ltr'><strong>induciis</strong></span> <span class='ocrx_word' id='word_1_242' title='bbox 1528 2010 1704 2056; x_wconf 88' lang='lat' dir='ltr'><strong>quodam-</strong></span> 
     </span>
     <span class='ocr_line' id='line_1_30' title="bbox 286 2056 1706 2104; baseline -0.005 -7"><span class='ocrx_word' id='word_1_243' title='bbox 286 2066 392 2100; x_wconf 82' lang='lat' dir='ltr'><em>modo</em></span> <span class='ocrx_word' id='word_1_244' title='bbox 418 2079 438 2099; x_wconf 85' lang='lat' dir='ltr'><strong>a</strong></span> <span class='ocrx_word' id='word_1_245' title='bbox 462 2066 560 2098; x_wconf 86' lang='lat' dir='ltr'><strong>bello</strong></span> <span class='ocrx_word' id='word_1_246' title='bbox 590 2063 715 2102; x_wconf 84' lang='lat' dir='ltr'><strong>factis,</strong></span> <span class='ocrx_word' id='word_1_247' title='bbox 739 2061 915 2104; x_wconf 83' lang='lat' dir='ltr'><strong>armisque</strong></span> <span class='ocrx_word' id='word_1_248' title='bbox 943 2061 1130 2092; x_wconf 82' lang='lat' dir='ltr'><strong>confestim</strong></span> <span class='ocrx_word' id='word_1_249' title='bbox 1155 2058 1510 2104; x_wconf 83' lang='lat' dir='ltr'><strong>conquiescentibus,</strong></span> <span class='ocrx_word' id='word_1_250' title='bbox 1542 2063 1618 2089; x_wconf 82' lang='lat' dir='ltr'><em>tum</em></span> <span class='ocrx_word' id='word_1_251' title='bbox 1641 2056 1706 2090; x_wconf 89' lang='lat' dir='ltr'><em>de-</em></span> 
     </span>
     <span class='ocr_line' id='line_1_31' title="bbox 285 2101 1704 2157; baseline -0.007 -13"><span class='ocrx_word' id='word_1_252' title='bbox 285 2123 381 2145; x_wconf 91' lang='lat' dir='ltr'><em>mum</em></span> <span class='ocrx_word' id='word_1_253' title='bbox 396 2113 557 2157; x_wconf 79' lang='lat' dir='ltr'><strong>quaestio</strong></span> <span class='ocrx_word' id='word_1_254' title='bbox 575 2108 698 2141; x_wconf 83' lang='lat' dir='ltr'><strong>habita</strong></span> <span class='ocrx_word' id='word_1_255' title='bbox 727 2106 771 2139; x_wconf 90' lang='lat' dir='ltr'><em>de</em></span> <span class='ocrx_word' id='word_1_256' title='bbox 800 2107 956 2138; x_wconf 84' lang='lat' dir='ltr'><strong>facinore</strong></span> <span class='ocrx_word' id='word_1_257' title='bbox 985 2105 1022 2138; x_wconf 91' lang='lat' dir='ltr'><em>in</em></span> <span class='ocrx_word' id='word_1_258' title='bbox 1050 2105 1219 2138; x_wconf 84' lang='lat' dir='ltr'><strong>Gubazen</strong></span> <span class='ocrx_word' id='word_1_259' title='bbox 1254 2104 1449 2136; x_wconf 88' lang='lat' dir='ltr'><strong>commisso.</strong></span> <span class='ocrx_word' id='word_1_260' title='bbox 1492 2101 1704 2135; x_wconf 79' lang='lat' dir='ltr'>Athanasius</span> 
     </span>
     <span class='ocr_line' id='line_1_32' title="bbox 286 2147 1705 2201; baseline -0.009 -9"><span class='ocrx_word' id='word_1_261' title='bbox 286 2168 367 2201; x_wconf 85' lang='lat' dir='ltr'><strong>ergo</strong></span> <span class='ocrx_word' id='word_1_262' title='bbox 403 2160 443 2190; x_wconf 86' lang='lat' dir='ltr'><em>in</em></span> <span class='ocrx_word' id='word_1_263' title='bbox 469 2157 608 2190; x_wconf 79' lang='lat' dir='ltr'><strong>excelso</strong></span> <span class='ocrx_word' id='word_1_264' title='bbox 627 2153 780 2199; x_wconf 83' lang='lat' dir='ltr'><strong>quodam</strong></span> <span class='ocrx_word' id='word_1_265' title='bbox 797 2152 925 2184; x_wconf 76' lang='lat' dir='ltr'><strong>throno</strong></span> <span class='ocrx_word' id='word_1_266' title='bbox 946 2149 1112 2183; x_wconf 80' lang='lat' dir='ltr'><strong>decenter</strong></span> <span class='ocrx_word' id='word_1_267' title='bbox 1137 2149 1297 2182; x_wconf 86' lang='lat' dir='ltr'><strong>consedit</strong></span> <span class='ocrx_word' id='word_1_268' title='bbox 1314 2175 1323 2189; x_wconf 95' lang='lat'>,</span> <span class='ocrx_word' id='word_1_269' title='bbox 1354 2148 1571 2191; x_wconf 76' lang='lat' dir='ltr'><strong>chlamydem</strong></span> <span class='ocrx_word' id='word_1_270' title='bbox 1597 2147 1705 2180; x_wconf 88' lang='lat' dir='ltr'><strong>indu-</strong></span> 
     </span>
     <span class='ocr_line' id='line_1_33' title="bbox 286 2193 1704 2248; baseline -0.008 -12"><span class='ocrx_word' id='word_1_271' title='bbox 286 2207 356 2243; x_wconf 85' lang='lat' dir='ltr'><strong>tus,</strong></span> <span class='ocrx_word' id='word_1_272' title='bbox 368 2203 466 2248; x_wconf 85' lang='lat' dir='ltr'><strong>quali</strong></span> <span class='ocrx_word' id='word_1_273' title='bbox 493 2203 567 2235; x_wconf 86' lang='lat' dir='ltr'><strong>fere</strong></span> <span class='ocrx_word' id='word_1_274' title='bbox 587 2198 791 2246; x_wconf 85' lang='lat' dir='ltr'><strong>politissimi</strong></span> <span class='ocrx_word' id='word_1_275' title='bbox 805 2197 984 2241; x_wconf 86' lang='lat' dir='ltr'>principes</span> <span class='ocrx_word' id='word_1_276' title='bbox 1007 2196 1060 2228; x_wconf 92' lang='lat' dir='ltr'><em>uti</em></span> <span class='ocrx_word' id='word_1_277' title='bbox 1085 2196 1213 2231; x_wconf 80' lang='lat' dir='ltr'><strong>solent.</strong></span> <span class='ocrx_word' id='word_1_278' title='bbox 1249 2195 1407 2227; x_wconf 83' lang='lat' dir='ltr'><strong>Aderant</strong></span> <span class='ocrx_word' id='word_1_279' title='bbox 1430 2205 1512 2227; x_wconf 87' lang='lat' dir='ltr'><strong>vero</strong></span> <span class='ocrx_word' id='word_1_280' title='bbox 1533 2194 1609 2239; x_wconf 74' lang='lat' dir='ltr'><strong>ipsi</strong></span> <span class='ocrx_word' id='word_1_281' title='bbox 1632 2193 1704 2226; x_wconf 85' lang='lat' dir='ltr'><strong>viri</strong></span> 
     </span>
     <span class='ocr_line' id='line_1_34' title="bbox 288 2237 1704 2291; baseline -0.008 -9"><span class='ocrx_word' id='word_1_282' title='bbox 288 2254 325 2281; x_wconf 81' lang='lat' dir='ltr'><em>et</em></span> <span class='ocrx_word' id='word_1_283' title='bbox 348 2247 528 2281; x_wconf 84' lang='lat' dir='ltr'><strong>scribendi</strong></span> <span class='ocrx_word' id='word_1_284' title='bbox 550 2247 708 2291; x_wconf 87' lang='lat' dir='ltr'><strong>apprime</strong></span> <span class='ocrx_word' id='word_1_285' title='bbox 730 2245 856 2288; x_wconf 85' lang='lat' dir='ltr'><strong>periti,</strong></span> <span class='ocrx_word' id='word_1_286' title='bbox 882 2247 919 2275; x_wconf 81' lang='lat' dir='ltr'><em>et</em></span> <span class='ocrx_word' id='word_1_287' title='bbox 943 2242 1074 2286; x_wconf 85' lang='lat' dir='ltr'><strong>scripta</strong></span> <span class='ocrx_word' id='word_1_288' title='bbox 1097 2245 1258 2285; x_wconf 82' lang='lat' dir='ltr'><strong>prompte</strong></span> <span class='ocrx_word' id='word_1_289' title='bbox 1289 2239 1453 2284; x_wconf 82' lang='lat' dir='ltr'><strong>expedite</strong></span> <span class='ocrx_word' id='word_1_290' title='bbox 1482 2249 1525 2272; x_wconf 90' lang='lat' dir='ltr'><em>ue</em></span> <span class='ocrx_word' id='word_1_291' title='bbox 1547 2237 1704 2283; x_wconf 84' lang='lat' dir='ltr'><strong>legendi,</strong></span> 
     </span>
     <span class='ocr_line' id='line_1_35' title="bbox 286 2251 1703 2339; baseline -0.008 -12"><span class='ocrx_word' id='word_1_292' title='bbox 286 2294 422 2339; x_wconf 81' lang='lat' dir='ltr'><strong>aliique</strong></span> <span class='ocrx_word' id='word_1_293' title='bbox 445 2294 599 2326; x_wconf 77' lang='lat' dir='ltr'><strong>ministri</strong></span> <span class='ocrx_word' id='word_1_294' title='bbox 625 2291 736 2324; x_wconf 86' lang='lat' dir='ltr'><strong>severi</strong></span> <span class='ocrx_word' id='word_1_295' title='bbox 772 2294 809 2322; x_wconf 86' lang='lat' dir='ltr'><em>et</em></span> <span class='ocrx_word' id='word_1_296' title='bbox 839 2297 957 2332; x_wconf 77' lang='lat' dir='ltr'><strong>graves</strong></span> <span class='ocrx_word' id='word_1_297' title='bbox 986 2312 996 2327; x_wconf 94' lang='lat'>,</span> <span class='ocrx_word' id='word_1_298' title='bbox 1038 2291 1075 2319; x_wconf 90' lang='lat' dir='ltr'><em>et</em></span> <span class='ocrx_word' id='word_1_299' title='bbox 1100 2289 1139 2320; x_wconf 89' lang='lat' dir='ltr'><em>in</em></span> <span class='ocrx_word' id='word_1_300' title='bbox 1168 2286 1272 2319; x_wconf 87' lang='lat' dir='ltr'><strong>rebus</strong></span> <span class='ocrx_word' id='word_1_301' title='bbox 1307 2251 1536 2319; x_wconf 54' lang='lat' dir='ltr'><strong>iudicialiims</strong></span> <span class='ocrx_word' id='word_1_302' title='bbox 1567 2283 1703 2328; x_wconf 83' lang='lat' dir='ltr'><strong>optime</strong></span> 
     </span>
     <span class='ocr_line' id='line_1_36' title="bbox 285 2328 1703 2383; baseline -0.008 -10"><span class='ocrx_word' id='word_1_303' title='bbox 285 2340 436 2380; x_wconf 75' lang='lat' dir='ltr'><strong>versati,</strong></span> <span class='ocrx_word' id='word_1_304' title='bbox 462 2349 654 2383; x_wconf 87' lang='lat' dir='ltr'><strong>praecones</strong></span> <span class='ocrx_word' id='word_1_305' title='bbox 686 2337 794 2370; x_wconf 86' lang='lat' dir='ltr'><strong>etiam</strong></span> <span class='ocrx_word' id='word_1_306' title='bbox 817 2334 928 2367; x_wconf 86' lang='lat' dir='ltr'><strong>altum</strong></span> <span class='ocrx_word' id='word_1_307' title='bbox 954 2333 1164 2372; x_wconf 81' lang='lat' dir='ltr'><strong>clamantes,</strong></span> <span class='ocrx_word' id='word_1_308' title='bbox 1189 2337 1226 2364; x_wconf 85' lang='lat' dir='ltr'><em>et</em></span> <span class='ocrx_word' id='word_1_309' title='bbox 1254 2331 1418 2373; x_wconf 83' lang='lat' dir='ltr'><strong>lictores3</strong></span> <span class='ocrx_word' id='word_1_310' title='bbox 1443 2341 1564 2364; x_wconf 86' lang='lat' dir='ltr'><strong>omnes</strong></span> <span class='ocrx_word' id='word_1_311' title='bbox 1592 2328 1631 2362; x_wconf 88' lang='lat' dir='ltr'><strong>hi</strong></span> <span class='ocrx_word' id='word_1_312' title='bbox 1659 2339 1703 2361; x_wconf 80' lang='lat' dir='ltr'><em>ex</em></span> 
     </span>
     <span class='ocr_line' id='line_1_37' title="bbox 288 2374 1700 2428; baseline -0.01 -9"><span class='ocrx_word' id='word_1_313' title='bbox 288 2384 682 2428; x_wconf 72' lang='lat' dir='ltr'><strong>Constantinopolitano.</strong></span> <span class='ocrx_word' id='word_1_314' title='bbox 720 2381 800 2414; x_wconf 87' lang='lat' dir='ltr'><strong>aula</strong></span> <span class='ocrx_word' id='word_1_315' title='bbox 832 2379 973 2412; x_wconf 84' lang='lat' dir='ltr'><strong>delecti.</strong></span> <span class='ocrx_word' id='word_1_316' title='bbox 1031 2378 1261 2411; x_wconf 81' lang='lat' dir='ltr'><strong>Proferebant</strong></span> <span class='ocrx_word' id='word_1_317' title='bbox 1286 2388 1368 2410; x_wconf 88' lang='lat' dir='ltr'><strong>vero</strong></span> <span class='ocrx_word' id='word_1_318' title='bbox 1402 2378 1442 2410; x_wconf 86' lang='lat' dir='ltr'><em>in</em></span> <span class='ocrx_word' id='word_1_319' title='bbox 1473 2376 1628 2409; x_wconf 88' lang='lat' dir='ltr'><strong>medium</strong></span> <span class='ocrx_word' id='word_1_320' title='bbox 1660 2374 1700 2413; x_wconf 81' lang='lat' dir='ltr'><em>ii,</em></span> 
     </span>
     <span class='ocr_line' id='line_1_38' title="bbox 288 2419 1704 2477; baseline -0.01 -13"><span class='ocrx_word' id='word_1_321' title='bbox 288 2431 417 2477; x_wconf 84' lang='lat' dir='ltr'><strong>quibus</strong></span> <span class='ocrx_word' id='word_1_322' title='bbox 450 2430 488 2464; x_wconf 86' lang='lat' dir='ltr'><em>id</em></span> <span class='ocrx_word' id='word_1_323' title='bbox 518 2430 741 2462; x_wconf 85' lang='lat' dir='ltr'><strong>commissum</strong></span> <span class='ocrx_word' id='word_1_324' title='bbox 765 2431 848 2465; x_wconf 83' lang='lat' dir='ltr'><strong>erat,</strong></span> <span class='ocrx_word' id='word_1_325' title='bbox 884 2423 1026 2457; x_wconf 84' lang='lat' dir='ltr'><strong>vincula</strong></span> <span class='ocrx_word' id='word_1_326' title='bbox 1056 2423 1169 2457; x_wconf 82' lang='lat' dir='ltr'><strong>ferrea</strong></span> <span class='ocrx_word' id='word_1_327' title='bbox 1193 2448 1203 2463; x_wconf 90' lang='lat'>,</span> <span class='ocrx_word' id='word_1_328' title='bbox 1234 2423 1379 2455; x_wconf 85' lang='lat' dir='ltr'><strong>collaria</strong></span> <span class='ocrx_word' id='word_1_329' title='bbox 1397 2447 1406 2462; x_wconf 93' lang='lat'><strong>,</strong></span> <span class='ocrx_word' id='word_1_330' title='bbox 1451 2419 1636 2465; x_wconf 81' lang='lat' dir='ltr'><strong>compedes</strong></span> <span class='ocrx_word' id='word_1_331' title='bbox 1666 2424 1704 2451; x_wconf 82' lang='lat' dir='ltr'><em>et</em></span> 
     </span>
     <span class='ocr_line' id='line_1_39' title="bbox 286 2463 1704 2519; baseline -0.01 -9"><span class='ocrx_word' id='word_1_332' title='bbox 286 2477 485 2509; x_wconf 85' lang='lat' dir='ltr'><strong>tendiculas</strong></span> <span class='ocrx_word' id='word_1_333' title='bbox 518 2475 658 2519; x_wconf 87' lang='lat' dir='ltr'><strong>aliaque</strong></span> <span class='ocrx_word' id='word_1_334' title='bbox 688 2473 725 2505; x_wconf 86' lang='lat' dir='ltr'><strong>id</strong></span> <span class='ocrx_word' id='word_1_335' title='bbox 749 2482 857 2516; x_wconf 84' lang='lat' dir='ltr'><strong>genus</strong></span> <span class='ocrx_word' id='word_1_336' title='bbox 890 2471 1124 2503; x_wconf 80' lang='lat' dir='ltr'><strong>instrumenta</strong></span> <span class='ocrx_word' id='word_1_337' title='bbox 1155 2469 1316 2503; x_wconf 70' lang='lat' dir='ltr'><strong>toi-toria.</strong></span> <span class='ocrx_word' id='word_1_338' title='bbox 1363 2469 1406 2500; x_wconf 84' lang='lat' dir='ltr'><em>Et</em></span> <span class='ocrx_word' id='word_1_339' title='bbox 1434 2466 1579 2512; x_wconf 89' lang='lat' dir='ltr'><strong>quidem</strong></span> <span class='ocrx_word' id='word_1_340' title='bbox 1612 2463 1704 2496; x_wconf 83' lang='lat' dir='ltr'><strong>mihi</strong></span> 
     </span>
     <span class='ocr_line' id='line_1_40' title="bbox 286 2509 1702 2560; baseline -0.01 -5"><span class='ocrx_word' id='word_1_341' title='bbox 286 2521 427 2555; x_wconf 85' lang='lat' dir='ltr'><strong>videtur</strong></span> <span class='ocrx_word' id='word_1_342' title='bbox 449 2521 663 2554; x_wconf 84' lang='lat' dir='ltr'><strong>Iustinianus</strong></span> <span class='ocrx_word' id='word_1_343' title='bbox 688 2519 884 2560; x_wconf 87' lang='lat' dir='ltr'><strong>Imperator</strong></span> <span class='ocrx_word' id='word_1_344' title='bbox 911 2527 984 2548; x_wconf 88' lang='lat' dir='ltr'><em>non</em></span> <span class='ocrx_word' id='word_1_345' title='bbox 1010 2515 1071 2547; x_wconf 85' lang='lat' dir='ltr'><strong>abs</strong></span> <span class='ocrx_word' id='word_1_346' title='bbox 1098 2526 1135 2548; x_wconf 91' lang='lat' dir='ltr'><em>re</em></span> <span class='ocrx_word' id='word_1_347' title='bbox 1160 2524 1276 2558; x_wconf 88' lang='lat' dir='ltr'><strong>neque</strong></span> <span class='ocrx_word' id='word_1_348' title='bbox 1292 2519 1438 2552; x_wconf 84' lang='lat' dir='ltr'><strong>temere,</strong></span> <span class='ocrx_word' id='word_1_349' title='bbox 1463 2511 1524 2545; x_wconf 82' lang='lat' dir='ltr'><em>sed</em></span> <span class='ocrx_word' id='word_1_350' title='bbox 1543 2509 1702 2555; x_wconf 87' lang='lat' dir='ltr'><strong>pruden-</strong></span> 
     </span>
     <span class='ocr_line' id='line_1_41' title="bbox 286 2558 1702 2602; baseline -0.011 -1"><span class='ocrx_word' id='word_1_351' title='bbox 286 2568 424 2600; x_wconf 78' lang='lat' dir='ltr'><strong>tissime</strong></span> <span class='ocrx_word' id='word_1_352' title='bbox 450 2567 569 2600; x_wconf 85' lang='lat' dir='ltr'><strong>‹lecori</strong></span> <span class='ocrx_word' id='word_1_353' title='bbox 594 2565 718 2597; x_wconf 85' lang='lat' dir='ltr'><strong>habita</strong></span> <span class='ocrx_word' id='word_1_354' title='bbox 736 2563 885 2601; x_wconf 85' lang='lat' dir='ltr'><strong>ratione,</strong></span> <span class='ocrx_word' id='word_1_355' title='bbox 905 2560 1114 2601; x_wconf 82' lang='lat' dir='ltr'><strong>mandasse,</strong></span> <span class='ocrx_word' id='word_1_356' title='bbox 1138 2565 1178 2593; x_wconf 90' lang='lat' dir='ltr'><em>ut</em></span> <span class='ocrx_word' id='word_1_357' title='bbox 1203 2560 1271 2593; x_wconf 91' lang='lat' dir='ltr'><em>hoc</em></span> <span class='ocrx_word' id='word_1_358' title='bbox 1301 2558 1425 2592; x_wconf 86' lang='lat' dir='ltr'><strong>ordine</strong></span> <span class='ocrx_word' id='word_1_359' title='bbox 1454 2562 1559 2602; x_wconf 87' lang='lat' dir='ltr'><strong>atque</strong></span> <span class='ocrx_word' id='word_1_360' title='bbox 1589 2565 1702 2599; x_wconf 81' lang='lat' dir='ltr'><strong>appa-</strong></span> 
     </span>
     <span class='ocr_line' id='line_1_42' title="bbox 287 2601 1702 2651; baseline -0.012 -4"><span class='ocrx_word' id='word_1_361' title='bbox 287 2619 365 2646; x_wconf 85' lang='lat' dir='ltr'><strong>ratu</strong></span> <span class='ocrx_word' id='word_1_362' title='bbox 388 2613 562 2646; x_wconf 83' lang='lat' dir='ltr'><strong>iudicium</strong></span> <span class='ocrx_word' id='word_1_363' title='bbox 584 2612 842 2648; x_wconf 82' lang='lat' dir='ltr'><strong>institueretur,</strong></span> <span class='ocrx_word' id='word_1_364' title='bbox 867 2618 942 2639; x_wconf 84' lang='lat' dir='ltr'><em>non</em></span> <span class='ocrx_word' id='word_1_365' title='bbox 967 2607 1081 2640; x_wconf 89' lang='lat' dir='ltr'><strong>solum</strong></span> <span class='ocrx_word' id='word_1_366' title='bbox 1102 2611 1143 2639; x_wconf 89' lang='lat' dir='ltr'><em>ut</em></span> <span class='ocrx_word' id='word_1_367' title='bbox 1163 2606 1225 2651; x_wconf 87' lang='lat' dir='ltr'><em>qui</em></span> <span class='ocrx_word' id='word_1_368' title='bbox 1246 2605 1299 2637; x_wconf 86' lang='lat' dir='ltr'><em>ibi</em></span> <span class='ocrx_word' id='word_1_369' title='bbox 1325 2609 1426 2637; x_wconf 83' lang='lat' dir='ltr'><strong>erant</strong></span> <span class='ocrx_word' id='word_1_370' title='bbox 1446 2601 1601 2640; x_wconf 83' lang='lat' dir='ltr'><strong>barbari,</strong></span> <span class='ocrx_word' id='word_1_371' title='bbox 1622 2610 1702 2631; x_wconf 90' lang='lat' dir='ltr'><em>cum</em></span> 
     </span>
     <span class='ocr_line' id='line_1_43' title="bbox 288 2650 1702 2697; baseline -0.011 -6"><span class='ocrx_word' id='word_1_372' title='bbox 288 2660 340 2691; x_wconf 88' lang='lat' dir='ltr'><em>eis</em></span> <span class='ocrx_word' id='word_1_373' title='bbox 378 2660 612 2691; x_wconf 83' lang='lat' dir='ltr'><strong>Romanorum</strong></span> <span class='ocrx_word' id='word_1_374' title='bbox 646 2655 810 2689; x_wconf 79' lang='lat' dir='ltr'><strong>instituta</strong></span> <span class='ocrx_word' id='word_1_375' title='bbox 845 2652 1147 2697; x_wconf 83' lang='lat' dir='ltr'><strong>magnificentiore</strong></span> <span class='ocrx_word' id='word_1_376' title='bbox 1184 2655 1356 2695; x_wconf 82' lang='lat' dir='ltr'><strong>apparatu</strong></span> <span class='ocrx_word' id='word_1_377' title='bbox 1392 2650 1702 2693; x_wconf 80' lang='lat' dir='ltr'><strong>proponerentur,</strong></span> 
     </span>
     <span class='ocr_line' id='line_1_44' title="bbox 288 2694 1701 2744; baseline -0.011 -6"><span class='ocrx_word' id='word_1_378' title='bbox 288 2714 331 2738; x_wconf 81' lang='lat' dir='ltr'><em>ea</em></span> <span class='ocrx_word' id='word_1_379' title='bbox 356 2709 393 2738; x_wconf 84' lang='lat' dir='ltr'><em>et</em></span> <span class='ocrx_word' id='word_1_380' title='bbox 426 2703 684 2738; x_wconf 80' lang='lat' dir='ltr'><strong>admirarentur</strong></span> <span class='ocrx_word' id='word_1_381' title='bbox 715 2700 895 2744; x_wconf 80' lang='lat' dir='ltr'><strong>magisque</strong></span> <span class='ocrx_word' id='word_1_382' title='bbox 925 2708 1046 2732; x_wconf 86' lang='lat' dir='ltr'><strong>corum</strong></span> <span class='ocrx_word' id='word_1_383' title='bbox 1074 2697 1322 2742; x_wconf 81' lang='lat' dir='ltr'><strong>gubernationi</strong></span> <span class='ocrx_word' id='word_1_384' title='bbox 1352 2694 1611 2729; x_wconf 77' lang='lat' dir='ltr'><strong>assuefierent:</strong></span> <span class='ocrx_word' id='word_1_385' title='bbox 1638 2699 1701 2724; x_wconf 81' lang='lat' dir='ltr'><em>ve-</em></span> 
     </span>
    </p>
   </div>
  </div>
 </body>
</html>
