1794 3112
344 154 361 188 ι
379 137 446 208 76
898 155 1166 199 AGATHIAE

169 260 327 303 &0555
342 248 387 291 ἔκ
413 265 519 299 τινος
553 251 679 305 τυχὸν
714 249 911 304 ἁλάμενος
943 254 1172 311 ὃρσοθύρης
1196 253 1223 310 ἢ
1251 258 1321 299 καί
1353 252 1477 315 ἑτέρῳ
1514 258 1639 316 ὁποίῳ
1677 260 1728 315 δὴ

208 307 269 343 1-1·
283 318 328 352 ²9
339 314 472 371 τρόπῳ
497 313 638 356 λαθών
652 315 842 370 διεσώθη.
867 320 999 359 ταῦτα
1018 321 1063 359 δὲ
1084 319 1306 374 δράσαντες
1326 321 1362 362 οἱ
1375 322 1591 377 ἀλιτήριοι,
1611 323 1731 364 ἐσκύ-

332 382 480 419 λευσαν
506 377 602 427 τοὺς
630 380 838 430 κειμένους
847 413 860 432 ,
898 379 950 422 τά
971 397 1013 422 τε
1037 377 1140 424 ἄλλα
1166 382 1298 425 ὁπόσα
1321 385 1512 439 ἐπήγοντο
1533 384 1729 440 κτήματα,

332 440 403 482 καί
420 441 522 496 πρός
549 457 594 495 γε
621 441 666 484 τὸ
695 445 896 494 βασιλέως
919 440 1165 499 ἀφελόμενοι
1195 447 1391 501 χρυσιόν,
1419 449 1602 504 καθάπερ
1618 447 1729 496 τινὰς

330 504 548 556 πολεμίους
585 505 642 554 ὥς
670 507 864 560 ἆληθῶς,
907 503 998 549 ἀλλ’
1037 505 1136 561 οὗχί
1167 509 1314 564 φίλους
1346 527 1389 553 τε
1424 511 1495 553 καί
1527 510 1753 567 ἦγεμόναςό

330 568 606 617 ἀπεκτονότες.

437 632 499 684 ιζ’.
544 628 660 676 ’Ἐπεί
682 636 728 676 δὲ
754 634 897 684 αὖτοΐς
917 634 968 676 τά
989 637 1061 691 τῆς
1091 635 1336 692 μιαιφονίας
1366 633 1624 694 ἀπείργαστο,
1660 642 1732 681 καί

328 694 373 738 τὸ
401 696 634 738 οἷνοιδαῖνον
654 700 753 746 τέως
777 701 850 753 τῆς
881 700 1041 754 γνώμης
1069 699 1141 741 καὶ
1164 699 1440 755 ὀργιζόμενον,
1471 703 1525 758 τῷ
1551 702 1730 757 ἀποπλη-

327 762 482 814 σθῆναι
504 759 578 814 τὴν
602 762 853 814 ἐπιθυμίαν,
881 761 1098 821 ὖποχαλᾷν
1124 763 1257 805 ἐδόκει
1282 764 1355 806 καί
1384 767 1729 820 περιστέλλεσθαι,

326 822 415 865 τότε
434 826 484 879 δη
505 823 629 876 μόνον
651 823 697 866 τὸ
724 829 910 881 πραχθὲν
939 829 1007 883 ἐφ’
1034 828 1148 884 αὑτῷ
1179 830 1515 882 διασκοποῦντες,
1549 829 1781 883 ἄνελογί-ιο

329 889 466 940 ζοντο,
494 890 566 929 καί
595 888 783 939 ξυνίεσαν
807 890 946 940 ὅποῖος
980 892 1124 940 αὐτοῖς
1150 892 1374 948 ἀνέρ’ῥιπτο
1411 893 1556 947 κύβος,
1591 890 1657 934 ὅτι
1683 909 1727 935 τε

328 948 403 992 οὖκ
422 953 464 1001 ἐς
493 951 658 1007 μακρὰν
677 950 844 1007 ἥξουσιν
879 954 917 995 οἱ
937 953 1143 1008 “Ρωμαΐοι
1172 955 1528 1012 τιμωρησείοντες,
1567 956 1640 1002 καὶ
1661 953 1727 998 ὅτι

329 1014 484 1064 αὖτοὺς
508 1017 654 1057 ἐκεῖνοι
688 1013 736 1057 οὔ
737 1033 767 1070 χ
787 1017 1096 1072 ὖποστήσονται.
1123 1018 1329 1074 τοιγάρτοι
1364 1018 1604 1076 ἀναφανδὸν
1624 1017 1727 1062 oino-

282 1084 311 1119 C
329 1078 514 1131 στάντες,
541 1079 832 1136 προσεχώρουν
856 1087 941 1130 τοῖς
966 1083 1177 1137 Πέρσαις,
1204 1082 1278 1124 καί
1293 1082 1596 1138 ἐπρεσβεύοντο,
1623 1083 1727 1125 ὑπο-

326 1143 530 1196 δέχεσθαί
547 1159 590 1185 τε
623 1144 734 1198 σφᾶς
756 1144 1007 1198 αἰτούμενοι,
1046 1145 1116 1188 καί
1150 1146 1206 1195 ὦς
1240 1145 1287 1201 δὴ
1309 1146 1514 1201 κατηκόοις
1541 1147 1779 1190 τολοιπὸνιό

329 1207 560 1262 ἐπαρήγειν.
595 1207 750 1250 τούτων
771 1209 816 1249 δὲ
836 1208 1025 1251 ἁπάντων
1047 1216 1131 1258 τοῖς
1151 1212 1231 1252 τῶν
1244 1211 1468 1263 εΡωμαίων
1489 1216 1729 1266 στρατηγοῖς

330 1270 662 1325 ἀπηγγελμένων,
701 1272 969 1324 ἐχαλέπαινον
990 1275 1066 1325 μὲν
1102 1275 1184 1326 οἵγε
1212 1273 1283 1314 καί
1307 1274 1586 1328 ἐδυσφόρουν,
1612 1275 1730 1314 τίσα-

327 1338 430 1376 σθαι
452 1336 497 1375 δὲ
517 1337 749 1389 παραυτίκα
775 1334 872 1383 τούς
894 1335 1180 1388 Μισιμιανούς
1204 1337 1251 1377 οὗ
1269 1338 1380 1389 μάλα
1401 1337 1616 1391 ἠδύναντο,
1642 1351 1730 1376 πιε-

329 1397 492 1450 ζόμενοι
511 1400 563 1454 τῇ
586 1401 683 1454 περὶ
708 1400 778 1440 τοῦ
799 1398 985 1451 μείζονος
1005 1399 1190 1457 ἀσχολίᾳ.
1227 1396 1306 1455 ἤδη
1327 1400 1404 1456 γάρ
1428 1400 1450 1442 ὅ
1477 1399 1729 1455 Ναχοραγάν

327 1459 518 1515 ἑξήκοντά
547 1476 626 1502 που
650 1463 845 1514 χιλιάδας
867 1463 1063 1516 μαχίμων
1086 1463 1245 1519 ἀνδρῶν
1267 1463 1538 1518 ἐπαγόμενος,
1564 1463 1639 1505 ἐπὶ
1647 1462 1779 1518 &fimo

327 1527 469 1580 Νῆσον
496 1525 669 1581 ἐφοίτα,
706 1528 774 1567 ἵνα
803 1527 1020 1582 Μαρτΐνός
1044 1543 1087 1569 τε
1117 1527 1191 1570 καί
1216 1529 1430 1577 Ἰουστῐνος
1456 1527 1479 1570 ὅ
1505 1531 1545 1571 Γ
1542 1530 1726 1583 ερμανοῦ

418 1614 445 1635 ι.
471 1601 681 1648 ὄρσοθύρης
703 1605 759 1644 R„
780 1602 991 1649 ὀρσοθύρας
1014 1605 1104 1650 vulg.
1242 1608 1271 1640 8.
1298 1607 1386 1642 τέως
1403 1617 1470 1639 om.
1495 1608 1531 1639 R.
1557 1611 1593 1639 et
1615 1607 1723 1649 Intpr.

415 1657 468 1681 lo.
495 1647 576 1681 τότε
602 1648 641 1681 δὲ
668 1650 704 1681 R.
798 1648 858 1694 ἐφ’
881 1650 979 1693 αύτῷ
1003 1652 1063 1690 Β.’,
1088 1650 1147 1694 ἐφ’
1169 1650 1285 1694 ἑαυτῷ
1306 1652 1398 1695 vulg.
1494 1663 1545 1687 ιι.
1573 1650 1723 1696 α’νέῤῥι-

411 1702 484 1725 πτο
509 1695 656 1734 correxi,
677 1692 897 1740 α’νέῥριπται
907 1697 957 1735 Β.,
978 1695 1172 1741 ἒνέῤῥιπτο
1191 1697 1281 1740 vulg.
1358 1707 1406 1730 12.
1423 1699 1725 1741 τιμωρησείοντες

410 1738 462 1778 Β.,
479 1738 748 1784 τιμωρήσοντες
765 1740 856 1783 vulg.
931 1751 979 1783 ¹7·
1000 1739 1264 1785 α’πηγγεμένων
1279 1739 1353 1784 sph.
1366 1742 1437 1773 Par.
1506 1754 1558 1776 20.
1569 1742 1631 1774 Pro
1653 1742 1725 1775 οἷν-

412 1782 512 1829 δρῶν
527 1785 564 1816 R.
589 1785 763 1829 ΙΙερσῶν.
811 1797 863 1818 21.
886 1783 1083 1822 Ἰουστῖνος
1100 1787 1137 1818 R.
1155 1788 1320 1830 etIntpr.,
1342 1784 1604 1823 Ἰουστινιανός
1631 1788 1722 1832 vulg.

323 1858 361 1887 et
392 1853 484 1888 filios
517 1858 553 1888 et
582 1855 736 1900 reliquos
763 1865 903 1896 omnes,
939 1857 1010 1888 nisi
1035 1857 1112 1901 quis
1136 1857 1226 1889 forte
1258 1866 1322 1900 per
1355 1856 1542 1890 editiorem
1564 1858 1720 1902 aliquam

321 1899 463 1932 ianuam
494 1905 556 1933 aut
584 1901 655 1934 alio
688 1901 808 1946 aliquo
832 1901 936 1934 modo
976 1902 1063 1934 clam
1087 1903 1261 1935 evasisset.
1311 1902 1404 1934 Haec
1441 1913 1519 1935 cum
1557 1904 1720 1937 scelerati

320 1949 600 1989 perpetrassent,
638 1952 794 1979 mortuos
826 1947 1042 1990 spoliarunt,
1075 1949 1282 1992 reliquaque
1319 1949 1437 1980 omnia
1461 1959 1580 1980 eorum
1604 1949 1719 1989 bona,

321 1994 360 2023 et
381 1995 564 2034 praeterea
588 1991 695 2024 etiam
727 1993 856 2036 regiam
887 1992 1073 2035 pecuniam
1096 1992 1333 2035 diripuerunt,
1366 2003 1444 2025 cum
1470 2004 1529 2026 eos
1551 1998 1719 2039 tanquam

319 2034 440 2068 hostes
472 2035 643 2081 quosdam
674 2047 810 2077 revera,
843 2048 915 2070 non
949 2041 1066 2070 autem
1098 2045 1138 2072 ut
1172 2038 1299 2071 amicos
1333 2043 1370 2071 et
1393 2038 1498 2071 duces
1520 2049 1622 2079 suos,
1658 2040 1718 2073 in-

317 2081 552 2117 terfecissent.

415 2138 464 2171 ¹7·
489 2128 715 2172 Posteaquam
732 2138 815 2161 vero
827 2131 965 2171 peracta
985 2128 1053 2160 iam
1078 2128 1186 2160 atroci
1210 2126 1276 2160 hac
1297 2132 1408 2172 strage
1432 2127 1719 2162 excandescentia

319 2169 384 2203 illa
415 2173 612 2205 animorum
635 2178 742 2218 atque
766 2174 818 2205 ira
842 2173 1027 2206 videbatur
1051 2172 1268 2206 deferbuisse
1307 2173 1498 2218 sedataque
1524 2183 1617 2213 esse,
1653 2184 1715 2206 ex-

321 2215 419 2260 pleto
441 2218 609 2250 nimirum
634 2229 740 2262 pravo
776 2219 930 2261 ipsorum
953 2217 1149 2259 desideri03
1181 2222 1256 2251 tum
1282 2218 1416 2251 nudum
1451 2218 1489 2251 in
1520 2229 1558 2251 se
1587 2218 1717 2252 factum

320 2261 600 2302 considerantes,
624 2274 741 2296 secum
757 2268 964 2307 reputarunt
986 2269 1090 2308 atque
1116 2263 1378 2303 intellexerunt,
1395 2263 1510 2309 qualis
1530 2263 1607 2296 alea
1630 2263 1717 2306 ipsis

321 2311 415 2340 esset
438 2307 544 2350 iacta3
572 2308 739 2353 quodque
763 2319 837 2341 non
869 2308 981 2340 multo
1003 2313 1085 2352 post
1114 2308 1257 2340 Romani
1288 2314 1404 2341 essent
1434 2309 1575 2341 venturi
1610 2308 1718 2353 idque

321 2351 454 2393 ultur13
477 2363 593 2397 neque
616 2354 686 2397 ipsi
710 2354 851 2386 illorum
873 2354 944 2385 vim
969 2354 1143 2386 sustinere
1176 2359 1330 2396 possent.
1386 2353 1560 2398 Quocirca
1595 2358 1718 2397 aperta

323 2394 523 2430 defectione
556 2397 647 2430 facta
663 2422 673 2437 ‚
696 2400 814 2431 Persas
834 2398 998 2431 adierunt
1031 2404 1067 2432 et
1091 2403 1243 2431 oratores
1275 2400 1469 2439 miserunt,
1499 2398 1717 2442 postulantes

321 2446 363 2474 ut
388 2443 483 2486 ipsos
508 2442 658 2476 tuendos
683 2444 923 2485 susciperent,
947 2448 983 2475 et
1006 2448 1172 2488 tanquam
1194 2444 1344 2476 subditis
1371 2443 1536 2486 deinceps
1559 2443 1718 2486 opitula-

321 2492 453 2520 rentur.
499 2487 592 2520 Haec
621 2499 702 2521 vero
739 2489 855 2520 omnia
891 2493 1118 2534 posteaquam
1148 2489 1380 2522 Romanorum
1417 2489 1600 2532 praefectis
1634 2493 1718 2520 sunt

321 2533 543 2573 renuntiata,
567 2533 712 2578 indigne
737 2534 881 2579 quidem
905 2544 943 2566 ea
977 2534 1291 2579 molestissimeque
1313 2534 1491 2573 tulerunt,
1514 2533 1639 2566 ulcisci
1661 2537 1715 2565 ta-

319 2587 402 2611 men
425 2589 445 2611 e
476 2578 623 2623 vestigio
659 2591 732 2612 non
755 2580 839 2611 satis
862 2584 1052 2623 poterant,
1083 2581 1315 2623 occupatione
1352 2579 1441 2611 circa
1473 2578 1613 2611 maioris
1636 2589 1715 2610 mo-

321 2624 432 2656 menti
457 2634 530 2657 rem
552 2624 763 2668 praepediti.
809 2625 881 2656 Iam
913 2625 1009 2657 enim
1034 2624 1260 2668 Nachoragan
1293 2624 1474 2667 sexaginta
1502 2623 1716 2656 bellatorum

322 2668 434 2702 millia
469 2669 514 2704 ad
545 2670 697 2703 Insulam
729 2669 914 2710 ductabat,
955 2679 1059 2714 quam
1093 2670 1267 2704 Martinus
1299 2674 1335 2703 et
1364 2667 1518 2702 Iustinus
1552 2668 1716 2701 Germani
