1832 3152
570 155 947 200 HISTORIARUM
987 158 1060 196 111.
1088 157 1157 203 27.
1470 151 1574 188 201

143 252 354 315 ἐπιόντας,
383 259 475 303 ἄλλ’
494 260 786 302 ἔσκεδάννυντο
816 254 939 306 ἄλλος
963 252 1112 299 ἄλλοθι
1129 252 1248 313 egam]
1268 254 1430 314 ἑκάστῳ
1451 249 1669 311 πρωῒ-ΑΕ.
1691 261 1760 299 555

142 328 286 386 χώρει.
315 325 337 368 ὅ
358 327 405 368 δὲ
434 323 714 381 Ναχοραγὰν,
756 320 863 365 ἀλλὰ
891 322 968 379 γὰρ
1006 322 1078 364 καί
1108 321 1236 372 αὐτὸς
1266 323 1325 380 τῷ
1362 318 1585 377 παραλόγῳ
1599 311 1624 344 Ῑ·
1644 311 1670 344 Ῑ·
1691 322 1737 356 ²9

143 396 226 437 τῶν
249 392 501 449 γιγνομένων
530 391 922 444 καταπεπληγμένος
953 390 997 438 ἐς
1015 387 1068 430 τὰ
1102 388 1232 430 ὀπίσω
1260 389 1456 443 δρομαῖος
1481 384 1591 440 α’πή-

145 464 292 512 λαυνε,
330 458 553 513 σημαίνων-
578 453 710 498 ἅπασι
731 458 784 512 τῇ
807 454 979 509 μάστιγι
1003 455 1076 496 καί
1097 453 1407 509 ἐγκελευόμενος
1431 451 1489 501 ὥς
1515 468 1591 493 τα-

119 530 272 580 ὄχιστα
287 522 469 581 φεύγειν,
493 524 616 564 τοῦτο
636 522 686 577 δὴ
709 519 754 564 τό
770 519 871 577 πρὸς
901 520 1068 581 ἐκείνων
1086 515 1166 575 ἤδη
1184 517 1482 576 πρασσόμενον.
1513 513 1623 559 οῧ-Ι)

144 607 225 641 τως
256 585 341 645 ἄρα
371 586 486 646 αὐτῷ’
513 587 564 631 τὰ
586 591 658 644 τῆς
688 586 926 643 ὖψηγορίας
954 588 998 636 ἐς
1020 585 1262 628 τούναντίον
1287 586 1434 640 ἀπέβη.
1475 582 1512 626 οἱ
1549 584 1596 624 δὲ

139 653 342 710 Ῥωμαῖοι
381 655 430 696 οὖ
462 652 662 711 πρότερον
704 651 860 709 ἀνῆκαν
883 653 1096 701 διώκοντες
1126 650 1226 701 τοὺς
1256 649 1502 707 βαρβάρους
1526 647 1600 690 καί

146 719 441 779 ἀναιροῦντες,
469 720 569 777 πρίν
605 737 651 776 γε
684 719 733 775 δὴ
767 718 789 761 ὅ
819 722 1060 775 Μαρτῖνος,
1091 718 1326 773 ἀποχρῆναι
1359 715 1597 771 ἡγούμενος,

148 787 384 831 ἆνεκαλεῖτό
409 802 452 828 τε
474 785 630 836 αὐτούς
653 785 734 828 ὑπὸ
757 786 808 843 τῇ
839 784 1058 839 σάλπιγγι,
1097 784 1172 825 καί
1191 781 1262 825 τὸν
1281 780 1425 835 θυμὸν
1452 781 1599 834 ἐξημέ-

99 869 242 912 ιορου.
269 850 380 913 οὕτω
402 869 448 895 τε
474 851 511 894 οἱ
526 854 698 908 Πέρσαι
722 849 841 905 μόλις
865 853 924 900 εἰς
947 849 994 892 τὸ
1021 851 1170 892 οἰκεῖον
1190 848 1470 904 στρατόπεδον
1495 845 1599 886 α’πε-

148 919 371 975 σώθησαν,
401 917 452 959 οὗ
476 924 593 971 μεῖον
612 915 640 972 ἢ
665 918 764 959 δέκα
785 915 983 971 χιλιάδας
1006 914 1208 970 μαχιῖιιων
1231 911 1397 970 ἀνδρῶν
1428 913 1472 954 ἐν
1493 910 1600 968 τῷδε

146 987 208 1046 τῷ
229 983 335 1044 ἔργῳ
362 981 702 1039 ἀποβεβληκότες.

256 1060 320 1117 κή.
380 1060 433 1103 Οἱ
453 1061 500 1102 δὲ
532 1058 746 1113 ῑΡωμαΐοι
773 1060 819 1101 ἐκ
851 1061 925 1115 τῆς
956 1059 1136 1110 διώξεως
1160 1057 1472 1110 ἐπανελθόντες,
1501 1054 1602 1105 τούς

148 1144 196 1172 τε
219 1129 456 1177 σπαλίωνας
486 1127 741 1182 ἐνέπρησαν,
780 1127 853 1168 καί
883 1123 1012 1168 ὁπόσα
1041 1120 1147 1167 ἄλλα
1178 1122 1372 1181 Περσικὰ
1407 1120 1601 1179 μηχανή-

101 1202 268 1249 ιόματα
301 1194 417 1250 ἀμφὶ
439 1190 488 1234 τὸ
518 1198 656 1247 τεῖχος
679 1193 901 1234 ἐλέλειπτο.
939 1193 1131 1234 ἐντεῦθεν
1159 1193 1206 1232 δὲ
1234 1188 1384 1247 φλογός
1416 1187 1639 1244 μεγάληςΡ.
1653 1192 1720 1229 105

152 1260 352 1317 ἀρθείσης
362 1294 375 1314 ,
413 1257 452 1301 οἱ
479 1257 555 1314 τὴν
586 1255 690 1314 ὕλην
713 1258 1037 1311 κατατέμνοντες
1066 1257 1272 1313 ὑπηρέται
1303 1257 1388 1298 τῶν
1417 1257 1602 1311 Περσῶν

153 1327 226 1367 καί
239 1324 498 1382 οἶχθοφόροι,
528 1323 688 1373 ἰδόντες
709 1321 928 1379 πόρρωθεν
947 1321 1102 1365 καπνὸν
1126 1323 1184 1372 εἰς
1211 1320 1324 1377 ὕψος
1347 1322 1601 1378 ἆνέρποντα,

154 1391 227 1433 καὶ
247 1389 319 1434 ἐπὶ
342 1389 444 1433 πολὺ
469 1391 543 1433 τοῦ
571 1386 691 1446 ἆέρος
713 1388 1049 1443 ἅνελιττόμενον,
1079 1385 1234 1430 αὐτίκα
1259 1387 1298 1429 οῖ
1329 1388 1504 1429 δείλαιοι
1532 1387 1604 1428 ἐπὶ

153 1457 201 1499 τὸ
226 1451 335 1498 ἄστυ
361 1453 575 1511 ἐχώρουν,
614 1456 848 1510 οἰηθέντες,
890 1451 947 1504 ὥς
969 1470 1049 1496 που
1082 1455 1138 1511 τῷ
1160 1451 1422 1509 Ναχοραγὰν
1456 1450 1604 1508 πρότε-

103 1535 230 1580 αορον
253 1521 562 1576 ἕκεκόμπαστο,
599 1519 674 1563 τὸν
701 1521 920 1577 περίβολον
938 1523 1257 1577 πυρπολεῖσθαι.
1287 1516 1498 1575 τοιγάρτοι
1529 1516 1605 1570 ξύν

255 1624 283 1649 ι.
313 1610 439 1658 ὥσπερ
454 1613 492 1645 Β.
542 1614 572 1647 3.
598 1611 771 1654 εἷπήλαυε
796 1610 874 1656 sph.
890 1611 965 1644 Par.
1086 1612 1121 1648 5.
1146 1607 1188 1644 τὸ
1216 1616 1301 1656 post
1326 1610 1438 1643 τοῦτο
1465 1600 1507 1650 δι’]
1524 1608 1605 1642 add.

252 1670 297 1692 ex
321 1659 361 1692 R.
440 1671 472 1704 9.
498 1656 718 1693 α’νεκαλεῑτό
747 1666 786 1691 τε
819 1659 880 1698 R.,
906 1656 1084 1692 ἀνεκάλει
1110 1657 1193 1691 τότε
1217 1658 1312 1702 vulg.
1411 1668 1460 1691 ιι.
1485 1657 1608 1702 μαχί-

249 1716 335 1751 μων
357 1703 509 1750 ἀνδρῶν
531 1707 593 1747 R.‚
618 1704 726 1750 ἄνδρ.
750 1717 791 1751 μ.
815 1704 910 1758 xjulg.
1026 1707 1077 1739 16.
1102 1705 1178 1738 τῶν
1201 1703 1368 1747 Περσῶν
1386 1702 1470 1742 add,
1495 1713 1540 1736 cx
1565 1703 1606 1736 R.

252 1757 290 1785 et
311 1752 422 1797 Intpr.
441 1753 587 1793 Persae,
610 1754 677 1800 qui
697 1760 891 1787 materzam
907 1750 1120 1793 caederem,
1142 1752 1305 1787 ministri
1321 1750 1439 1784 simul.
1548 1761 1604 1783 20.

251 1798 450 1845 τοιγάρτοι
474 1811 542 1833 om.
569 1801 608 1833 R.

159 1883 286 1920 ordine
317 1884 438 1930 aliquo
466 1890 604 1918 servato
630 1884 796 1918 fecerunt
811 1908 820 1925 ‚
845 1893 966 1929 neque
986 1883 1037 1916 ita
1058 1887 1318 1927 persequentes
1338 1881 1609 1926 propulsarunt,

161 1931 225 1964 sed
259 1930 426 1976 dissipati
458 1930 687 1977 dispersique
725 1936 810 1964 sunt
845 1931 938 1963 alius
974 1930 1076 1970 alio,
1107 1934 1217 1974 prout
1257 1929 1390 1974 cuique
1423 1929 1607 1963 successit.
1650 1949 1654 1953 ·

162 1975 262 2022 Quin
284 1983 322 2012 et
352 1977 584 2022 Nachoragan
611 1979 688 2022 ipse
714 1978 903 2021 inopinato
938 1977 991 2009 rei
1025 1982 1155 2009 eventu
1181 1976 1453 2020 obstupefactus
1476 1981 1609 2008 retror-

163 2034 240 2056 sum
266 2024 395 2057 cursim
421 2023 679 2070 adequitabat,
699 2024 903 2069 significans
933 2022 1102 2056 omnibus
1132 2022 1272 2066 flagello
1296 2028 1333 2055 et
1356 2021 1542 2063 mandans,
1565 2027 1608 2055 ut

164 2080 273 2114 quam
305 2070 490 2104 celerrime
522 2071 689 2116 fugerent
710 2095 719 2111 ,
754 2070 853 2116 quod
890 2068 1038 2115 quidem
1066 2071 1137 2102 iam
1166 2069 1210 2102 ab
1248 2070 1322 2102 illis
1354 2069 1487 2101 factum
1519 2074 1606 2102 crat.

165 2116 225 2150 Sic
246 2116 374 2162 utique
397 2117 454 2150 illi
481 2119 652 2151 iactantia
678 2128 742 2150 sua
763 2118 803 2150 in
827 2116 1046 2150 contrarium
1078 2117 1195 2149 cessit.
1246 2117 1396 2148 Romani
1424 2127 1508 2149 vero
1532 2126 1608 2148 non

163 2167 268 2195 antea
305 2163 546 2209 persequendi
575 2176 616 2203 ac
652 2163 861 2198 trucidandi
897 2162 1068 2196 barbaros
1114 2164 1222 2195 finem
1260 2163 1452 2204 fecerunt,
1491 2163 1609 2195 donec

163 2209 339 2245 Martinus
367 2210 523 2244 sufficere
556 2216 653 2244 ratus
681 2222 747 2256 per
780 2210 905 2243 tubam
943 2220 1002 2242 eos
1040 2210 1220 2242 revocavit
1242 2234 1252 2249 ‚
1289 2210 1416 2254 iraque
1449 2209 1608 2253 percitos

166 2266 289 2290 eorum
316 2257 452 2290 animos
481 2258 671 2302 mitigavit.
715 2257 835 2302 Atque
867 2257 920 2290 ita
947 2257 1074 2289 Persae
1107 2267 1211 2301 aegre
1232 2255 1378 2289 tandem
1412 2255 1458 2288 ab
1494 2261 1608 2288 castra

165 2313 229 2335 sua
258 2302 344 2336 salvi
373 2309 561 2337 evaserunt
580 2330 591 2345 ,
622 2316 698 2337 non
725 2303 844 2336 minus
883 2314 992 2350 quam
1026 2301 1151 2336 decem
1184 2303 1405 2336 bellatorum
1441 2301 1608 2336 millibus

163 2348 204 2381 in
233 2358 276 2382 eo
301 2349 468 2384 conflictu
492 2349 714 2384 desideratis.

260 2418 317 2451 28.
365 2418 514 2452 Romani
547 2423 668 2452 autem
708 2431 752 2453 ex
782 2418 1037 2463 persecutione
1080 2418 1238 2457 reversi,
1286 2416 1490 2451 testudines
1520 2418 1608 2450 reli-

167 2473 328 2510 quasque
353 2463 508 2498 Persicas
539 2465 720 2499 machinas
747 2465 840 2499 circa
866 2476 1006 2498 murum
1036 2464 1179 2497 relictas
1206 2464 1470 2506 incenderunt3
1511 2462 1610 2497 unde

167 2522 248 2544 oum
274 2511 400 2554 ingens
430 2516 524 2545 esset
547 2511 687 2545 flamma
722 2514 899 2552 excitata,
935 2512 1095 2544 ministri
1131 2517 1168 2544 et
1199 2510 1338 2551 baiuli,
1376 2510 1439 2555 qui
1471 2508 1516 2541 ad
1543 2510 1611 2542 sil-

166 2569 245 2591 vam
277 2555 494 2589 caedendam
528 2558 628 2591 missi
664 2564 794 2599 erant,
826 2570 906 2592 cum
943 2569 962 2590 e
1007 2558 1206 2604 longinquo
1245 2557 1436 2590 intervallo
1473 2556 1614 2589 fumum

168 2615 307 2637 sursum
346 2603 556 2637 tendentem
594 2605 738 2650 alteque
774 2607 813 2639 in
854 2609 937 2638 aere
971 2605 1196 2637 volutantem
1230 2609 1350 2636 essent
1386 2602 1613 2646 conspicati,

168 2650 360 2683 confestim
386 2651 509 2683 miseri
540 2649 586 2683 ad
613 2651 785 2696 oppidum
809 2651 1093 2690 contenderunt,
1116 2651 1383 2690 existimantes,
1409 2648 1508 2694 quod
1529 2649 1613 2695 qui-

170 2696 251 2728 dem
276 2695 511 2741 Nachoragan
543 2702 648 2730 antea
683 2698 837 2743 superbe
866 2698 1038 2738 iactarat,
1071 2697 1215 2730 moenia
1240 2696 1466 2742 conflagrare.
1516 2695 1613 2729 Cou-

172 2742 281 2778 cimo
310 2744 434 2789 itaque
470 2755 572 2778 cursu
609 2743 846 2790 ferebantur5
881 2745 1015 2785 veriti,
1052 2744 1181 2789 opinor
1206 2769 1214 2783 ‚
1251 2753 1297 2779 uc
1336 2747 1420 2790 post
1461 2743 1613 2783 festum,
