1794 3112
283 127 302 161 1
317 110 386 162 26
867 132 1138 178 AGATHIAE

89 229 129 264 Δ.
149 230 187 263 C.
202 231 268 274 554
382 224 452 279 κη’.
503 225 631 268 Ἀλλὰ
659 228 748 305 γάρ
764 228 973 286 βραχέα’
955 229 1057 276 α’ττα
1090 239 1188 292 περί
1215 242 1409 296 Χοσρόου
1445 231 1671 298 ‹negem-ma),

126 277 152 308 Ῑ
172 278 196 308 Ῑ
213 279 462 328 28αυτικα
445 287 568 342 ε’ρωγε
597 291 671 332 ἄνα
701 292 750 333 τὰ
781 296 959 351 πρότερα
988 314 1056 338 και
1079 298 1128 354 δὴ
1154 301 1351 356 ἐπανήξω.
1391 307 1566 358 ὑμνοῦσι
1593 307 1668 363 γὰρ

268 350 395 392 αὐτὸν
419 369 486 393 και
516 349 690 406 α’γανται
707 358 812 412 πέρα
836 360 905 412 τῆς
929 361 1068 413 ἀξίας,
1107 363 1164 418 μή
1192 362 1253 406 ὅτι
1275 367 1312 407 οἱ
1337 371 1527 424 Πέρσαι,
1566 371 1668 412 ἀλλὰ

228 418 339 461 Duae
358 414 458 456 ε’νιοι
484 419 566 458 τῶν
599 419 840 474 Ῥωμαίων,
879 439 936 470 ως
960 422 1088 477 λόγων
1112 428 1308 483 ἐραστὴν,
1336 449 1402 473 και
1425 435 1670 490 φιλοσοφίας

162 491 202 524 V.
215 491 258 534 48
269 480 339 533 τῆς
367 483 463 535 παρ’
475 481 572 534 ἡμῖν
594 484 636 531 ἐς
651 479 772 539 ἄκρον
787 484 975 538 ἐλθόντα,
996 494 1359 545 μεταβεβλημένων
1376 493 1487 553 αὐτῷ
1505 496 1581 539 ὑπο
1571 496 1692 540 ’τουό

260 544 304 591 ἐς
321 542 596 600 τὴνΠερσίὸα
618 563 708 602 φωι
711 565 760 602 ην
779 566 860 591 των
871 547 1111 605 Ελληνικῶν
1133 557 1468 610 ξυγγραμμάτων.
1497 577 1563 602 και
1582 563 1668 603 τοί-

258 623 332 648 νυν
354 609 503 662 φασίν,
524 606 588 650 ότι
611 610 660 666 δι’]
689 610 779 654 ὅλον
804 612 875 655 τὸν
902 617 1166 672 Σταγειρίτην
1190 621 1399 663 καταπιών
1427 622 1488 678 εἰη
1511 627 1668 677 μαλλον

256 665 283 724 ἢ
306 670 368 712 ὃ(
348 671 480 727 ρήτωρ
513 672 533 714 ὃ
555 677 790 725 Παιανιεύς
818 677 886 719 τὸν
917 679 1110 734 Ὀλόρου,
1156 684 1239 724 τῶν
1267 700 1311 724 τε
1346 687 1566 737 Πλάτωνος
1595 689 1667 729 τοῦ

235 734 498 790 ’.Αράιτωνος
526 738 834 795 αναπέπῖησται
857 743 1090 796 δογμάτων,
1131 762 1199 787 και
1228 762 1319 788 ουτε
1345 746 1366 789 ὃ
1390 751 1557 803 Τιμαιος
1587 768 1666 792 αυ-

256 797 329 840 τὸν
352 795 624 854 ἆποδράσειεν
653 800 723 856 ἂν,
761 807 800 846 εἰ
822 808 895 846 καί
921 806 1086 862 σφόδρα
1113 815 1324 866 γραμμικῇ
1349 814 1502 871 θεωρία
1522 817 1715 856 nenos-xo

255 867 414 916 κιλται,
454 881 522 905 και
550 865 625 915 τοὶς
649 870 722 921 τῆς
745 869 909 923 φύσεως
935 871 1141 924 ἄνιχνεύει
1162 873 1356 928 κινήσεις,
1398 891 1491 918 ουτε
1512 878 1533 918 ὃ
1557 878 1663 920 Φαί-

252 928 355 978 δων,
385 923 476 969 οὗτε
492 929 514 969 ὃ
536 931 736 986 Γοργίας,
767 933 970 984 ουμενοῦν
995 932 1091 976 οῦδὲ
1113 931 1232 986 α’λλος
1256 954 1319 988 τις
1340 941 1419 982 τῶν
1440 944 1663 998 γλαφυρῶν

251 1006 296 1031 τε
326 1008 394 1032 και
423 993 710 1050 ἀγκυλωτέρων
743 996 961 1050 διαλόγων,
999 998 1148 1053 ὁποῖος,
1176 998 1305 1056 οἶμαι,
1333 1001 1355 1043 ὅ
1381 1007 1658 1060 Παρμενίδης.

247 1053 327 1109 εγώ
357 1057 402 1096 δὲ
435 1053 567 1106 ου’τως
598 1059 722 1101 αὐτὸν
758 1056 908 1116 α’ριστα
952 1061 1061 1115 ἔχειν
1090 1067 1302 1119 παιδείας,
1333 1083 1400 1108 και
1426 1070 1557 1110 ταῦτα
1589 1070 1660 1124 τῆς

248 1119 473 1174 ἁκροτατης
487 1154 499 1173 ,
529 1119 602 1162 οὐκ
627 1139 676 1163 αν
698 1140 791 1165 ποτε
822 1127 1014 1180 οιηθείην.
1052 1144 1138 1176 πως
1162 1130 1240 1180 μὲν
1264 1129 1338 1185 γὰρ
1371 1129 1456 1174 οἶόν
1474 1149 1518 1174 τε
1537 1129 1587 1188 ἦν
1607 1132 1708 1174 τόιό

248 1182 472 1239 ακραιφνὲς
494 1187 622 1227 ἐκεῖνο
654 1190 736 1230 τῶν
764 1192 950 1231 παλαιῶν
978 1190 1190 1243 ὀνομάτων
1215 1210 1282 1234 και
1304 1197 1561 1251 ἐλευθέριον,
1589 1213 1658 1238 και

147 1260 181 1293 p
191 1247 348 1302 67πρός
375 1261 419 1301 γε
446 1250 498 1304 τῇ
518 1267 599 1292 των
621 1253 864 1307 πραγμάτων
890 1270 1013 1308 φυσει
1029 1255 1261 1311 πρόσφορόν
1285 1274 1327 1298 τε
1357 1275 1425 1299 και
1453 1259 1658 1315 ἐπικαιρό-

244 1327 394 1363 τατον,
401 1313 546 1388 αγρίᾳ
572 1331 651 1356 τινι
684 1315 835 1372 γλώττῃ
860 1334 927 1357 και
954 1318 1217 1374 ἄμουσοτάτῃ
1246 1319 1537 1375 ἆποσωθῆναις
1570 1324 1656 1372 πῶς

243 1377 290 1416 δὲ
313 1371 364 1417 ἂν
387 1372 489 1431 οἷνὴρ
513 1381 705 1436 βασιλείῳ
730 1396 847 1436 τυφῳ
881 1382 926 1421 ἐκ
948 1381 1108 1422 παιῖἳων
1131 1399 1199 1423 και
1231 1385 1417 1425 κολακεία
1437 1387 1564 1442 πολλῇ
1589 1402 1656 1440 γε-

241 1442 483 1493 γανωμένος,
507 1441 670 1484 δίαιτάν
690 1459 734 1484 τε
745 1443 925 1496 λαχών’
904 1462 946 1494 ες
973 1441 1006 1497 ό,
1028 1462 1068 1485 τι
1083 1448 1445 1503 βαρβαρικωτάτην
1465 1465 1533 1490 και
1554 1447 1708 1506 πρὸςαο

337 1534 365 1556 ι.
393 1522 553 1556 διελθών
576 1525 613 1555 Β.
693 1525 724 1557 8.
752 1523 775 1557 δ
797 1530 878 1558 ante
902 1523 1112 1562 Παιανιεὺς
1139 1538 1206 1559 οιιι.
1233 1528 1330 1560 Suid.
1357 1539 1383 1561 s.
1407 1538 1441 1563 v.
1471 1529 1653 1575 Χοσρόης.

330 1565 400 1601 τὸν
421 1567 468 1601 ’.Ο
492 1570 529 1601 Β.
551 1574 586 1601 ct
610 1569 719 1610 Suid.,
738 1571 811 1604 τῶν
830 1571 876 1603 Ὀ.
902 1572 994 1616 vulg.
1070 1583 1119 1605 ιο.
1143 1573 1380 1628 γραμματικῇ
1407 1575 1445 1606 Β.
1540 1578 1588 1609 13.
1615 1585 1654 1608 τε

332 1613 415 1646 add.
442 1625 485 1646 ex
510 1615 550 1646 R
630 1614 736 1660 οῗααι
763 1616 1101 1650 om.Suid.15.
1111 1618 1198 1673 μὲν
1223 1629 1290 1650 om.
1314 1619 1418 1651 idem
1513 1622 1564 1654 16-
1589 1623 1654 1654 καὶ

329 1665 413 1692 ante
437 1659 555 1692 ἐλευθ.
582 1671 649 1692 om.
683 1661 788 1693 idem.
852 1663 901 1695 18.
927 1661 1162 1708 αμουσοτάτη
1189 1665 1248 1702 Β.,
1272 1661 1515 1708 αμουσοτάτῳ
1540 1666 1628 1710 vulg.
1642 1691 1653 1707 ,

331 1704 556 1749 αἀουσότητι
582 1706 680 1738 Suid
778 1705 895 1751 19.c221
920 1707 1016 1740 delet
1051 1708 1148 1740 Suid.
1249 1710 1520 1754 γεγαννυμένος
1550 1711 1646 1744 Suid.

327 1750 450 1784 l.1.et
473 1762 502 1788 s.
526 1751 561 1785 h.
587 1752 662 1795 ipsa
690 1762 787 1786 voce.
880 1764 933 1785 20.
962 1752 1165 1799 βαρυτάτην
1189 1753 1287 1786 Suid.

329 1842 385 1875 28.
437 1841 601 1874 Ceterum
621 1840 684 1873 ubi
700 1841 850 1884 paucula
873 1841 1046 1886 quaedam
1065 1841 1108 1875 de
1130 1841 1287 1876 Chosroe
1317 1853 1646 1886 commemoravero,

237 1887 359 1919 statim
383 1885 427 1918 ad
456 1887 574 1930 priora
608 1886 743 1919 redibo.
791 1887 1054 1931 Depraedicant
1083 1889 1177 1920 enim
1203 1889 1302 1920 illum
1327 1894 1434 1933 atque
1467 1889 1645 1922 admiran-

237 1938 296 1964 tur
322 1943 427 1975 supra
460 1932 571 1974 ipsius
605 1933 771 1964 me1itum
808 1944 881 1965 non
903 1938 1041 1965 tantum
1067 1934 1208 1973 Persae,
1244 1933 1306 1966 sed
1330 1939 1366 1966 et
1389 1935 1554 1966 nonnulli
1576 1937 1646 1968 Ro-

235 1989 431 2017 manorum,
455 1977 566 2009 veluti
579 1978 778 2010 litterarum
793 1983 996 2019 amatorem,
1021 1979 1156 2023 quique
1171 1979 1215 2011 ad
1235 1978 1484 2022 philosophiae
1503 1985 1646 2014 nostrae

238 2024 380 2055 culmen
415 2023 585 2062 evaserit,
611 2034 689 2055 cum
718 2023 751 2056 ei
785 2023 1000 2056 Graecanica
1029 2025 1157 2067 scripta
1180 2024 1223 2056 ab
1253 2025 1448 2068 interprete
1477 2026 1645 2070 quopiam

234 2069 274 2100 in
285 2068 456 2100 Persicam
473 2069 754 2112 linguamessent
771 2080 944 2102 conversa.
963 2069 1091 2101 Aiunt·
1082 2075 1218 2114 itaque,
1232 2070 1328 2114 quod
1343 2074 1455 2102 totum
1470 2069 1644 2104 Aristote-

231 2113 302 2145 lem
315 2115 442 2146 melius
462 2114 627 2154 ebiberit,
645 2125 750 2159 quam
772 2114 1026 2147 Demosthenes
1047 2113 1314 2156 Thucydidem,
1332 2114 1500 2160 quodque
1523 2116 1642 2148 Plato-

230 2159 322 2191 nicis
348 2159 570 2203 dogmatibus
585 2165 680 2192 totus
699 2160 848 2193 refertus
862 2161 982 2199 fuerit,
1007 2159 1095 2192 adeo
1106 2166 1145 2192 ut
1163 2171 1207 2192 ne
1222 2161 1388 2192 Timaeus
1406 2159 1550 2205 quidem
1567 2163 1642 2195 eius

232 2204 504 2248 intelligentiam
519 2204 783 2249 subterfugerit,
807 2206 947 2238 tametsi
961 2205 1088 2237 lineari
1102 2206 1344 2248 speculatione
1360 2205 1460 2238 valde
1472 2207 1519 2239 sit
1537 2217 1642 2251 argu-

230 2254 288 2282 tus
318 2256 354 2282 et
381 2256 529 2283 naturae
551 2255 666 2282 motus
693 2251 896 2295 investiget;
920 2250 982 2284 sed
1006 2261 1122 2295 neque
1149 2250 1312 2291 Phaedo,
1335 2261 1453 2305 neque
1481 2251 1638 2296 Gorgias,

230 2306 349 2349 neque
367 2296 456 2328 alius
480 2296 667 2340 quisquam
692 2307 735 2329 ex
756 2295 1030 2340 elegantioribus
1053 2301 1089 2328 et
1100 2276 1364 2329 difficiliorihus
1386 2297 1497 2340 ipsius
1523 2297 1638 2331 dialo-

230 2341 294 2384 gis,
313 2342 439 2386 qualis,
461 2341 624 2380 arbitror,
643 2346 696 2373 est
708 2342 938 2375 Parmenides.
969 2342 1040 2385 Ego
1059 2352 1139 2373 vero
1163 2352 1242 2374 eum
1258 2342 1418 2374 doctrina
1435 2342 1636 2385 praeditum

229 2387 340 2419 fuisse
374 2392 411 2419 et
443 2386 587 2431 quidem
623 2397 768 2427 summa,
803 2398 1026 2432 nequaquam
1052 2386 1272 2419 crediderim.
1331 2387 1402 2431 Qui
1439 2388 1534 2419 enim
1557 2388 1634 2420 fieri

228 2437 388 2475 poterat,
414 2437 454 2464 ut
472 2432 607 2476 puritas
633 2431 694 2464 illa
717 2437 875 2464 veterum
899 2433 1082 2466 nominum
1107 2437 1143 2464 et
1170 2434 1287 2465 nativa
1313 2433 1443 2476 gratia,
1470 2437 1505 2464 et
1529 2443 1633 2475 prae-

227 2482 325 2510 terea
348 2488 463 2510 rerum
494 2477 648 2521 ipsarum
673 2483 821 2510 naturae
854 2488 1047 2521 congruens
1082 2477 1255 2523 valdeque
1291 2476 1569 2517 accommodata,
1594 2478 1632 2510 in

227 2523 355 2566 agresti
381 2521 533 2576 quadam
559 2527 595 2555 et
618 2523 839 2566 ineptissima
856 2523 975 2567 lingua
999 2522 1287 2556 conservaretur?
1312 2523 1393 2567 Quo
1416 2533 1498 2555 vero
1523 2503 1630 2555 etiam

255 2572 331 2601 acto
355 2570 408 2601 vir
434 2568 528 2612 regio
554 2567 647 2600 fastu
671 2579 691 2600 a
724 2579 835 2613 puero
860 2570 1042 2614 multaque
1081 2569 1319 2601 assentatione
1353 2566 1554 2608 delibutus,
1594 2574 1631 2603 et

227 2579 415 2647 herbarum
450 2613 613 2658 inprimis
647 2614 741 2647 vitae
775 2625 882 2659 genus
916 2618 1067 2647 sectatus
1107 2620 1143 2647 ct
1175 2613 1271 2647 bella
1309 2623 1446 2657 semper
1474 2613 1631 2656 proelia-

227 2668 296 2705 que
321 2660 468 2705 spirans,
491 2670 562 2706 quo
585 2664 702 2705 pacto,
716 2671 875 2706 mquam,
900 2661 962 2705 qui
986 2660 1036 2693 ita
1060 2660 1166 2695 vitam
1190 2660 1361 2700 instituit,
1384 2657 1548 2693 videatur
1560 2659 1630 2692 ali-
