1794 3112
286 136 305 171 1
325 137 342 172 1
354 137 386 171 o
869 120 1144 184 AGATHIAE

90 241 129 274 A.
146 241 181 274 C.
197 242 261 286 554
275 234 457 289 λαίτερον
477 236 705 288 διαγγεῖλαι
725 241 810 285 τοῖς
831 247 1071 295 στρατηγοῖς
1093 240 1169 296 τὴν
1190 242 1387 297 ἑπήλυσιν
1410 245 1484 286 τοῦ
1508 247 1683 300 Μερμε-

140 289 386 352 1·Ῑ·23’ρόου
413 297 532 340 ἐνίων
555 297 631 354 γάρ
656 297 720 340 ἔτι
741 302 787 342 ἐκ
810 304 884 344 τοῦ
907 308 1088 358 στρατοῦ.
1100 307 1147 362 τῇ
1169 307 1334 363 ἁρπαγῇ
1351 310 1591 362 ἐγκειμένων
1613 310 1686 350 καί

274 360 348 400 οὔκ
379 361 595 415 ἀνιέντων,
625 364 890 420 ἐπιφοιτῶσιν
927 366 1083 423 ἀθρόον
1115 369 1154 410 οἱ
1199 373 1381 426 Πέρσαι,
1422 388 1491 414 και
1525 372 1684 426 ὀλίγους

271 426 348 476 μὲν
372 425 516 467 ἀυτῶν
547 425 741 469 ἔκτεινον
766 432 886 472 οιδὲ
929 427 1047 474 ἄλλοι
1089 436 1283 489 δρομαῖοι
1319 434 1494 491 ἔφυγον,
1530 454 1598 478 και
1630 436 1680 492 δὴ

270 490 515 538 ἐξαπιναίως
543 492 810 535 ἐσπίπτουσιν
841 491 920 536 ἆνὰ
941 493 987 536 τὸ
1022 496 1294 552 στρατόπεδον
1332 499 1404 549 ξὺν
1434 502 1589 580 οἰμωγῇ
1613 501 1707 548 καιό

270 551 461 611 θορύβῳ,
490 554 545 604 ὥς
570 552 753 605 ἅπαντας
785 560 1123 639 ξυνταραχθῆναι
1149 564 1206 602 τῶ
1228 565 1444 621 αιφνιδιζυ,
1474 565 1547 606 και
1575 567 1683 620 πέρα

173 619 348 664 Ρ59τοῦ
382 622 553 673 μετρίου
593 623 876 673 δειμαίνοντας
912 626 956 674 ἐς
994 625 1216 681 ὖπαγωγὴν
1258 629 1606 679 μετανίστασθαι.
1644 628 1685 670 οἱ

271 682 318 722 δὲ
340 683 566 737 στρατηγοι,
598 680 732 740 (ου’πω
755 703 832 742 γαρ
857 688 1000 737 αὐτοῖς
1025 691 1068 737 ἐς
1085 688 1274 745 φαλαγγα
1296 707 1316 732 ο
1343 690 1517 746 στρατὸς
1543 692 1680 734 ἐτετά-

269 749 408 802 χατο,)
439 748 617 798 δεδιότες
648 749 719 790 καί
739 751 789 804 οὶ,
826 750 884 806 μή
912 754 1057 808 σφίσιν
1089 755 1139 795 ου’
1170 757 1566 810 παρεσκευασμένοις
1594 759 1685 798 ἐπι-

270 817 409 852 σταῐεν
425 810 461 851 οἱ
485 811 705 868 βάρβαροι,
734 815 1034 872 περιεφρόνουν
1056 820 1134 869 μὲν
1153 816 1203 860 τοὶ
1230 817 1429 874 πρότερον
1446 821 1679 900 δοκηθέῖντα,
1686 839 1734 866 ιο

272 889 347 914 ουκ
369 873 481 928 εἶχον
518 876 600 918 δὲ(
585 874 620 930 ό,
647 896 687 920 τι
701 879 773 920 καί
791 883 978 956 γένοιντο·
1009 897 1102 923 ουτε
1121 899 1198 938 γαρ
1220 883 1534 936 βουλεύσασθαι
1545 885 1685 934 αὕτοῖς

270 954 361 992 περι
387 942 468 981 τῶν
493 941 707 997 παρόντων
741 941 764 984 ὅ
802 943 945 1000 καιρὸς
977 947 1162 987 ἐνεδίδου
1199 963 1268 988 και
1305 945 1350 989 τὸ
1392 942 1473 1002 ηδη
1508 965 1684 989 καταπε-

269 1004 458 1057 πλῆχθαι
479 1003 554 1053 τοὶς
577 1007 756 1059 γνώμας.
780 1008 915 1057 ευθὺς
944 1006 1018 1052 ουν
1040 1005 1214 1065 ἄραντες
1235 1012 1279 1052 ἐκ
1305 1013 1381 1053 τοῦ
1409 1011 1575 1064 πεδίου,
1614 1028 1684 1054 και

267 1064 432 1109 α’παντα
477 1069 719 1123 ἐπαγόμενοι
754 1071 805 1113 τα
852 1090 1159 1128 στρατευματα,
1208 1069 1365 1132 ᾤχοντο
1401 1077 1576 1130 αγεννῶς
1612 1093 1683 1117 και

267 1129 482 1185 ἀκόσμως,
511 1150 580 1174 και
621 1150 667 1175 ου
697 1132 893 1191 πρότερον
917 1135 1149 1179 ἐπαύσαντο
1187 1142 1372 1192 θέοντες,
1409 1156 1506 1195 πριν
1538 1141 1582 1188 ἐς
1609 1138 1734 1194 τὴνιό
1776 1129 1779 1132 .

267 1196 411 1250 Νῆσον
432 1197 610 1240 ικέσθαι.
638 1216 786 1241 απεστι
816 1203 862 1242 δὲ
885 1201 911 1257 ἤ
944 1205 1084 1256 Νῆσος
1107 1200 1182 1257 ἥδε
1214 1204 1430 1259 Τηλὲφεως
1457 1205 1575 1245 πέντε
1594 1202 1679 1256 μά-

265 1264 387 1301 λιστα
410 1262 710 1316 παρασάγγαις.
737 1263 945 1319 τοσαύτην
969 1261 1053 1319 ἄρα
1080 1267 1116 1306 οἱ
1138 1273 1317 1319 γενναῖοι
1339 1265 1582 1321 αυθημερὸν
1606 1282 1683 1307 πο-

230 1326 383 1379 Βρείαν
405 1324 618 1379 διήνυσαν,
648 1325 836 1368 cundram
861 1328 1120 1383 πεφευγότες.
1148 1329 1235 1370 ἔστι
1255 1345 1330 1384 γαρ
1357 1329 1379 1370 ὅ
1402 1345 1682 1387 παρασαγγης,

267 1407 324 1439 ως
342 1392 420 1442 μὲν
437 1387 655 1447 εΗροδότω
671 1392 787 1432 δοκεῖ
802 1391 874 1432 καί
886 1391 1132 1448 Ξενοφωντι,
1154 1391 1372 1448 τριάκοντα
1389 1394 1550 1447 στάδια,
1564 1391 1619 1442 ὥς
1636 1396 1682 1435 δὲ

299 1457 318 1466 ,v
353 1449 372 1464 >l

265 1470 341 1496 νυν
372 1457 520 1507 Ιβηρες
538 1470 607 1494 και
637 1455 806 1509 Πέρσαι
826 1471 967 1510 φασιν,
979 1473 1023 1497 εν
1037 1473 1097 1497 ενι
1118 1455 1230 1514 μόνω
1253 1459 1335 1499 τῶν
1354 1455 1483 1499 εἶκοσι
1502 1459 1677 1498 πλείονα.
1683 1477 1735 1503 20

262 1517 407 1568 Λαζοί
439 1519 484 1558 δὲ
519 1515 624 1559 ου’τω
653 1519 731 1570 μὲν
767 1536 837 1560 και
871 1520 994 1561 αὐτοι
1029 1520 1323 1574 ὁμολογοῦσιν,
1363 1521 1411 1562 οὖ
1439 1519 1523 1575 μὴν
1549 1523 1595 1562 δὲ
1626 1523 1682 1578 τῶ

264 1580 435 1635 ὀνόματι
452 1584 658 1637 χρῶνται,
688 1581 793 1624 ἄλλα
824 1584 1068 1632 ἀναπαύλας
1096 1586 1291 1638 καλοῦσι,
1316 1585 1398 1637 καί,
1426 1583 1553 1638 οἶμαι,
1577 1581 1684 1625 εἰκό-

361 1671 389 1692 ι.
415 1658 615 1712 {mmmm
639 1660 673 1692 R.
770 1662 801 1694 8.
828 1660 847 1693 ὁ
876 1659 1080 1706 στρατηγὸς
1105 1663 1143 1695 R.
1200 1673 1231 1706 9.
1259 1662 1630 1707 παρασκευασμένοις
1642 1649 1689 1694 R.‘

361 1717 413 1739 ια.
437 1699 478 1738 τὸ
503 1707 540 1738 R.
567 1706 671 1754 (C1.‚)
699 1706 750 1749 τῷ
762 1707 868 1762 vu.lg
962 1719 1014 1740 20.
1041 1707 1082 1740 ἐν
1107 1707 1317 1740 mutandum
1335 1719 1407 1740 non
1439 1718 1514 1741 esse
1537 1707 1682 1740 docebit

358 1751 481 1784 Index.
575 1763 628 1784 21.
655 1752 702 1784 οὔ
721 1749 798 1796 μὴν
821 1752 860 1784 δὲ
883 1770 931 1777 -·
954 1753 1111 1785 καλοῦσι
1132 1764 1199 1786 om.
1221 1753 1257 1784 R.
1275 1759 1311 1786 et
1329 1754 1440 1798 Intpr.

266 1813 398 1847 sensim
428 1823 464 1844 se
489 1817 710 1856 receperunt.
750 1812 938 1844 Theodoro
963 1817 1082 1845 tamen
1106 1813 1202 1845 locus
1228 1824 1300 1846 non
1325 1819 1402 1847 erat
1426 1818 1562 1846 mature
1586 1824 1681 1846 nun-

266 1857 383 1892 tiandi
411 1859 619 1901 praefectis,
644 1858 874 1890 Mermeroem
900 1859 1094 1891 imminere.
1141 1858 1330 1891 Nonnullis
1357 1860 1453 1891 enim
1477 1857 1592 1891 adhuc
1615 1870 1680 1891 ex-

266 1909 321 1936 tra
359 1909 471 1935 castra
505 1904 648 1947 rapinae
683 1903 830 1935 intentis
863 1914 980 1947 neque
1013 1903 1266 1937 desistentibus
1296 1905 1421 1938 Persae
1448 1909 1594 1948 repente
1618 1915 1680 1936 su-

266 1949 499 1994 perveniunt3
524 1954 560 1981 et
583 1949 774 1982 nonnullos
813 1949 957 1993 quidem
989 1959 1110 1982 eorum
1143 1949 1376 1992 obtruncant3
1404 1950 1536 1995 reliqui
1560 1951 1681 1983 conci-

265 1996 396 2028 tatiore
419 2005 520 2027 cursu
545 1994 720 2037 fugientes
745 1994 906 2027 celeriter
931 2005 1010 2027 cum
1044 1995 1199 2028 tumultu
1232 1974 1438 2040 eiulatu'que
1470 1996 1509 2027 in
1542 1996 1679 2027 exerci-

266 2045 343 2073 tum
367 2045 495 2079 ruunt,
529 2040 617 2072 adeo
643 2045 684 2071 ut
711 2051 830 2072 omnes
856 2040 1043 2084 repentino
1066 2045 1163 2073 motu
1187 2040 1385 2084 perturbati
1411 2046 1448 2074 et
1471 2051 1575 2084 supra
1598 2051 1680 2073 mo·-

268 2085 352 2118 dum
376 2085 616 2129 expavefacti,
640 2086 871 2118 secessionem
889 2096 907 2117 e
933 2086 1054 2117 castris
1079 2086 1240 2119 fecerint.
1297 2086 1468 2119 Praefecti
1491 2096 1573 2118 vero
1597 2085 1679 2131 (ne-

268 2141 338 2177 que
363 2132 457 2163 enim
485 2130 600 2163 adhuc
625 2132 737 2163 aciem
763 2130 983 2175 ordinarant)
1009 2136 1205 2164 metuentes
1231 2131 1349 2171 etiam,
1374 2143 1419 2165 ne
1443 2131 1584 2164 barbari
1610 2132 1680 2164 im-

266 2182 408 2221 paratos
448 2178 707 2219 opprimerent,
743 2187 833 2221 quae
860 2181 964 2208 antea
997 2181 1126 2209 statuta
1150 2182 1260 2216 erant,
1283 2178 1536 2221 neglexerunt,
1561 2187 1680 2222 neque

267 2222 356 2267 quid
383 2222 523 2254 consilii
548 2227 715 2266 caperent
739 2221 908 2255 sciebant.
956 2221 1080 2266 Neque
1105 2223 1198 2254 enim
1222 2228 1358 2266 tempus
1383 2222 1679 2256 deliberationem

266 2268 312 2300 de
336 2267 440 2299 rebus
466 2267 711 2310 praesentibus
734 2267 961 2307 admittebat,
985 2278 1101 2311 neque
1130 2268 1204 2312 ipsa
1230 2269 1426 2301 animorum
1443 2267 1681 2312 perturbatio.

266 2313 375 2346 Motis
393 2313 501 2356 igitur
521 2313 707 2345 confestim
732 2323 750 2344 e
777 2323 897 2356 campo
922 2313 1055 2352 castris,
1080 2314 1260 2346 universus
1287 2315 1458 2346 exercitus
1484 2314 1522 2346 in
1538 2319 1678 2356 turpem

268 2359 605 2402 incompositamque
637 2359 753 2401 fugam
787 2369 823 2391 se
858 2358 1052 2400 convertit3
1088 2370 1205 2403 neque
1243 2365 1345 2392 antea
1380 2371 1399 2391 a
1423 2360 1504 2403 fuga
1526 2358 1677 2391 destite-

272 2409 373 2444 runt,
408 2415 511 2448 quam
547 2403 591 2436 ad
615 2404 769 2435 Insulam
798 2403 1050 2447 pervenissent.
1110 2405 1226 2436 Distat
1256 2411 1372 2437 autem
1403 2404 1491 2438 haee
1514 2405 1632 2436 Insula
1656 2415 1675 2435 a

272 2449 425 2494 Telephi
455 2450 612 2495 quinque
646 2460 816 2481 summum
854 2449 1074 2492 parasangis·
1111 2455 1247 2482 tantum
1282 2450 1420 2483 itineris
1454 2451 1588 2483 strenui
1620 2449 1676 2480 illi

270 2496 338 2527 viri
371 2495 476 2527 unius
503 2495 575 2526 diei
602 2496 716 2538 spatio
752 2494 980 2527 confecerunt
1003 2495 1182 2528 celerrime
1207 2501 1395 2528 currentes.
1445 2495 1590 2528 Constat
1612 2506 1676 2526 au-

272 2546 344 2573 tem
365 2551 571 2584 parasanga,
594 2545 635 2572 ut
659 2540 803 2585 quidem
827 2539 1006 2572 Herodoto
1031 2546 1067 2573 et
1092 2541 1319 2585 Xenophonti
1354 2542 1492 2584 placet,
1528 2540 1675 2583 triginta

272 2585 417 2626 stadiis,
449 2592 490 2619 ut
523 2596 605 2620 vero
629 2597 724 2618 nunc
748 2585 843 2618 Iberi
867 2591 903 2618 et
926 2586 1047 2618 Persae
1071 2587 1206 2626 volunt,
1234 2598 1305 2619 uno
1330 2591 1468 2620 tantum
1493 2595 1597 2628 supra
1621 2586 1676 2617 vi-

272 2631 370 2674 ginti.
428 2631 524 2664 Idem
554 2632 713 2666 sentiunt
741 2637 778 2665 et
806 2631 909 2673 Lazi3
951 2643 1175 2685 nequaquam
1202 2638 1319 2665 tamen
1363 2643 1402 2664 ea
1435 2631 1675 2675 appellatione

272 2681 434 2718 utuntur,
459 2677 522 2712 sed
543 2676 757 2715 ἀναπαύλας
770 2703 780 2720 ,
803 2675 872 2710 hoc
896 2682 950 2710 est
973 2679 1184 2720 mansiones,
1207 2683 1344 2721 vocant,
1369 2682 1405 2712 et
1427 2684 1506 2711 mea
1529 2676 1675 2723 quidem
