1722 3146
216 155 374 193 XXVIII
599 154 642 191 B.
677 150 924 193 VULCANII
958 150 1219 191 EPISTOLA.

214 249 377 302 scriptis
398 248 671 291 concinnat-it.
695 250 815 288 Hunc
836 250 975 301 itaque
993 248 1210 300 Agathiam
1231 251 1471 302 scriptorem
1492 249 1619 288 lucum

213 312 508 361 lentissimum,
537 326 662 364 quem
691 312 790 350 olim
815 315 991 352 Persona
1016 312 1071 350 ita
1102 311 1300 351 lutularat
1333 327 1379 352 ac
1409 313 1612 352 deforma-

212 383 287 425 rat,
303 381 348 414 ut
370 376 613 428 quicunque
640 389 734 415 eum
758 377 978 428 attingeret
1000 375 1147 414 merito
1163 376 1438 416 exclamaret:
1453 377 1609 427 Aquam

211 440 413 483 mam'bus5
442 433 706 491 εὐπρόσωπον
731 440 1009 492 nitidioreque
1031 439 1178 479 habitu
1197 453 1218 477 a
1240 453 1304 479 me
1328 439 1524 478 donatum
1543 442 1610 476 iro-

209 503 295 551 bis,
325 502 510 541 Illustres
530 503 868 556 Amplissimique
890 503 980 543 Viri
997 532 1008 553 ‚
1039 503 1186 542 merito
1211 503 1523 542 inscribendum
1550 502 1612 541 di-

211 567 474 618 candumque
509 567 762 606 existimavi:
798 567 1002 620 primum,
1033 567 1146 619 quod
1173 581 1226 606 ex
1242 567 1320 606 hac
1345 573 1477 608 vestra
1499 567 1610 604 Aca-

209 630 343 668 demia
364 630 406 668 in
430 630 563 669 lucem
585 631 776 683 prodeat:
818 631 870 669 in,
888 644 969 682 qua
995 644 1125 683 quum
1147 631 1227 669 iam
1257 631 1461 671 tredecim
1484 629 1612 669 circi-

207 700 272 734 ter
302 708 432 733 annos
459 701 595 734 vestro
631 695 838 734 beneficio
875 695 1166 734 honestissimo
1193 695 1275 735 hoc
1309 695 1394 735 otio
1423 692 1609 734 literario

207 759 344 808 fruar,
383 758 654 797 vehementer
674 773 739 797 me
770 759 910 798 officio
936 773 1029 798 meo
1054 759 1295 798 defuturum
1320 758 1488 812 putavi,
1530 756 1610 795 nisi

207 823 349 862 darem
368 836 535 875 operam
561 828 605 860 ut
623 829 802 862 exstaret
819 823 1034 876 publicum
1056 823 1226 876 aliquod
1248 823 1474 876 singularis
1493 829 1608 860 meae

205 899 302 938 erga
325 899 397 926 vos
419 886 701 926 observantiae
719 886 906 939 gratique
925 887 1054 925 animi
1075 893 1411 926 monumentum:
1438 885 1606 934 deinde,

203 949 318 1001 quod
348 963 430 987 non
456 950 673 1003 indignum
704 950 822 989 vobis
851 950 931 990 hoc
958 951 1252 990 munusculum
1280 950 1506 989 literarium
1538 949 1607 987 in-

203 1012 406 1062 dicarem,
450 1027 544 1051 cum
568 1014 621 1052 ob
646 1013 860 1052 authorem
885 1014 1020 1068 ipsum
1049 1015 1122 1068 qui
1155 1015 1265 1068 apud
1292 1014 1434 1053 doctos
1463 1025 1606 1052 omnes

203 1090 363 1115 summo
397 1091 560 1130 semper
583 1077 663 1115 fuit
689 1080 730 1116 in
758 1078 924 1131 precio,
969 1085 1058 1118 tum
1090 1093 1189 1119 vero
1216 1079 1353 1132 magni
1383 1077 1498 1116 illius
1523 1078 1608 1115 lm-

201 1141 403 1194 peratoris
435 1141 551 1180 cuius
589 1141 805 1180 historiam
841 1142 985 1181 scribit
1013 1144 1206 1190 nomine;
1253 1143 1296 1181 in
1325 1157 1408 1195 qua
1437 1142 1607 1195 quidem

199 1204 372 1243 historia
397 1205 525 1243 multa
550 1205 869 1244 conscribuntur
900 1207 1109 1259 sapienter
1134 1207 1276 1245 abillo
1295 1206 1607 1260 prudenterque

202 1268 455 1320 excogitata,
493 1269 819 1322 felicissimeque
844 1271 1046 1323 perfecta;
1091 1285 1113 1309 e
1133 1270 1285 1323 quibus
1315 1269 1519 1309 nonnulla
1544 1269 1606 1307 uti

199 1346 322 1384 spero
351 1331 392 1370 in
423 1347 520 1371 usus
543 1340 700 1373 vestros
719 1340 962 1373 convertere
990 1335 1179 1388 poteritis
1200 1335 1251 1373 ad
1274 1333 1605 1373 florentissimam

198 1397 512 1448 Rempublicam
533 1404 708 1437 vestram
738 1398 1027 1438 stabiliendam
1055 1405 1097 1438 et
1127 1398 1307 1438 nominis
1339 1398 1465 1439 vestri
1491 1398 1605 1438 cele-

196 1460 408 1510 britatem,
452 1476 558 1513 quae
587 1476 727 1501 rerum
752 1477 829 1516 pro
859 1463 1048 1502 libertate
1091 1464 1247 1503 tuenda
1276 1469 1481 1517 gestarum
1515 1477 1605 1502 ma-

198 1525 417 1576 gnitudine
443 1525 568 1578 longe
601 1526 765 1579 lateque
796 1532 856 1566 est
880 1533 1117 1581 propagata,
1147 1528 1276 1580 magis
1296 1528 1508 1580 magisque
1530 1541 1606 1566 au-

198 1589 388 1642 gendam.
444 1590 548 1628 Mihi
577 1591 737 1629 interea
763 1591 870 1630 nihil
895 1592 1049 1644 gratius
1068 1592 1259 1630 accidere
1285 1593 1452 1645 poterit,
1480 1605 1606 1645 quam

198 1653 232 1693 si
251 1653 482 1705 intelligam
505 1654 688 1693 studium
714 1655 796 1694 hoc
821 1669 959 1693 meum
983 1655 1124 1703 vohis,
1167 1655 1358 1694 Illustres
1386 1657 1607 1710 Amplissi-

201 1716 343 1768 mique
365 1717 482 1765 Viri,
522 1718 714 1769 probari;
753 1732 1030 1770 magnumque
1058 1718 1160 1757 mihi
1186 1718 1466 1758 honorificum
1494 1719 1607 1759 iudi-

199 1780 309 1818 cium
342 1787 523 1819 vestrum
557 1781 694 1820 calcar
727 1782 934 1820 addiderit
967 1782 1017 1821 ad
1058 1783 1139 1821 alia
1176 1783 1220 1822 id
1253 1798 1385 1837 genus
1417 1790 1604 1824 veterum

199 1845 454 1882 Graecorum
488 1851 757 1883 monumenta
792 1859 814 1884 e
849 1845 1132 1886 Bibliothecae
1171 1861 1286 1886 meae
1316 1862 1430 1901 penu
1459 1848 1605 1901 depro-

200 1907 349 1946 menda
377 1914 418 1946 et
438 1907 584 1946 Latine
611 1908 812 1947 vertenda
838 1909 1092 1962 publicoque
1119 1912 1474 1954 communicanda,

308 1972 420 2010 Deus
449 1973 545 2024 Opt.
573 1973 682 2014 Max.
713 1973 902 2012 lllustres
930 1974 1270 2027 Amplissimique
1299 1976 1415 2024 Viri,
1446 1976 1603 2028 Reipu-

198 2036 333 2075 blicae
373 2035 547 2087 eiusque
587 2035 807 2075 seminario
834 2038 1082 2076 Academiae
1116 2051 1186 2077 vos
1220 2039 1603 2092 quam‘diutissime

200 2105 340 2140 servet
391 2099 636 2138 incolumes.
714 2101 910 2154 Lugduni
952 2100 1216 2163 Batavorum,
1263 2103 1386 2142 Anno
1433 2102 1600 2142 Domini

200 2164 433 2202 MDXCIV.
462 2163 638 2203 Kalend.
666 2163 884 2208 Ianuariis.

310 2246 408 2285 ILL.
440 2248 529 2289 DD.
561 2248 653 2289 VV.

1002 2302 1318 2342 Addictissimus

868 2378 1167 2418 Bomvnnruai
1198 2377 1447 2421 Vummus.

737 2505 875 2515 ——-
