1794 3112
249 146 266 180 1
279 147 349 180 ΟΟ
806 149 1079 195 AGATHIAE

47 247 84 286 Α.
98 247 133 280 C.
156 247 221 285 554
233 238 514 299 ἀγροικότερον
540 247 803 299 πεποιημένα.
857 242 1003 303 ἄνδρες
1033 252 1080 293 δὲ
1105 251 1311 308 σποράδην
1341 253 1535 308 ὄλιγιστοι
1551 256 1647 298 ἄνε-

98 294 122 339 ¹.
138 294 160 325 ¹
174 296 218 329 ²3
190 309 423 371 1)φαι’νοντο
448 309 691 363 σκυθρωποί
719 325 766 349 τε
800 324 906 363 aym>
939 312 1012 353 καί
1046 322 1262 370 κατηφεῖς,
1302 319 1376 358 καί
1407 335 1542 373 ωσπερ
1579 337 1646 361 τε·-

190 340 413 411 1)λεώτατα
439 373 494 427 τῷ
523 375 707 429 σφετέρη)
731 375 807 430 βίῳ
839 374 1112 429 απειρηκότες·
1137 378 1238 433 πρὸς
1277 379 1355 435 γὰρ
1389 388 1474 430 τοῖς
1504 378 1646 432 αλλοις

232 435 379 481 δεινοῖς
407 436 478 475 καί
512 432 623 476 ἅπαν
650 435 695 476 τὸ
733 436 953 515 ἐπιχώριον
987 436 1122 516 ϋσωρ,
1159 442 1233 495 την
1267 446 1344 484 τοῦ
1390 445 1644 500 ἀκραιφνοῦς

231 513 299 537 και
324 499 496 549 ποτᾴιου
522 497 648 553 φύσιν
669 498 823 554 ἀθρόον
844 502 1129 579 ἀφῃρημένον,
1158 506 1200 552 ἐς
1225 504 1270 545 τὸ
1298 506 1482 562 ἁλμυρὸν
1509 503 1670 563 ἤρε’μαό

231 562 302 601 καί
327 556 478 602 ἄποτον
508 565 786 617 μετεβέβλητο.
841 580 909 605 και
932 561 982 619 ἦν
1009 564 1172 608 α’παντα
1205 567 1253 609 τὰ
1276 571 1369 625 τῇδε
1395 573 1547 624 φευκτὰ
1569 573 1644 614 και

230 624 582 679 οἶνατετραμμενα,
611 626 665 676 ὡς
685 630 847 682 μηδὲν
833 630 968 683 ἕτερον
989 629 1290 686 ὑπολελεῖφθαι
1314 634 1361 688 τῇ
1392 633 1505 675 πόλει
1539 633 1640 690 πρὸς

226 689 472 741 ευκοσμιαν,
498 685 525 743 ἢ
544 689 671 741 μόνον
701 690 746 732 τὸ
770 691 926 734 κλεινὸν
945 695 1026 734 τῶν
1068 689 1425 748 Ἀσκληπιαδῶν”
1403 712 1532 748 ονομα
1570 701 1643 740 και

126 752 160 784 Ρ.
173 750 216 788 5⁴
227 749 301 805 τήν
322 752 388 806 ἐφ’
408 752 664 808 Ἱπποκράτει
695 758 994 809 μεγαλαυχίαν.
1039 757 1247 812 οικτείρειν
1266 761 1343 811 μὲν
1361 776 1436 801 ουν
1453 761 1504 801 τὰ
1525 762 1641 803 τοιά-

121 818 160 852 V.
173 821 217 863 39
227 817 270 856 δε
292 817 343 858 οὕ
363 813 508 871 πόρ’ῥω
530 821 604 858 τοῦ
616 819 874 874 ἀνθρωπείου
899 820 1052 875 τρόπου
1069 819 1173 863 εἶναι
1195 825 1316 874 δοκεῖ,
1345 822 1576 876 θαυμάζειν
1592 826 1690 869 δὲιο

225 881 404 932 ἀτεχνῶς
423 881 496 921 καὶ
515 885 880 937 καταπεπλῆχθαι,
899 882 1069 963 ἀνδρῶν
1099 881 1149 926 ἂν
1171 885 1232 940 εἴη
1265 884 1316 927 οὗ
1337 886 1451 939 μάλα
1485 887 1536 930 τὰ
1558 905 1640 930 πα-

223 942 322 984 λαια
346 946 648 998 επισταμένων,
668 943 805 988 ουὸεε
789 945 853 988 ότι
888 948 1005 989 ἐσαει
1027 952 1149 989 τοῦτο
1184 949 1234 1004 δὴ
1261 947 1305 990 τὸ
1329 953 1401 1004 τῆς
1433 948 1533 1005 ν’λης
1550 968 1638 1004 χω-

223 1008 313 1081 ριόν
334 1009 496 1049 ποικίλα
521 1008 750 1064 παθήματα
792 1011 1071 1063 ὑποδέχεσθαι
1105 1014 1274 1067 πέφυκε.
1327 1014 1520 1063 πολλάκις
1555 1030 1634 1069 γαρ

221 1065 300 1124 ἤδη
322 1088 390 1111 και
409 1070 606 1127 πρότερον
625 1071 761 1122 πόλεις
781 1090 823 1127 γε
845 1072 939 1116 όλαι
957 1079 1110 1132 σεισμῷ
1133 1077 1435 1134 ὁιεφθοίρησαν,
1464 1093 1520 1125 ως
1538 1093 1635 1126 τους

220 1134 435 1188 οἷρχαιῌους
446 1136 658 1192 οἰκήτορας
690 1137 978 1191 ἀποβαλοῦσαι
1006 1141 1081 1195 ὑφ’
1114 1138 1264 1196 ετέροις
1292 1145 1418 1190 αὖθις
1440 1142 1684 1188 οικισταῖςιό

222 1200 530 1254 ἀνορθωθῆναι.

330 1264 392 1314 ιζ’.
444 1264 505 1311 Αἱ
526 1267 624 1319 γοῦν
653 1266 846 1323 Τράλλεις
864 1269 888 1323 ἧ
915 1268 1041 1321 πόλις,
1065 1270 1092 1324 ἦ
1112 1269 1156 1311 ἐν
1177 1271 1226 1326 τῇ
1239 1271 1359 1326 Ἀσίᾳ
1389 1271 1461 1310 νῦν
1481 1273 1632 1311 καλου-

222 1330 323 1383 μένῃ
340 1329 458 1384 χώρᾳ
483 1326 614 1382 ἀγχοῦ
636 1347 715 1371 που
738 1335 812 1372 τοῦ
838 1330 1091 1387 Μαιάνδρου
1115 1335 1305 1384 ποταμοῦ
1329 1333 1552 1387 ἱδρυμένη,
1582 1331 1629 1373 τὸ

230 1394 307 1442 μὲν
329 1390 501 1433 παλαιὸν
519 1397 749 1446 Πελασγῶν
773 1397 933 1448 γέγονεν
956 1393 1146 1447 ἀποικία,
1173 1395 1254 1436 ὑπὸ
1276 1397 1322 1438 δὲ
1344 1394 1441 1444 τούς
1465 1395 1633 1449 Αὐγού-

185 1467 321 1498 Βστου
351 1456 566 1511 Καίσαρος
591 1458 768 1512 χρόνους
786 1460 954 1512 ἐσείσθη
975 1474 1018 1499 τε
1047 1457 1187 1500 ἅπασα
1212 1461 1282 1500 καί
1308 1459 1535 1513 ἀνετράπη,
1563 1461 1686 1509 καί20

311 1537 348 1568 6.
355 1535 588 1589 μεταβέβλητο
606 1537 642 1567 R.
716 1536 808 1580 7.τῇ
828 1535 935 1568 πόλει
959 1532 1054 1591 πρὸς
1071 1535 1147 1568 εῠκ.
1165 1537 1216 1575 R„
1234 1532 1330 1578 πρὸς
1348 1533 1426 1567 ευκ.
1434 1546 1463 1567 τ.
1484 1545 1522 1567 π.
1539 1536 1630 1579 vulg.

310 1582 342 1615 8.
363 1577 402 1611 τὸ
425 1581 574 1613 κλεινον
591 1592 664 1613 των
674 1568 798 1614 Ἀσκλ.
819 1582 869 1621 R„
886 1574 925 1614 τὸ
940 1584 1013 1613 τοῖν
1031 1579 1148 1613 Ἀσκλ.
1163 1581 1217 1612 κλ.
1233 1582 1322 1624 vulg.
1376 1592 1424 1624 ¹7·
1440 1581 1546 1624 ’Λσίᾳ
1563 1583 1634 1613 νῦν

311 1627 363 1665 R„
378 1625 447 1657 νῦν
466 1626 572 1669 Ἀσίιι
594 1627 686 1671 vulg.
810 1625 1141 1672 19.Paphlagones
1165 1625 1201 1663 h.
1225 1627 1248 1660 l.
1273 1625 1384 1659 habet
1409 1627 1540 1669 Intpr.,
1566 1626 1627 1659 sed

311 1671 403 1703 infra
418 1672 596 1715 Pelasgos.

224 1731 456 1764 domunculae
480 1733 637 1776 integrae
661 1732 821 1772 stabant,
859 1737 895 1765 et
919 1731 986 1764 hae
1009 1731 1153 1776 quidem
1179 1742 1251 1764 non
1276 1741 1366 1776 quae
1392 1742 1434 1764 ex
1459 1731 1552 1764 calce
1591 1737 1628 1765 et

223 1776 340 1819 lapide
368 1783 474 1820 atque
500 1788 543 1808 ex
566 1777 734 1810 solidiore
758 1779 876 1822 aliqua
901 1779 1081 1822 magisque
1111 1778 1206 1810 firma
1234 1783 1270 1810 et
1293 1777 1468 1817 durabili,
1489 1778 1541 1810 uti
1562 1789 1626 1821 par

223 1827 288 1862 cst,
313 1824 459 1854 materia
484 1828 587 1854 erant
610 1829 782 1863 sti-‚uctac
807 1822 868 1855 sed
894 1829 1028 1854 tantum
1047 1834 1142 1868 quae
1169 1823 1342 1856 exlatere
1365 1833 1437 1854 non
1462 1828 1563 1855 cocto
1590 1827 1627 1854 et

222 1877 265 1898 ex
299 1869 421 1912 argilla
454 1873 623 1911 agrestem
661 1869 698 1900 in
731 1868 874 1901 modum
903 1874 1004 1901 erant
1037 1868 1236 1900 fabricatae.
1294 1868 1499 1900 Paucissimi
1541 1879 1624 1900 vero

221 1913 368 1955 sparsim
391 1913 551 1946 homiues
576 1914 828 1966 comparebant
850 1914 943 1946 tristi
975 1913 1162 1946 admodum
1189 1913 1412 1957 demissoque
1436 1913 1553 1952 vultu,
1591 1918 1628 1945 et

220 1959 332 1990 veluti
364 1965 518 1991 extreme
553 1959 597 1991 de
634 1959 706 1991 vita
733 1971 795 1991 sua
826 1958 1063 2002 desperantes.
1122 1959 1261 1991 Praeter
1296 1959 1365 1990 alia
1405 1959 1500 1991 enim
1534 1958 1627 1990 mala

222 2005 334 2036 omnis
355 2006 461 2037 etiam
484 2004 594 2037 totius
617 2004 741 2048 oppidi
767 2015 875 2049 aqua,
910 2015 998 2048 pura
1022 2015 1061 2036 ac
1098 2005 1233 2036 sincera
1252 2003 1476 2048 potabilique
1500 2008 1627 2036 natura

221 2050 408 2081 confestim
432 2050 592 2088 sublata,
619 2050 830 2093 salsuginem
854 2051 984 2082 sensim
1005 2055 1235 2088 contraxerat,
1263 2055 1299 2081 et
1321 2051 1423 2092 potui
1441 2060 1513 2081 non
1539 2054 1625 2090 erat·

220 2095 410 2139 omniaque
445 2094 497 2127 ibi
530 2094 745 2127 horrendum
781 2096 819 2127 in
855 2094 998 2127 modum
1022 2095 1186 2127 subversa
1211 2094 1443 2132 videbantur,
1473 2093 1561 2126 adeo
1585 2098 1627 2126 ut

218 2138 312 2171 nihil
349 2140 480 2183 oppido
516 2139 560 2172 ad
592 2144 836 2172 ornamentum
862 2141 991 2184 reliqui
1027 2141 1157 2172 sactum
1190 2146 1301 2180 esset,
1342 2144 1479 2183 praeter
1511 2140 1625 2172 solum

218 2182 506 2228 Asclepiadarum
538 2185 675 2219 illustre
709 2196 838 2218 nomen
873 2191 909 2218 et
942 2186 1116 2228 insignem
1156 2185 1380 2229 Hippocratis
1418 2185 1456 2218 in
1481 2195 1522 2217 eo
1550 2185 1625 2217 nati

217 2230 372 2306 gloriam.
421 2230 736 2263 Commiseratione
762 2233 883 2274 itaque
906 2231 1026 2263 harum
1053 2241 1167 2262 rerum
1192 2231 1273 2263 duci
1298 2242 1370 2262 non
1397 2231 1556 2262 alienum
1577 2230 1622 2262 ab

244 2285 369 2308 umano
399 2287 495 2308 more
522 2275 682 2307 videtur:
707 2276 871 2308 admirari
896 2287 977 2308 vero
1003 2275 1229 2308 vehementer
1254 2281 1290 2308 et
1312 2276 1480 2319 percelli,
1505 2275 1623 2308 homi-

217 2330 303 2352 num
330 2321 453 2359 fuerit,
477 2321 538 2364 qui
562 2326 718 2352 veterum
752 2332 867 2353 rerum
889 2332 1010 2364 parum
1036 2326 1117 2352 sunt
1143 2322 1261 2364 periti,
1281 2323 1421 2374 'quique
1445 2321 1622 2360 nesciunt,

216 2365 312 2410 quod
336 2365 424 2398 haec
446 2371 559 2398 terrae
583 2367 679 2408 regio
704 2378 765 2398 sua
790 2372 912 2398 natura
935 2371 1107 2410 perpetuo
1141 2367 1253 2398 varias
1278 2367 1316 2398 in
1346 2377 1382 2398 se
1418 2367 1620 2398 affectiones

215 2411 391 2454 suscipere
415 2412 535 2444 soleat.
571 2411 791 2455 Frequenter
814 2413 908 2444 enim
937 2413 1041 2444 etiam
1067 2411 1212 2443 antehac
1238 2412 1342 2443 urbes
1367 2412 1522 2455 integrae
1546 2416 1621 2443 ter-

214 2466 271 2488 rae
290 2461 388 2489 motu
413 2457 606 2500 perierunt,
631 2456 718 2488 adeo
743 2461 783 2488 ut
805 2457 982 2490 veteribus
1007 2457 1135 2490 incolis
1162 2462 1286 2489 exutae
1311 2457 1355 2489 ab
1379 2457 1458 2489 aliis
1485 2466 1620 2488 rursum

214 2501 458 2534 conditoribus
482 2503 553 2534 sint
572 2501 798 2534 instauratae.

306 2558 355 2590 ¹7·
404 2547 540 2579 Tralles
565 2547 684 2590 itaque
711 2547 816 2586 urbs,
847 2547 884 2579 in
908 2546 989 2580 Asio
1021 2558 1116 2580 nunc
1154 2547 1204 2579 ita
1242 2546 1336 2579 dicto
1371 2555 1492 2588 campo
1521 2545 1620 2578 iuxta

209 2590 442 2624 Maeandrum
464 2591 608 2624 fluvium
633 2592 723 2632 sita,
751 2592 837 2625 olim
859 2591 1004 2637 quidem
1031 2593 1254 2636 Pelasgorum
1279 2591 1417 2624 colonia
1442 2590 1525 2630 fuit,
1551 2590 1618 2622 sub

211 2633 358 2679 Augusti
381 2648 464 2670 vero
499 2637 655 2670 Caesaris
678 2643 834 2681 tempora
857 2642 970 2671 terrae
990 2644 1087 2670 motu
1115 2644 1290 2689 quassata
1297 2641 1350 2669 est
1373 2641 1410 2668 et
1434 2635 1622 2675 subversa,

214 2680 377 2725 nihilque
415 2683 452 2716 in
488 2694 528 2716 ea
558 2683 734 2727 integrum
768 2683 939 2718 relictum.
998 2683 1139 2726 Oppido
1172 2694 1254 2716 vcro
1280 2682 1318 2714 in
1349 2680 1446 2714 hunc
1472 2680 1618 2715 modum

1541 2779 1551 2796 t
