1794 3112
594 112 972 156 HISTORIARUM
1021 115 1074 154 11.
1104 116 1170 159 30.
1500 112 1518 147 1
1532 93 1564 148 3
1578 113 1597 147 1

156 219 570 276 ρήσασθαιπλῆθος,
599 214 673 258 καί
693 215 828 271 κοινῆς
852 216 1108 269 μεταδοῦναι
1123 215 1347 271 τραπέζης,
1375 211 1449 255 καί
1469 212 1606 269 ἀπάρ-
1623 221 1666 257 Α.
1685 221 1724 254 C.
1741 221 1794 256 552

158 287 313 338 ξασθαι
349 282 616 340 φιλοτησίας,
672 276 789 323 οὔπω
826 283 952 323 τοῦτο
992 283 1054 323 ἐπ’
1084 276 1196 339 ἄλλῳ
1229 296 1285 338 τῳ
1323 281 1606 335 γεγενημένον,
1621 269 1746 305 1·I·²8

156 347 431 402 ὖπὸμνυσθαί
444 363 488 389 τε
511 346 708 396 πολλάκις
727 343 757 402 ἦ
783 346 868 402 μην
893 347 1106 389 οὐπώποτε
1130 345 1287 389 τοιόνδε
1308 341 1446 401 ἄνδρα
1472 342 1609 401 ἑωρα-

157 415 287 457 κέναι.
325 413 459 455 καίτοι
495 412 692 469 πρότερον
726 412 924 469 ἀρίστους
957 413 1015 462 ὥς
1037 409 1204 468 ἀληθῶς
1225 413 1418 453 ἐτεθέατο
1443 407 1613 467 φιλοσό-

131 481 287 536 Ξφονς,
324 480 493 521 ἐνθένδε
516 478 573 528 ὥς
599 475 724 520 αὐτὸν
751 475 1046 535 ἀφικομένους.
1087 477 1138 518 ου’
1163 478 1300 534 πολλῷ
1334 475 1415 531 γάρ
1452 475 1612 532 ἐμπρο-

156 547 263 588 σθεν
281 542 528 598 Δαμάσκιος
552 544 575 585 ὅ
602 544 736 600 Σύρος
755 543 829 585 καί
848 545 1090 596 Σιμπλιὸειος
1113 539 1133 583 ὃ
1154 541 1304 594 Κίλιξ,
1331 538 1538 594 Εὖλάμιός
1569 556 1615 583 τε

156 609 180 653 ὅ
203 609 347 666 Φρὺξ,
390 612 462 651 καί
485 609 748 666 Πρισκιανὸς
772 609 793 652 ὃ
823 608 995 661 Λυδὸς,
1028 607 1222 664 Ἑρμείας
1246 624 1290 650 τε
1314 606 1386 648 καί
1404 607 1640 661 ΔιογένηςΒ

158 674 199 718 οἱ
227 677 274 718 ἐκ
300 677 509 731 Φοινίκης,
538 676 611 717 καί
645 676 866 731 Ἰσίδωρος
891 674 915 715 ὅ
937 676 978 716 Γ
975 675 1120 724 αζαῖος
1128 708 1140 726 ,
1171 667 1283 715 οὗτοι
1307 671 1356 728 δὴ
1384 668 1460 714 οὖν
1481 669 1617 713 ἅπαν-

157 759 226 793 τες
246 740 292 785 τὸ
322 739 449 798 ἄκρον
476 738 636 795 ἄωτον,
665 739 769 783 κατὰ
797 739 874 795 τὴν
902 740 1093 795 ποίησιν,
1122 741 1206 782 τῶν
1229 740 1274 781 ἐν
1300 741 1357 796 τῷ
1380 741 1478 780 καθ’
1506 737 1616 792 ἡμᾶς

111 807 298 866 ιοχρὸνῳ
322 805 711 864 φιλοσοφησάντων,
734 804 878 860 ἐπειδὴ
903 804 1060 855 αὐτούς
1079 805 1104 860 ἦ
1121 803 1238 861 παρὰ
1267 805 1491 857 Ῥωμαίοις
1513 820 1618 860 κρα-

156 875 286 916 τοῦσα
309 871 383 914 ἐπὶ
405 874 462 929 τῷ
482 873 684 928 κρείττονι
716 871 813 923 δόξα
848 872 922 912 οὐκ
948 866 1146 927 ἤρεσκεν,
1186 867 1312 928 ᾤοντό
1335 885 1379 911 τε
1400 867 1475 925 τὴν
1498 872 1618 925 Περ-

152 938 279 995 ’σικὴν
309 940 518 980 πολιτείαν
554 939 703 995 πολλῷ·
733 934 841 979 εἶναι
877 936 1090 990 ἀμείνονα·
1131 936 1295 986 τούτοις
1328 934 1378 990 δὴ
1410 941 1496 984 τοῖς
1536 932 1617 976 ὑπὸ

156 1008 240 1049 τῶν
268 1005 431 1047 πολλῶν
454 1005 769 1062 περιᾳδομένοις
796 1003 1172 1055 ἀναπεπεισμένοι,
1213 1003 1269 1052 ὣς
1298 1001 1363 1057 εἴη
1396 1004 1495 1057 παρ’
1513 1001 1619 1042 ἐκεί-

158 1083 244 1121 νοις
269 1067 526 1112 δικαιότατον
555 1071 635 1122 μὲν
669 1066 714 1110 τὸ
744 1064 901 1124 ἄρχον,
943 1068 1016 1110 καί
1042 1068 1182 1110 ὁποῖον
1209 1065 1317 1110 εἶναι
1342 1068 1362 1110 ὃ
1387 1067 1619 1116 Πλάτωνος

110 1135 353 1190 ιόβούλεται
378 1134 521 1189 λόγος,
567 1135 820 1190 φιλοσοφίας
845 1150 889 1175 τε
913 1132 987 1175 καί
1012 1132 1230 1188 βασιλείας
1255 1135 1298 1183 ἐς
1327 1130 1455 1175 ταύτὸ
1478 1135 1620 1182 ξυνελ-

158 1197 341 1256 θούσης,
380 1202 550 1256 σῶφρον
578 1201 626 1241 δὲ
655 1200 698 1250 ἐς
728 1198 779 1241 τὰ
806 1197 988 1251 μάλιστα
1018 1201 1091 1241 καί
1117 1198 1287 1252 κόσμιον
1319 1197 1365 1240 τὸ
1389 1196 1654 1253 κατήκοον,0

159 1264 235 1307 καὶ
264 1261 357 1308 οὔτε
390 1267 528 1321 φῶρες
559 1263 790 1321 χρημάτων
800 1299 813 1318 ,
847 1259 940 1307 οὔτε
965 1262 1148 1321 ἅρπαγες
1182 1262 1466 1321 ἀναφύονται,
1510 1260 1621 1318 ἀτὰρ

161 1327 263 1373 οὖδὲ
287 1329 363 1387 τὴν
386 1326 514 1386 ἄλλην
542 1331 748 1384 μετιόντες
771 1331 964 1383 ἀδικίαν,
1013 1327 1103 1372 ἀλλ’
1128 1331 1168 1372 εἰ
1188 1329 1264 1371 καί
1289 1347 1330 1371 τι
1358 1332 1440 1372 τῶν
1471 1328 1622 1381 τιμίων

161 1394 382 1451 κτημάτων
413 1397 460 1438 ἐν
489 1394 698 1453 ὃτῳδηοῢν
716 1396 844 1453 χώρῳ
876 1396 1116 1453 ἐρημοτάτῳ
1142 1397 1457 1452 καταλειφθείη,
1489 1395 1622 1451 ἀφαι-

106 1467 296 1518 ῃορεῖται
318 1457 426 1510 ὅστις
453 1461 591 1511 οὐδεὶς
615 1462 698 1503 τῶν
724 1460 1070 1516 ἐντυγχανόντων,
1099 1464 1217 1514 μένει
1244 1463 1290 1503 δὲ
1311 1459 1455 1513 οὕτως,
1483 1462 1523 1502 εἰ
1544 1462 1722 1510 καίν,5ο

161 1527 404 1583 ἀφύλακτον
424 1521 452 1584 ᾗ
462 1561 475 1580 ,
499 1525 732 1580 σωζόμενον
760 1529 818 1583 τῷ
838 1527 1039 1569 λελοιπότι
1058 1526 1142 1570 ἔστ’
1154 1523 1203 1569 ἂν
1225 1526 1437 1582 ἐπανήκοι·
1463 1526 1625 1581 τούτοις

163 1591 214 1650 δὴ
238 1587 312 1636 οὖν
339 1591 398 1642 ὥς
422 1593 624 1648 ἀληθέσιν
646 1593 856 1649 ἀρθέντες,
884 1591 957 1634 καὶ
983 1592 1083 1647 πρός
1102 1609 1147 1647 γε
1176 1593 1454 1649 ἀπειρημένον
1483 1594 1626 1643 αὐτοῖς

161 1660 209 1702 ἐκ
240 1660 324 1702 τῶν
351 1657 487 1712 νόμων
515 1659 648 1708 ἀδεῶς
679 1660 865 1701 ἐνταῦθα
893 1657 1268 1712 ἐμπολιτεύεσθαι,
1315 1659 1372 1708 ὥς
1401 1660 1458 1716 τῷ
1490 1662 1622 1700 καθε-

257 1747 288 1780 3.
312 1741 760 1791 μὴνΒ.ιυςᾱ.(ΟΙ.),μὲν
787 1743 866 1777 edd.
916 1745 950 1778 6.
975 1743 1189 1778 Eulamium
1217 1755 1341 1777 omnes
1367 1749 1508 1777 vocant.
1565 1756 1618 1778 10.

256 1792 389 1828 αὐτοῖς
412 1792 452 1825 R.
549 1803 604 1825 20.
631 1789 751 1827 οὕτως
776 1791 827 1831 R„
853 1790 952 1823 οὕτω
966 1788 1058 1835 vulg.
1156 1802 1216 1824 22.
1252 1787 1322 1824 οὖν
1347 1802 1415 1824 om.
1442 1791 1480 1824 R.

166 1871 326 1895 mensam
347 1859 581 1899 admitteret,
612 1863 648 1891 et
676 1863 804 1903 patera
834 1857 1038 1903 praelibata
1068 1860 1103 1891 ei
1134 1858 1367 1903 propinaret,
1401 1858 1498 1904 quod
1527 1859 1621 1891 nulli

166 1912 272 1941 antea
301 1907 408 1940 alteri
443 1906 644 1947 factitarat3
664 1906 885 1951 'frequenter
912 1906 1021 1938 etiam
1057 1905 1193 1938 iuraret
1224 1917 1262 1938 se
1293 1916 1479 1950 nunquam
1512 1906 1622 1938 talem

167 1955 284 1987 virum
303 1953 459 1994 vidisse,
484 1952 630 1986 tametsi
648 1957 755 1985 antea
770 1953 1101 1997 praestantissimos
1114 1963 1235 1985 revera
1252 1951 1490 1996 philosophos
1507 1951 1623 1984 vidis·
1643 1972 1647 1976 -

171 2006 248 2039 aet,
274 2001 338 2046 qui
372 1999 460 2034 hinc
488 1999 534 2033 ad
558 2009 640 2032 eum
669 2010 706 2031 se
733 1999 985 2032 contulissent.
1036 1999 1144 2031 Paulo
1177 1999 1275 2031 enim
1309 2004 1393 2030 ante
1415 1998 1623 2031 Damascius

172 2047 279 2090 Syrus
295 2071 305 2086 ‚
331 2052 369 2079 et
394 2046 602 2091 Simplicius
618 2046 738 2084 Cilix.
764 2052 801 2078 et
830 2045 1014 2078 Eulamius
1042 2044 1167 2087 Phryx,
1197 2051 1234 2078 et
1254 2046 1453 2078 Priscianus
1478 2044 1624 2088 Lydius,

170 2093 331 2127 Hermias
361 2104 404 2126 ue
429 2099 466 2126 et
490 2093 672 2138 Diogenes
704 2092 916 2132 Phoenices,
942 2097 978 2124 et
1004 2092 1162 2124 Isidorus
1193 2092 1373 2131 Gazaeus,
1402 2091 1440 2124 hi
1474 2093 1623 2136 inquam

171 2151 314 2180 omnes,
334 2104 398 2174 gos
418 2140 497 2185 ipse
518 2145 629 2185 atque
659 2150 761 2184 apex,
787 2144 828 2171 ut
862 2139 1006 2183 poetice
1038 2139 1188 2184 loquar,
1214 2139 1328 2171 nostri
1352 2138 1430 2172 aevi
1458 2137 1624 2182 philoso—

170 2185 338 2231 phorum,
365 2197 447 2220 cum
481 2187 568 2231 ipsis
592 2187 719 2230 opinio
753 2185 798 2218 de
823 2186 914 2225 Deo,
942 2195 1036 2230 quae
1059 2184 1155 2230 apud
1178 2186 1354 2227 Romanos
1374 2185 1529 2229 vigebat,
1548 2196 1622 2218 non

172 2233 257 2266 satis
276 2231 512 2278 probaretur,
538 2232 795 2266 existimabant
821 2233 998 2265 Persicam
1022 2231 1254 2276 disciplinam
1276 2233 1381 2277 longe
1405 2243 1482 2265 esse
1514 2243 1620 2276 prae-

172 2280 398 2319 stantiorem,
421 2277 521 2312 hisce
538 2279 710 2312 videlicet
728 2279 849 2318 rebus,
871 2289 963 2324 quae
986 2290 1006 2310 a
1026 2279 1150 2311 multis
1172 2278 1413 2320 celebrantur,
1439 2279 1620 2322 persuasi:

172 2325 272 2372 quod
291 2325 389 2370 apud
410 2325 494 2358 illos
514 2325 738 2371 principatus
760 2326 808 2358 sit
829 2326 1062 2365 iustissimus,
1093 2331 1130 2358 et
1151 2326 1293 2371 qualem
1317 2326 1416 2358 Plato
1438 2325 1623 2361 describit,

172 2371 408 2418 philosophia
433 2377 470 2405 et
491 2383 599 2418 regno
623 2373 662 2405 in
691 2382 805 2405 unum
847 2371 1099 2416 conspirante3
1136 2372 1243 2415 probi
1276 2384 1360 2405 vero
1391 2373 1558 2416 inprimis
1589 2377 1625 2405 ct

178 2418 334 2452 modesti
359 2417 521 2461 subditi3
550 2425 587 2452 et
605 2430 725 2463 neque
746 2418 840 2451 fures
863 2419 916 2451 ibi
938 2424 1155 2456 nascuntur,
1181 2430 1302 2465 neque
1320 2418 1534 2463 praedoneS,
1561 2419 1625 2451 sed

172 2477 239 2498 nec
262 2465 351 2497 alias
375 2463 576 2498 iniustitiae
598 2467 733 2509 species
756 2471 1035 2509 perpetrantem
1061 2465 1151 2498 adeo
1182 2471 1222 2498 ut
1245 2467 1273 2498 si
1299 2465 1379 2511 quis
1410 2464 1551 2509 aliquid
1581 2476 1624 2497 ex

170 2511 279 2544 rebus
307 2512 380 2543 suis
404 2511 572 2555 pretiosis
594 2512 675 2545 loco
699 2513 928 2558 quantumvis
947 2511 1088 2545 deserto
1111 2513 1318 2558 reliquerit,
1346 2523 1453 2544 nemo
1489 2513 1552 2554 qui
1586 2512 1625 2544 iu

171 2557 212 2591 id
232 2556 422 2597 inciderit,
447 2558 495 2589 sit
517 2556 738 2598 sublaturus,
763 2564 885 2592 manet
910 2569 992 2591 vero
1015 2559 1077 2596 ita,
1112 2559 1253 2592 etiamsi
1274 2557 1534 2591 incustoditum
1556 2558 1625 2595 sit,

171 2603 350 2650 integrum
373 2604 407 2637 ei
433 2602 498 2648 qui
528 2603 700 2649 reliquit,
733 2603 848 2638 donec
878 2605 1022 2638 redeat:
1059 2605 1115 2638 his
1156 2607 1278 2649 itaque
1311 2604 1418 2637 rebus
1457 2609 1497 2636 ut
1530 2604 1623 2636 veris

173 2651 301 2692 exciti,
338 2655 375 2684 et
403 2655 590 2696 praeterea
622 2662 704 2684 cum
731 2650 819 2695 ipsis
849 2651 1087 2685 interdictum
1119 2657 1213 2684 esset
1239 2651 1382 2695 legions
1413 2661 1536 2683 secure
1563 2649 1624 2682 hic

175 2695 315 2743 degere,
340 2697 478 2745 quippe
494 2697 558 2742 qui
578 2697 735 2743 receptis
753 2697 913 2731 moribus
935 2703 1046 2743 atque
1074 2697 1254 2731 institutis
1275 2707 1351 2730 sese
1378 2708 1452 2738 non
1485 2707 1622 2730 accom-
