1794 3112
992 58 1007 69 ο

528 131 905 176 fllsromARUM
941 133 993 173 11.
1020 137 1089 177 21.
1466 127 1484 162 1
1497 125 1571 179 09

131 240 282 290 ἔθνους
311 238 396 280 τῶν
438 234 635 288 Τζάνων,
674 232 788 291 παρὰ
821 233 1055 286 “Ρωμαιόις
1093 232 1140 275 δὲ
1166 230 1474 287 τεθραμμένος,
1504 224 1746 275 καιἌ.Ο5ἴιῑ

131 301 211 362 ἤδη
238 302 284 347 τὸ
307 299 564 358 βαρβαρικὸν
593 302 669 343 τοῦ
688 298 864 356 τρόπου,
894 301 933 341 εἰ
955 297 1028 339 καί
1047 296 1223 353 πάτριον
1247 291 1310 351 ἦν,
1340 295 1578 337 damnvm-¹*
1599 278 1661 311 LI·
1680 282 1724 317 2.ss

130 370 311 424 σάμενος
337 368 410 410 καί
437 370 481 417 ἐς
505 366 553 409 τὸ
587 365 856 409 ἅστειότατον
880 361 1218 418 μετακοσμήσας.
1260 357 1382 410 οὗτος
1413 359 1463 415 δὴ
1499 353 1574 402 οὖν

132 435 159 478 ὅ
189 434 413 491 Θεόδωρος
446 431 533 487 ἅμα
554 435 606 490 τῇ
644 425 773 490 οἰκεία
811 430 1015 484 δυνάμει,
1048 430 1228 486 (εἵποντο
1253 426 1333 484 γὰρ
1376 427 1492 484 αὐτῷ
1525 422 1610 470 0ὗο

100 502 276 555 ὄμείους
307 495 333 555 ἢ
362 497 625 541 πεντακόσιοι
648 494 798 554 ἄνδρες
826 498 909 539 τῶν
949 494 1210 552 ὄμοφύλων,)
1250 490 1366 549 ἀμφὶ
1393 491 1573 547 Τηλεφιν

125 565 189 609 ἔτι
213 563 475 621 ἐμεμενήκει,
513 566 730 620 εἰρημένον
760 563 874 621 αὐτῷ
897 560 977 604 ὑπὸ
1003 561 1242 616 ΠῚαρτίνου,
1274 557 1333 614 μὴ
1374 557 1574 614 πρότερον

124 633 302 675 ἐνθένδε
321 632 542 687 χωρῆσαι,
567 631 666 686 πρὶν
697 625 750 672 ἂν
781 628 980 670 &adamo
1012 623 1201 675 ἅπαντας
1226 623 1324 673 τούς
1351 623 1576 676 πολεμίους

122 696 462 752 εἷσβεβληκότας,
490 696 650 738 εἰκάσοι
687 711 731 738 τε
759 692 926 746 αὕτούς,
955 691 1011 742 ὥς
1050 691 1230 746 ἔνεστιν,
1254 687 1346 734 ὅσοι
1370 687 1475 743 εἶεν,
1503 687 1578 729 καὶ

121 764 236 819 γνοίη
280 759 393 812 ὅπως
431 761 601 816 ἔχουσιν
624 759 756 817 ὄρμῆς
773 776 818 802 τε
848 759 922 802 καί
937 757 1114 815 γνώμης.

72 843 121 870 ιο
232 826 308 870 κοί.
361 830 420 870 ‘O
446 829 505 881 δὲ,
529 822 601 883 (ἦν
620 825 699 883 γάρ
725 828 767 875 ἐς
789 822 954 867 ἅπαντα
982 820 1231 881 δραστήριός
1247 837 1292 863 τε
1307 820 1380 863 καί
1401 818 1574 876 θαῤῥα-

119 894 245 951 λέος,)
275 893 349 935 καί
374 891 425 948 δη
445 891 549 935 κατὰ
573 894 709 934 ταῦτα
730 893 872 933 ἐποίει·
902 890 976 932 καί
993 888 1098 943 εἶτα,
1123 886 1267 943 ἐπειδη
1289 885 1474 943 παρόντα
1489 882 1574 926 εἶδε

118 957 171 1001 τὰ
201 957 342 1014 πλήθη
365 961 448 1000 τῶν
479 960 662 1014 Περσῶν
687 955 801 1008 ἐντὸς
831 959 911 999 τοῦ
941 954 1146 1013 φρουρίου
1171 988 1184 1007 ,
1217 953 1320 1008 ἔγνω
1347 969 1391 995 τε
1415 947 1573 998 αὐτούς

120 1023 170 1065 οὗ
191 1024 320 1079 μέχρι
349 1024 470 1064 τοῦδε
493 1024 795 1078 στησομένους,
835 1019 942 1063 ἀλλὰ
968 1019 1044 1062 καί
1081 1019 1248 1076 σφόδρα
1276 1017 1572 1074 πολεμησείον-

118 1079 216 1142 τας,
246 1089 400 1130 αὐτίκα
425 1082 572 1147 ᾤχετο.
602 1087 740 1144 εῧρών
773 1089 820 1129 δὲ
843 1085 947 1129 κατὰ
974 1084 1050 1142 τήν
1077 1086 1251 1142 πορείαν
1283 1083 1462 1132 πολλοὺς
1491 1083 1574 1124 τῶν

70 1154 344 1210 ι5εΡωμαάον
368 1154 444 1195 οὐκ
466 1151 865 1210 εὗθυδρομήσαντας
878 1153 921 1203 ἐς
931 1150 983 1194 τὰ
996 1150 1291 1208 Χυτροπώλια,
1305 1145 1406 1206 ᾗπερ
1422 1144 1568 1195 αὐτοῖς

117 1220 380 1272 διετέτακτο,
420 1214 513 1260 ἀλλ’
552 1221 597 1262 ἐν
631 1219 829 1274 οἰκήμασι
862 1220 1069 1270 Λαζικοῖς
1103 1215 1462 1271 εἰσπηδήσαντας,
1494 1214 1611 1257 καίΙ)

117 1285 459 1341 ἀφαιρουμένους
481 1283 637 1338 ἔλυμόν
658 1300 700 1327 τε
725 1285 798 1327 καί
819 1283 935 1337 ζειὰς
960 1286 1035 1326 καί
1054 1277 1162 1325 ἄλλα
1190 1279 1293 1324 ἅττα
1318 1283 1400 1323 τῶν
1422 1280 1573 1321 ἐδωδί-

117 1367 225 1404 μων,
256 1347 504 1392 ἀπελαύνειν
529 1366 574 1392 τε
598 1349 754 1401 αὐτοὺς
777 1352 971 1407 ἐπειρᾶτο
993 1349 1067 1391 καί
1086 1351 1374 1404 κατεμέμφετο
1399 1348 1471 1402 τῆς
1489 1363 1573 1387 πα·-

117 1418 303 1471 ρανοίας,
332 1413 388 1465 ὥς
415 1412 491 1457 οὔκ
516 1414 681 1464 εἰδότας
706 1411 836 1472 οὗπερ
867 1413 1147 1470 τυγχάνουσιν
1173 1409 1285 1461 ὄντες
1307 1414 1447 1454 κακοῦ.
1479 1407 1572 1452 ὅσοι

65 1482 201 1533 Άομὲν
239 1476 313 1523 οὖν
336 1476 446 1536 ἦσαν
473 1481 614 1523 αὐτῶν
657 1480 704 1522 οὗ
738 1482 834 1523 λίαν
862 1483 995 1535 λίχνοι
1023 1497 1068 1522 τε
1095 1482 1168 1522 καί
1199 1478 1430 1532 ἀκόλαστοι,
1461 1472 1572 1520 οὗτοι

117 1546 163 1587 δὲ
182 1543 497 1598 μεταμαθόντες
541 1544 588 1587 τὸ
621 1548 737 1603 λῷον,
767 1544 1006 1598 ξυνείποντό
1030 1562 1073 1587 τε
1102 1544 1214 1602 αὐτῷ
1235 1544 1308 1586 καί
1321 1542 1453 1599 βάδην
1469 1544 1571 1584 ἀπε-

115 1612 361 1664 κομίζοντο·
407 1610 512 1666 πλην
549 1607 643 1655 ἀλλ’
674 1608 723 1653 οὗ
749 1613 965 1668 γεγένηται
991 1610 1114 1667 χώρα
1150 1612 1207 1669 τῷ
1236 1607 1440 1668 Θεοδώρῳ
1468 1625 1570 1664 σχο-

208 1690 241 1724 5.
265 1687 287 1732 ἢ
314 1687 563 1724 πεντακόσιοι
584 1708 632 1716 -—-
664 1690 854 1736 πρότερον
878 1689 1033 1724 ἐνθένδε
1058 1700 1127 1723 om.
1151 1691 1189 1723 R.
1206 1714 1215 1729 ‚
1239 1688 1388 1722 lacunae
1403 1689 1504 1733 signo
1529 1690 1569 1722 in

206 1738 366 1782 margine
387 1737 522 1781 posito.
604 1736 1029 1783 15.ευ’θυδραμη’σαντας
1047 1737 1084 1768 R.
1162 1748 1210 1780 ¹7·
1240 1745 1278 1768 τε
1303 1737 1342 1771 R.
1368 1736 1498 1779 Luget,
1523 1745 1569 1780 γε

209 1783 288 1817 edd.
345 1784 396 1817 18.
421 1784 633 1830 παρανοίας
657 1784 710 1824 Β.,
734 1786 940 1828 παροινίας
964 1785 1063 1828 vulg.
1142 1794 1198 1816 20.
1231 1778 1328 1824 ἦσαν
1351 1788 1388 1815 et
1417 1781 1465 1814 οιῖ
1483 1784 1569 1816 λίαν

207 1829 292 1865 add.
314 1841 366 1863 ex
402 1829 439 1862 R.
468 1836 506 1863 et
538 1831 652 1874 Intpr.
676 1830 743 1878 qui
765 1831 874 1876 gulae
903 1839 1013 1865 erant
1029 1841 1106 1864 non
1124 1827 1316 1864 admodum
1335 1828 1464 1864 dediti.
1512 1841 1568 1864 21.

206 1874 247 1910 δὲ
268 1875 555 1922 μεταμαθόντες
580 1879 632 1918 R„
659 1874 704 1918 δί)
730 1876 924 1923 μαθόντες
946 1878 1039 1922 vulg.

115 1940 313 1980 Zanorum,
339 1938 404 1973 sed
431 1939 524 1983 apud
551 1940 730 1973 Romanos
767 1939 961 1981 educatus,
995 1939 1133 1986 quique
1158 1938 1230 1972 iam
1258 1937 1464 1972 barbaricos
1486 1949 1567 1972 mo-

117 1996 185 2026 res,
210 1987 355 2019 tametsi
380 1985 491 2030 patrii
517 1991 630 2027 erant,
658 1991 807 2020 exuerat
832 1991 869 2019 et
896 1986 942 2019 ad
970 1997 1142 2020 summam
1167 1986 1413 2018 urbanitatem
1440 1985 1566 2018 tradu-

115 2037 226 2066 xerat.
275 2032 343 2066 Hie
377 2033 504 2079 itaque
543 2032 757 2067 Theodorus
792 2044 872 2066 cum
909 2045 973 2066 suo
1012 2033 1153 2078 agmine
1177 2032 1440 2078 (sequebantur
1468 2033 1566 2065 euim

115 2079 234 2122 ipsum
255 2090 330 2112 non
367 2081 553 2124 pauciores
592 2079 800 2125 quingentis
835 2090 920 2112 suae
955 2081 1115 2113 nationis
1140 2079 1227 2124 viri)
1255 2080 1347 2111 cirea
1371 2077 1565 2123 Telephim

114 2123 232 2158 adhuc
249 2125 441 2159 stationem
464 2126 635 2159 habehat.
683 2126 875 2159 Mandarai:
899 2126 996 2158 enim
1021 2127 1054 2159 ei
1067 2127 1257 2166 Martinus,
1283 2137 1328 2158 ne
1354 2126 1451 2170 prius
1475 2124 1563 2158 inde

115 2170 325 2212 discederet,
350 2184 458 2218 quam
486 2184 608 2206 omnes
633 2171 755 2206 hostes
788 2174 967 2206 irruentes
995 2173 1163 2213 vidisset,
1199 2183 1397 2217 eorumque
1435 2183 1563 2205 nume—

116 2228 208 2258 rum,
258 2218 353 2252 uoad
377 2219 455 2252 fieri
477 2226 611 2265 posset,
636 2219 843 2254 observaret
866 2225 1181 2265 cognosceretque,
1206 2218 1295 2264 quid
1308 2219 1448 2259 virium,
1473 2219 1564 2265 quid

115 2264 228 2297 animi
277 2263 435 2300 aberent.

209 2321 263 2344 αι.
311 2310 406 2344 Tum
428 2310 512 2353 ille,
537 2316 579 2346 ut
603 2317 679 2346 erat
703 2310 749 2345 ad
773 2311 894 2345 omnia
918 2316 1085 2346 strenuus
1111 2317 1219 2358 atque
1243 2312 1378 2353 audax,
1413 2311 1564 2345 manda-

115 2361 153 2388 ta
195 2357 412 2402 exsequitur.
460 2357 509 2392 Ac
537 2359 691 2399 deinde,
726 2370 805 2392 cum
844 2359 916 2392 iam
945 2360 1128 2392 Persarum
1153 2361 1274 2404 copias
1311 2371 1563 2404 propugnacu-

115 2403 191 2435 lum
218 2403 391 2447 ingressas
412 2403 569 2446 vidisset,
595 2406 891 2451 cognovissetque
919 2418 994 2439 non
1025 2417 1066 2438 eo
1090 2412 1195 2439 tenus
1229 2406 1467 2439 substitui-um
1492 2405 1561 2438 ho·-

115 2454 231 2495 stem,
266 2448 330 2481 sed
357 2450 542 2484 conflictus
567 2463 642 2485 csse
679 2453 934 2496 percupidum,
969 2453 1158 2493 confestim
1189 2453 1274 2486 inde
1301 2464 1338 2486 se
1374 2452 1558 2486 subduxit.

115 2495 280 2540 Cumque
292 2496 331 2528 in
342 2496 472 2529 itinere
498 2497 629 2531 multos
651 2500 888 2532 Romanorum
909 2511 983 2532 non
995 2505 1093 2532 recta
1111 2498 1156 2532 ad
1175 2499 1311 2532 Ollaria
1332 2498 1557 2531 contenden-

113 2546 168 2575 tes
188 2541 508 2586 deprehendisset,
527 2549 634 2588 prout
660 2546 711 2578 eis
737 2550 812 2584 erat
837 2546 1076 2590 imperatum,
1103 2545 1167 2578 sed
1190 2546 1364 2579 Lazorum
1389 2545 1556 2577 domibus

115 2588 352 2628 insultantes,
390 2589 558 2633 panicum
589 2596 626 2623 et
659 2602 755 2625 zeam
785 2592 859 2625 sive
887 2594 1045 2638 semina,
1072 2593 1214 2637 aliaque
1249 2592 1430 2625 esculenta
1455 2592 1555 2635 rapi—

116 2639 243 2675 entes,
280 2646 340 2668 eos
356 2646 523 2671 revocare
557 2635 764 2679 nitebatur,
797 2639 1012 2672 temeritatis
1050 2650 1241 2678 accusans,
1271 2639 1334 2682 qui
1361 2636 1554 2678 nescirent,

115 2680 246 2724 quibus
283 2682 324 2714 in
354 2682 458 2716 malis
481 2687 714 2716 versarentur.
763 2683 954 2731 Quotquot
987 2685 1098 2730 igitur
1134 2696 1177 2718 ex
1215 2685 1262 2716 iis
1302 2689 1403 2717 crant
1435 2685 1552 2721 minus

115 2726 230 2770 gulosi
257 2733 367 2774 atque
394 2729 694 2774 intemperantes,
717 2732 859 2775 potiora
886 2733 1017 2766 moniti
1050 2732 1085 2765 ei
1118 2742 1194 2765 sese
1227 2730 1489 2772 adiunxerant,
1517 2736 1554 2764 et
