1832 3152
315 100 426 165 344
722 118 766 156 Β.
808 116 1056 158 VULCANH
1100 119 1276 158 NOTAE

311 217 376 255 lti
404 221 565 255 veteres
583 214 758 266 glossae:
791 213 997 266 Διφθέρα,
1025 212 1070 252 τὸ
1097 215 1277 266 βιβ)ι’;ον
1306 215 1612 266 membranum,
1640 230 1713 256 co-

311 271 405 308 dex.
437 267 685 306 continebat
701 281 796 305 vero
815 267 884 305 hie
897 268 1029 307 codex
1049 283 1207 318 eorum,
1229 269 1303 322 qui
1322 276 1403 308 tam
1430 271 1576 309 civiles
1589 284 1715 330 quam

312 323 511 361 militares
533 321 752 371 dignitates
768 320 1120 371 administrabant,
1142 323 1320 372 nomina,
1348 337 1505 385 genus,
1535 324 1715 375 insignia

314 383 355 414 et
379 374 604 427 stipendia,
635 389 729 412 cum
753 375 1009 426 magistratus
1035 376 1237 414 codicillis
1266 382 1307 414 et
1329 377 1567 429 principum
1596 389 1714 414 man-

313 429 430 467 datis.
488 430 530 466 Is
554 427 686 466 codex
708 433 849 493 postea
871 428 1061 466 laterculi
1095 430 1261 466 nomine
1285 435 1346 467 est
1379 431 1632 482 appellatus3
1669 434 1716 467 ut

312 488 353 521 et
375 481 588 520 cedrenus
617 478 800 520 πὶινθίον
821 487 940 519 vocat
965 496 986 518 a
1009 481 1280 520 similitudine
1301 482 1497 522 videlicet
1519 490 1559 522 et
1584 485 1717 522 forma

309 535 451 575 lateris
476 534 595 575 cocti.
629 535 981 587 quemadmodum
1002 541 1042 573 et
1063 535 1162 573 olim
1184 534 1407 587 pugillares
1432 551 1453 574 a
1472 535 1718 603 triangulari

311 591 431 627 form¹
424 604 444 625 ι
463 589 515 627 ad
538 588 810 627 imitationem
830 589 974 626 literae
994 589 1044 637 A,
1067 587 1209 627 Δέὶτοι
1229 594 1270 626 et
1296 586 1472 628 ὸελτωτὰ
1490 589 1627 640 βιβλία
1649 590 1715 628 di-

313 649 376 682 cta
399 644 582 681 fuerunt.
637 642 745 680 Huic
780 655 880 680 vero
912 619 1047 680 codici
1076 642 1268 680 laterculi
1300 655 1450 680 nomen
1475 643 1552 682 sub
1582 644 1713 682 Anto·

309 697 420 736 uinis
446 695 626 734 inditum
650 697 742 734 fuit.
795 695 1082 734 Tertullianus
1100 696 1225 744 enim,
1249 695 1321 747 qui
1351 710 1400 734 ea
1435 701 1565 735 aetate
1590 695 1715 745 vixit,

311 763 437 801 agens
464 750 660 788 adversus
679 749 1013 798 Valentinianos,
1035 749 1105 787 ubi
1130 749 1315 801 loquitur
1338 749 1388 788 de
1413 749 1626 788 animabus
1642 763 1719 787 na·-

311 810 403 842 tura
429 803 575 851 honis,
611 817 712 855 quas
734 802 986 841 Valentinus
1008 803 1146 841 beatas
1175 815 1260 841 esse
1292 803 1514 842 statuebat:
1550 802 1625 841 Ex
1652 816 1717 841 ea·

311 872 424 906 rum,
455 857 618 908 inquit,
648 857 846 895 laterculo
876 865 914 894 et
940 858 983 894 in
1011 870 1123 907 reges
1150 864 1188 894 et
1217 858 1258 894 in
1286 856 1518 895 sacerdotes
1540 856 1718 907 allegare

311 919 588 952 consueverat.
642 911 741 949 Erat
766 923 863 948 vero
890 910 1136 949 laterculum
1165 910 1250 948 sive
1278 911 1411 948 codex
1435 911 1525 960 ille,
1553 910 1603 949 de
1633 923 1716 960 quo

312 964 514 1013 diximus,
543 962 608 1003 vel
647 963 982 1002 membranaceus
1019 965 1087 1001 vel
1113 963 1350 1002 membrana
1391 963 1589 1002 obtectus
1658 964 1718 1000 Ita

310 1018 515 1069 Hispani,
543 1018 654 1070 apud
675 1031 781 1070 quos
806 1018 931 1056 hodie
959 1019 1088 1055 multa
1116 1022 1278 1056 exstant
1304 1017 1564 1069 antiquitatis
1589 1015 1719 1056 vesti-

311 1071 378 1122 gia
408 1077 449 1110 et
473 1046 685 1122 piaeclara
712 1077 996 1131 monumenta,
1025 1071 1212 1109 codicem
1249 1071 1584 1119 vetustissimum,
1604 1069 1717 1109 unde

312 1125 378 1162 illi
414 1124 666 1162 familiarum
696 1138 792 1163 suae
820 1125 955 1176 gentis
989 1124 1250 1177 genealogias
1286 1129 1461 1176 petunt,
1499 1121 1716 1163 vocantEl

310 1179 418 1219 libro
447 1178 512 1217 del
551 1179 742 1220 Bezerro.
781 1178 895 1230 quod
929 1178 1038 1216 idem
1072 1185 1134 1217 est
1164 1184 1290 1229 atque
1321 1176 1502 1229 ὸιφθέοα
1531 1177 1614 1216 sive
1645 1190 1719 1216 co-

309 1233 390 1271 dex
412 1231 758 1273 membranaceus.
807 1233 935 1270 Recte
953 1236 1088 1269 autem
1114 1231 1425 1296 Etymologicus
1452 1233 1634 1270 Graecus
1658 1229 1720 1268 δι-

310 1284 473 1336 (padam
524 1285 821 1337 interpretatur
875 1288 1150 1335 γραμματεῐοι
1161 1313 1173 1333 ,
1214 1299 1239 1334 η
1277 1282 1437 1333 βιβλίον
1471 1277 1498 1335 ἢ
1550 1282 1720 1334 βύρσαν.

309 1339 501 1377 Putidam
533 1352 657 1387 ver0,
689 1345 734 1376 ut
764 1338 806 1375 in
837 1338 928 1376 aliis
962 1337 1104 1376 multis
1137 1337 1381 1385 vocabulis,
1428 1336 1719 1399 etymologiam

310 1393 467 1440 adfert,
498 1391 651 1429 dictam
684 1390 890 1454 διφθέοαν
927 1390 1043 1442 quasi
1081 1390 1311 1442 ὁυοφέοαν,
1339 1386 1412 1441 τὴν
1453 1392 1497 1429 ὲν
1523 1394 1605 1437 τοῖς
1644 1387 1719 1428 dv'o

309 1444 450 1495 μεόεσι
477 1443 683 1497 φέρουσαν
697 1440 934 1496 γράμματα.
990 1445 1062 1482 lin.
1075 1443 1420 1493 40.[126,8.]τῶν
1444 1438 1621 1497 ’moeno
1637 1445 1719 1482 An·

310 1498 471 1536 notavit
501 1498 614 1538 hunc
633 1500 772 1537 locum
792 1499 894 1536 olim
918 1498 1150 1536 Hadrianus
1182 1498 1326 1536 Iunius
1354 1497 1423 1536 lib
1448 1498 1720 1536 Animadver-

308 1566 447 1589 sorum
470 1552 616 1604 primo,
640 1552 709 1590 ubi
731 1552 879 1590 merito
901 1551 1022 1589 nimis
1042 1565 1164 1603 quam
1188 1551 1410 1590 ridiculam
1431 1551 1722 1604 Christophori

306 1607 514 1644 Personae
537 1606 768 1644 versionem
789 1605 981 1658 exagitat.
1002 1605 1055 1642 Et
1078 1612 1191 1644 recte
1216 1611 1340 1655 caput
1358 1604 1464 1643 iilud
1487 1605 1602 1644 hisce
1625 1618 1719 1643 ver-

306 1659 368 1698 bis
398 1659 574 1697 claudit:
603 1660 703 1698 libri
720 1662 931 1698 materiam
948 1660 1063 1696 nasci
1080 1661 1181 1699 milii
1195 1658 1334 1705 video,
1364 1660 1401 1696 si
1418 1668 1595 1707 cunctas,
1616 1671 1718 1710 quae

306 1715 349 1751 in
371 1726 417 1750 eo
440 1714 608 1751 authore
628 1714 771 1759 latent,
789 1712 956 1751 mendas
977 1726 1122 1750 sanare
1142 1713 1211 1750 ‘vel
1227 1713 1371 1750 saltem'
1386 1712 1506 1750 stibio
1528 1711 1719 1750 inducere

304 1765 454 1804 velim·
483 1766 601 1805 cuius
629 1766 708 1805 viri
732 1766 813 1804 hoc
844 1767 936 1805 loco
959 1765 1251 1804 authoritatem
1280 1766 1544 1817 interponere
1570 1765 1718 1812 libuit,

307 1825 354 1856 ut
379 1819 630 1879 intelligant
638 1818 832 1858 malevoli
853 1819 1019 1871 quidam
1042 1819 1234 1857 homines
1260 1824 1300 1857 et
1322 1818 1448 1856 alieni
1473 1818 1624 1856 laboris
1643 1818 1717 1856 01)-

306 1879 546 1911 trectatores
574 1872 848 1924 iniquissimi,
870 1886 994 1924 quam
1014 1886 1157 1934 parum
1186 1872 1307 1910 huius
1337 1872 1574 1922 interpretis
1598 1871 1722 1910 versi-

307 1940 388 1964 one
411 1926 572 1964 adiutus
594 1926 755 1964 fuerim.
812 1926 884 1967 lin
901 1926 952 1966 50
963 1926 1006 1971 [l.
1019 1921 1148 1972 ι6.]τὸ
1165 1920 1387 1976 ἀκραιφνὲς
1407 1924 1531 1962 ἐκεῖνο
1544 1924 1626 1963 τῶν
1639 1939 1720 1962 πα-

306 1978 432 2017 λαιῶν
459 1977 665 2029 ὀνομάτων
688 1978 932 2031 ελευθέριον.
961 1979 1090 2017 Hadr.
1117 1979 1263 2017 lunius
1289 1978 1358 2019 lib.
1381 1984 1420 2015 et
1439 1978 1572 2040 capite
1594 1978 1718 2016 modo

305 2033 438 2070 citatis
460 2033 575 2071 hunc
607 2033 748 2072 locum
774 2032 830 2070 ita
852 2032 998 2070 vertitz
1028 2033 1101 2085 qui
1126 2046 1231 2070 enim
1244 2031 1356 2083 fieri
1379 2033 1526 2083 potuit,
1549 2039 1593 2069 ut
1611 2045 1719 2084 pura

303 2086 376 2123 illa
405 2095 588 2125 veterum
612 2087 818 2124 nominum
843 2087 1042 2131 libertas,
1077 2099 1202 2137 quae,
1235 2086 1397 2130 (omitto
1430 2097 1566 2123 rerum
1597 2092 1719 2122 natu-

304 2145 430 2185 ram,>
452 2153 541 2178 cum
558 2141 706 2193 primis
728 2148 788 2177 est
799 2139 988 2221 proficua
1012 2147 1050 2176 et
1063 2147 1311 2191 opportuna,
1334 2139 1377 2175 in
1391 2139 1542 2188 agresti
1561 2145 1599 2176 et
1621 2139 1718 2177 bar-

304 2193 402 2231 bara
428 2193 567 2243 lingua
602 2193 896 2232 conservetur?
925 2192 1103 2230 alienius
1139 2192 1265 2243 paulo
1287 2205 1381 2229 cum
1405 2205 1426 2227 a
1455 2197 1593 2229 mente
1615 2193 1719 2242 Aga-

303 2245 438 2292 thiae,
466 2252 555 2284 tum
578 2260 676 2284 vero
702 2261 723 2284 a
753 2245 1004 2298 proprietate
1032 2259 1180 2284 vocum
1211 2245 1574 2285 Graecanicarum.
1627 2244 1720 2295 Ego

303 2298 431 2336 malui
451 2305 639 2338 vertere·
663 2302 734 2353 qui
757 2313 863 2337 emm
868 2298 978 2351 fieri
1002 2307 1179 2350 poterat,
1203 2307 1245 2336 ut
1259 2299 1420 2352 puritas
1443 2297 1516 2335 illa
1535 2305 1719 2336 veterum

305 2354 509 2390 nominum
541 2361 581 2391 et
609 2355 754 2391 nativa
788 2353 949 2403 gratia,
981 2359 1018 2390 et
1050 2360 1290 2405 praeterea,
1331 2355 1447 2397 (nam
1471 2350 1551 2389 hoc
1578 2357 1641 2391 est
1670 2345 1716 2388 τὸ

195 2413 230 2446 P.
243 2410 308 2451 184
319 2402 418 2457 πρὸς
435 2419 496 2456 γε,
523 2406 737 2445 familiaris
756 2405 977 2444 admodum
992 2405 1188 2458 Agathiae
1202 2405 1379 2456 phrasis)
1393 2418 1526 2442 rerum
1538 2405 1721 2455 ipsarum

315 2466 485 2496 naturae
500 2473 747 2523 congruens,
779 2458 976 2511 valdeque
1004 2457 1336 2504 accommodata,
1367 2471 1410 2495 ιη
1438 2458 1589 2507 agresti
1622 2469 1718 2508 qua.-

307 2512 402 2549 dam
422 2514 766 2577 ιἠερῑὶεειηιαφιε
773 2513 912 2562 lingua
937 2513 1270 2550 conservaretur?
1291 2510 1336 2550 τὸ
1363 2509 1602 2571 ἐλευθέριον
1607 2509 1720 2547 enim

304 2565 390 2604 sive
395 2562 727 2627 ἐλευθεριότητα
756 2565 1030 2627 interpretor,
1061 2579 1145 2603 non
1170 2565 1428 2608 libertatem,
1458 2563 1530 2602 sed
1557 2558 1631 2613 τὴν
1658 2558 1718 2614 μὴ

305 2614 406 2658 κατὰ
452 2617 683 2675 κιβδήλειαν
714 2614 889 2671 χάριτας
934 2617 1016 2658 hoc
1067 2624 1127 2658 est
1159 2618 1342 2657 nativam
1373 2617 1614 2668 minimeque
1638 2614 1720 2671 fu-
