1832 3152
301 111 408 175 246
900 122 1171 167 Aenum:

122 237 203 272 ΑΕ.
224 233 289 271 556
302 229 371 268 d‘oc'
385 241 429 268 τε
455 225 690 279 εἱστήκεσαν
725 220 797 263 καὶ
815 216 1019 278 ἀὸὀνητοι,
1055 227 1127 267 καί
1148 223 1274 280 αὐτὴν
1312 225 1361 279 δὴ
1385 224 1457 280 τὴν
1481 225 1555 267 τοῦ
1585 223 1705 267 πνεύ-

160 283 185 315 1.
202 284 227 314 1.
243 286 285 317 30
295 305 421 342 ματος
450 287 581 344 φορὰν
611 288 891 338 ξυστέλλοντες
914 288 1047 343 ἠρέμα
1073 291 1145 331 καί
1172 289 1474 342 ταμιευόμενοι.
1509 290 1579 330 καί
1604 284 1705 342 ἄγα-

294 353 378 405 μαί
402 368 447 406 ys
481 350 634 399 αὐτούς
662 350 782 404 ἔγωγε
825 352 898 405 τῆς
930 352 1175 405 εὐκοσμίας,
1228 349 1289 394 ὅτι
1327 351 1378 408 δή
1414 349 1586 401 ἅπαντες
1618 350 1705 405 ἅμα

295 413 433 471 οἵσπερ
460 416 504 456 ἐκ
525 413 789 470 συνθήματος
810 413 854 455 ἐν
874 414 1026 469 ἀκαρεῖ
1039 415 1194 470 χρόνου
1215 419 1287 458 τοῦ
1310 417 1563 466 συνοίσοντος
1594 417 1706 458 ἐστο-

292 481 512 532 χασμένοι,
548 480 834 534 ἐνεκαρτὲρουν
867 479 916 533 τῇ
943 477 1068 531 τάξει,
1095 478 1166 520 καί
1193 482 1415 521 διενοοῦντο
1459 481 1502 522 ἐν
1537 477 1729 528 ἑαυτοῖςὸ

245 551 279 584 D
295 543 425 586 ὁπόσα
445 545 699 599 φθέγγεσθαι
719 540 739 583 ὃ
759 541 898 598 καιρὸς
917 542 991 583 οὔκ
1016 544 1168 585 ἐδίδου.
1195 542 1233 584 οἱ
1258 545 1301 584 δὲ
1322 543 1540 600 βάρβαροι,
1565 540 1702 599 ἐπειδή

291 609 434 657 αὐτοῖς
460 610 588 663 μηδὲν
623 605 761 648 ὁτιοῦν
789 605 920 649 δεινὸν
950 607 1231 664 ὑπεφαίνετο,
1269 607 1396 650 πάλιν
1423 609 1480 658 εἰς
1511 607 1557 651 τὸ
1579 623 1707 664 προσ-

292 675 408 729 φιλὲς
433 671 668 729 ἐτράποντο,
697 672 979 724 ἀσμενέστατα
1002 673 1342 728 καταδαρθέντες.

399 736 466 779 cff-
526 736 623 780 Τότε
651 735 700 792 δή
735 732 809 778 οὖν
835 736 874 778 οἱ
906 735 1112 789 ςΡωμαῖοι
1143 733 1247 778 οὕτω
1288 735 1338 792 δή
1362 752 1401 778 τι
1430 736 1571 784 αὖτοῖς
1599 736 1707 778 ἀνει-

290 803 423 854 μένως
450 803 777 854 ἀναπαυομένοις
814 800 1051 854 ἐπιβάντες,
1081 801 1319 842 ἀπέκτειναν
1343 799 1438 850 τούς
1469 816 1514 842 τε
1544 795 1757 852 ἅλλους,ιο

290 865 364 906 καί
387 866 488 921 πρός
515 882 560 920 γε
587 868 739 908 ἐκεῖνον
768 863 839 908 τὸν
863 864 1169 920 ἡμιάγρυπνον,
1210 864 1266 913 ὥς
1294 860 1346 907 ἄν
1372 881 1436 915 τις
1461 863 1588 906 αὐτὸν
1617 865 1707 906 ἐπι-

289 931 486 981 τωθάζων
509 932 756 972 ἐπικαλέσοι.
791 928 863 972 καί
890 927 1080 972 τολοιπόν
1101 926 1231 978 ἀδεῶς
1253 925 1332 970 ἀνὰ
1346 928 1395 971 τοὶ
1413 927 1554 984 πρόσω
1568 929 1707 982 χωρή-

188 996 227 1030 V·
239 1007 283 1041 90
295 1009 446 1047 σαντες,
475 991 590 1050 ἀμφὶ
605 993 677 1043 τὰς
701 992 857 1049 λαύρας
881 996 963 1035 τῶν
981 993 1172 1046 οἰκήσεων
1195 992 1497 1034 ἐσκεδάνννντο·
1523 991 1595 1032 καί
1619 988 1706 1043 ἅμα

290 1057 508 1112 ἧσάλπιγξ
542 1060 664 1114 ἐπῇδε
699 1056 743 1100 τὸ
782 1057 984 1100 ἐνυάλιον.
1036 1057 1284 1105 ἀκούσαντες
1309 1058 1354 1098 δὲ
1381 1055 1417 1098 οἱ
1444 1055 1707 1108 ,Μισιμιανοί

292 1120 608 1177 κατεπλήττοντο
631 1124 709 1174 μὲν
739 1124 796 1178 τῷ
820 1121 1050 1178 παραλόγῳ·
1076 1121 1126 1163 τὰ
1146 1123 1192 1162 δὲ
1213 1119 1394 1176 παρόντα
1423 1121 1471 1162 οὕ
1494 1121 1758 1171 ξυνιέντες,ι5

295 1182 406 1240 ὅμως
443 1184 703 1242 ἀνεγρόμενοι
739 1188 804 1228 ἐπ’
838 1184 1038 1240 ἀλλήλους
1071 1188 1220 1243 φοιτᾷν
1247 1187 1350 1228 ἵεντο
1380 1185 1452 1227 καὶ
1488 1182 1706 1240 §vva-990!-

168 1251 203 1288 Ρ.
217 1252 284 1291 128
296 1252 458 1304 ζεσθαι,
508 1246 630 1300 ἄλλος
667 1246 842 1292 ἄλλοθεν
883 1251 1187 1305 ὃιεκπηδῶντες.
1238 1250 1327 1292 ἀλλ’
1357 1249 1395 1290 οἱ
1425 1250 1632 1302 “Ρωμαῖοι
1662 1249 1706 1288 ἐν

291 1317 432 1364 αὐτοῖς
461 1315 510 1371 δή
534 1322 617 1365 τοῖς
651 1314 877 1370 προθύροις
909 1312 1239 1367 ὑπαντιάζοντες,
1266 1313 1338 1355 καί
1358 1310 1492 1369 ὥσπερ
1528 1318 1613 1360 τοῖς
1646 1312 1706 1361 ξί-

291 1396 411 1436 φεσιν
447 1378 603 1428 αὐτοὺς
636 1379 914 1431 δεξιούμενοι,
960 1382 1147 1420 πλεῖστον
1176 1374 1273 1420 ὅσον
1304 1377 1535 1433 εἰργάζοντο
1565 1374 1704 1431 φόνον.

289 1443 327 1485 οἱ
348 1445 425 1497 μὲν
446 1443 521 1500 γὰρ
549 1439 628 1499 ἤδη
654 1443 843 1497 ἐκβάντες
877 1441 1007 1490 εὐθὺς
1035 1439 1244 1498 ἀνῄρηντο,
1273 1444 1406 1495 ἕτεροι
1432 1441 1477 1481 δὲ
1499 1442 1758 1495 παρῆσαν,20

288 1508 360 1550 καί
379 1503 496 1550 ἄλλοι
518 1503 716 1563 ἤμελλον,
753 1509 824 1548 καί
854 1506 1038 1561 λώφησις
1069 1505 1141 1546 οὐκ
1162 1501 1212 1559 ἦν
1235 1507 1308 1546 τοῦ
1326 1506 1475 1558 κακοῦ,
1514 1504 1704 1551 ἁπάντων

290 1574 569 1627 ἐπειγομένων.
612 1568 692 1627 ἤδη
720 1573 765 1613 δὲ
799 1571 870 1612 καί
893 1568 1045 1623 γύναια
1071 1567 1199 1611 πολλοὶ
1237 1565 1512 1610 διαναστάντα
1544 1565 1706 1623 θύραζε

376 1647 409 1681 3.
435 1645 549 1690 ἔγωγε
573 1638 653 1676 ad'd.
684 1654 727 1676 ex
752 1644 792 1676 R.
894 1641 926 1686 4.
949 1640 1090 1687 χρόνου
1115 1641 1176 1683 R.,
1198 1640 1321 1688 χρόνῳ
1345 1641 1440 1686 vulg.
1471 1680 1473 1682 ,
1585 1651 1615 1684 7.
1631 1651 1702 1684 μη-

378 1690 442 1723 δὲν
464 1692 514 1731 R„
543 1688 654 1724 οὐδὲν
676 1689 768 1733 vulg.
835 1699 866 1732 9.
889 1686 969 1720 τότε
989 1686 1029 1722 δὲ
1054 1689 1090 1719 Β.
1156 1699 1205 1722 12.
1231 1687 1450 1720 ἐπικαλέσαι
1473 1683 1526 1726 R„
1552 1683 1697 1719 ἀποκα-

376 1736 479 1768 λέσοι
502 1736 595 1780 vulg.
726 1746 777 1780 ¹7·
806 1733 917 1771 ἄλλος
939 1735 998 1775 R„
1031 1731 1166 1770 ἄλλους
1187 1733 1279 1778 vulg.
1351 1743 1406 1770 21.
1427 1728 1611 1776 ripun-mv
1636 1731 1672 1763 R.
1689 1755 1702 1771 ,

381 1780 543 1827 ἤμελλον
564 1783 604 1816 in
631 1791 697 1825 mg.

291 1870 456 1916 spiritum
487 1869 630 1917 quidem
656 1870 882 1910 emitterent,
917 1869 980 1903 sed
1005 1878 1085 1902 eum
1114 1869 1152 1902 in
1175 1871 1320 1913 pectore
1353 1864 1537 1915 conditum
1560 1875 1702 1908 preme-

290 1922 379 1951 rent.
428 1918 473 1950 Et
495 1922 590 1949 certe
616 1916 723 1948 miror
746 1927 785 1949 ac
807 1915 914 1948 laudo
950 1915 1120 1959 optimum
1149 1914 1305 1958 ipsorum
1333 1912 1514 1950 ordinem,
1564 1910 1637 1943 uod
1660 1923 1701 1943 o-

286 1973 385 1995 mnes
410 1962 516 1995 simul
538 1962 649 1994 veluti
674 1973 717 1994 ex
750 1966 853 2005 pacto
879 1972 950 1993 uno
982 1960 1150 2004 temporis
1187 1963 1364 1991 momento
1391 1957 1441 1997 id,
1464 1967 1534 2001 quo
1586 1967 1630 1988 ex
1658 1968 1700 1990 re

287 2009 447 2041 futurum
472 2012 585 2048 esset,
609 2008 848 2047 eollimantes,
885 2007 923 2038 in
947 2005 1070 2038 ordine
1095 2004 1326 2048 perstiterint,
1352 2008 1388 2035 et
1413 2004 1450 2034 in
1475 2001 1602 2034 animis
1627 2003 1700 2035 suis

288 2055 488 2096 eogitarint,
514 2063 605 2097 quae
627 2054 793 2097 proloqui
817 2058 955 2096 tempus
979 2062 1050 2083 non
1072 2050 1286 2095 patiebatur.
1333 2048 1477 2082 Barbari
1499 2058 1594 2087 vero,
1619 2058 1699 2079 eum

285 2098 380 2131 nihil
407 2097 620 2131 incommodi
645 2104 706 2131 aut
734 2098 885 2142 periculi
922 2095 1261 2135 animadverterent,
1304 2105 1422 2127 rursus
1447 2092 1493 2125 ad
1525 2092 1576 2133 id,
1602 2092 1699 2138 quod

285 2144 437 2177 amicum
460 2150 546 2185 erat,
574 2154 610 2176 se
635 2148 854 2183 convertunt,
881 2142 1082 2175 suavissime
1109 2141 1333 2174 dormientes.

381 2200 431 2233 19.
480 2190 571 2222 Tum
591 2191 713 2233 itaque
730 2188 898 2228 Romani,
925 2188 1006 2220 illos
1023 2188 1072 2220 ita
1083 2187 1120 2219 in
1139 2198 1301 2219 somnum
1321 2187 1447 2218 effusos
1461 2183 1596 2224 adorti,
1619 2188 1698 2216 tru-

283 2233 406 2268 cidant
433 2246 510 2268 cum
530 2235 618 2268 alios
641 2241 716 2268 tum
739 2236 847 2266 etiam
868 2234 968 2266 illum
987 2233 1238 2276 semivigilcm‚
1269 2236 1308 2264 ut
1341 2230 1470 2276 aliquis
1496 2230 1610 2274 ipsum
1659 2241 1698 2263 er

284 2279 401 2312 iocum
421 2280 663 2324 appellaverit3
696 2292 736 2313 ac
757 2279 922 2323 deinceps
943 2278 1121 2322 intrepide
1144 2277 1422 2322 progredientes,
1441 2275 1505 2321 pei·
1522 2276 1615 2308 vicos
1653 2286 1698 2308 o-

284 2335 404 2358 mnum
427 2325 544 2359 diffusi
569 2331 671 2366 sunt,
702 2326 878 2370 simulque
910 2324 995 2357 tuba
1022 2324 1203 2356 classicum
1232 2324 1386 2364 eeeinit3
1433 2333 1503 2368 quo
1532 2319 1696 2354 exaudito

283 2371 480 2405 Misimiani
508 2372 665 2404 novitate
693 2373 744 2405 rei
781 2377 863 2404 sunt
890 2370 1060 2414 perculsi,
1093 2381 1163 2414 quo
1194 2381 1275 2403 vero
1308 2369 1347 2401 in
1374 2373 1468 2402 statu
1496 2377 1549 2400 res
1581 2370 1697 2398 esseut

283 2418 496 2458 nescientes,
521 2418 665 2452 excitati
682 2423 802 2450 tamen
819 2418 913 2450 inter
933 2427 1008 2449 sese
1033 2416 1127 2449 coire
1147 2415 1366 2454 nitebantur,
1392 2419 1427 2447 et
1445 2413 1532 2446 alios
1551 2410 1696 2444 aliunde

282 2463 509 2506 prosilientes
546 2474 764 2508 congregare.
811 2462 857 2495 At
886 2461 1033 2494 Romani
1069 2463 1107 2494 in
1138 2461 1223 2504 ipsis
1245 2460 1430 2494 vestibulis
1452 2461 1696 2498 occurrentes,

284 2513 321 2540 et
343 2507 600 2553 quodammodo
619 2509 762 2542 ensibus
778 2510 871 2552 ipsos
887 2509 1117 2552 excipientes,
1136 2507 1312 2551 ingentem
1333 2511 1478 2550 stragem
1497 2501 1694 2535 ediderunt.

282 2552 355 2586 Alii
380 2555 475 2587 enim
493 2555 564 2587 iam
582 2557 710 2599 egressi
731 2556 852 2587 statim
875 2553 1200 2593 interficiebantur,
1231 2558 1268 2585 et
1283 2549 1364 2585 mox
1384 2551 1464 2589 alii,
1487 2558 1694 2591 rursumque

281 2599 344 2631 alii
369 2604 475 2645 atque
497 2601 572 2643 alii;
605 2611 722 2647 neque
741 2601 813 2633 ulla
839 2604 914 2633 erat
942 2599 1056 2633 caedis
1078 2598 1248 2637 remissio,
1285 2597 1446 2630 omnihus
1477 2593 1693 2639 urgentibus.

281 2643 354 2679 Iam
394 2655 476 2682 veto
505 2646 612 2680 etiam
644 2647 777 2681 multae
813 2646 965 2682 feminae
1009 2645 1123 2679 stratis
1154 2646 1283 2678 effusae
1307 2653 1385 2676 cum
1411 2651 1533 2685 magno
1562 2638 1695 2674 eiulatu
