1794 3112
222 149 240 200 i
254 146 289 200 ff
775 169 1045 213 AcAunAE

27 271 68 304 A.
86 271 122 304 C.
145 264 364 314 554τούτων
384 264 525 313 αὕτοῖς
547 265 592 306 τό
612 266 772 326 ,θράσος
791 265 961 324 ἑστήξει·
1001 268 1105 312 ἀλλὰ
1117 305 1128 323 ,
1157 271 1228 314 καὶ
1253 276 1477 326 μεθιέντων
1504 275 1620 329 ἡμῶν

78 317 104 350 Ῑ·
117 318 142 352 1.
158 319 200 350 23
213 325 253 367 τὸ
275 326 473 381 ἐπίκλημα
505 331 590 370 οἵδε
619 330 692 371 οὐκ
720 328 958 386 ἇφέξονται,
997 335 1069 376 καί
1097 333 1350 390 ἠρεμοῦντας
1381 335 1618 394 ἀδεέστερον

208 392 499 442 λυμανοῦνται.
538 394 620 434 εἰσί
636 393 713 449 γὰρ
743 392 886 447 ἆμέλει
907 394 1246 455 θαρῥαλεώτεροι
1265 400 1365 457 πρὸς
1386 402 1482 453 τούς
1503 403 1620 444 ὑπεί-

209 469 362 506 κοντας,
381 454 452 496 καί
467 457 737 513 ὑπερφρονεῖν
761 460 988 512 εἰθισμένοι
1010 461 1054 503 τὸ
1071 466 1314 518 θεραπεῦον.
1326 465 1469 519 ἔχουσι
1486 468 1531 508 δὲ
1550 465 1622 507 καὶ

208 519 380 570 βασιλέα
403 519 746 576 πανουργότατον,
760 523 830 564 καί
850 529 939 572 ταῖς
954 530 1199 579 μεταβολαῖς
1221 530 1303 568 ταῖν
1323 525 1390 570 <Zet
1403 528 1648 585 παρόντωνό

205 578 411 634 ἡδόμενον·
453 580 549 624 ὅθεν
575 583 624 639 δη
655 585 725 626 καί
751 585 803 627 τὰ
837 589 907 640 τῆς
935 588 1176 643 μιαιφονίας
1209 589 1364 646 ἀθρόον
1395 592 1620 647 διήνυσται,

204 646 279 684 τοῦ
303 647 380 696 μὲν
407 647 616 702 ἐμβριθαῖς
654 651 1022 703 ἐγκελευσαμένου,
1065 654 1145 700 τῶν
1182 655 1227 694 δὲ
1255 653 1482 709 προθύμως
1515 656 1625 710 ’ὖπηψ4

209 709 487 763 ρετησάντων.
527 714 596 754 καί
625 713 926 770 πεπορθήμεθα
950 719 1175 770 μονονουχί
1196 716 1297 772 πρὸς
1333 715 1491 772 αὗτῶν,
1528 713 1623 760 οὔτε

178 770 466 827 Βᾶδικήματος
503 770 721 831 ἄρξαντες,
771 774 866 820 οὔτε
900 779 1010 828 τινος
1046 779 1196 834 ἔχθους
1239 780 1494 836 συμβάντος,
1537 782 1625 823 ἀλλ’

210 836 356 885 ὁποίας
385 837 584 895 πρότερον
615 840 772 895 εἴχοντο
804 844 1050 898 συνηθείας,
1093 846 1164 899 τῆς
1191 845 1321 900 αὐτῆς
1348 844 1523 899 ἔχεσθαι
1555 847 1677 889 ‹ro-m

209 903 390 954 κοῢντες,
430 903 686 959 πεπράγασιν
720 903 830 959 ὅμως
867 907 917 949 τὰ
971 907 1132 951 πάντων
1165 906 1420 951 ἀνοσιώτατα
1430 943 1444 963 ,
1488 906 1622 966 ὥσπερ

209 965 406 1020 αὕθωρὸν
433 963 758 1023 ἆναπλησθέντες
781 970 988 1026 ὠμότητος
1012 973 1083 1014 καί
1109 974 1261 1025 μανίας
1286 973 1356 1015 καί
1374 973 1524 1027 μίσους
1551 973 1623 1015 καὶ

205 1028 364 1069 πάντων
403 1029 507 1083 ὄμοῦ
532 1035 612 1073 τῶν
650 1036 831 1076 τοιῶνδε.
870 1036 966 1077 ἀλλ’
997 1034 1046 1077 οὖ
1071 1036 1121 1078 τὰ
1146 1040 1326 1093 Περσῶν
1356 1033 1442 1094 ἤθη
1474 1038 1623 1090 τοιάδε,

209 1095 362 1133 πολλοῦ
392 1110 438 1148 γε
469 1098 540 1137 καί
565 1099 640 1138 δεῖ.
679 1098 827 1154 φίλους
851 1115 895 1141 τε
922 1099 999 1156 γὰρ
1025 1098 1095 1150 οὓς
1125 1097 1177 1143 ἂν
1199 1102 1374 1157 ἐξαρχῆς
1403 1102 1616 1156 κτήσαιντο

207 1156 451 1210 βεβαιότατα
487 1163 671 1215 στέργειν
696 1165 918 1218 πειρῶνται
935 1198 948 1216 ,
987 1166 1056 1206 καί
1077 1164 1151 1220 την
1179 1161 1304 1220 ὄργῆν
1324 1163 1423 1221 πρὸς
1445 1165 1490 1206 τὸ
1511 1162 1676 1210 ἄντί-15

208 1226 339 1262 παλον
380 1224 644 1279 διατηροῦσιν
677 1225 762 1268 ἔστ’
784 1224 834 1269 ἂν
869 1228 1088 1271 ἀντίπαλον
1110 1227 1151 1286 ᾗ.
1194 1229 1429 1285 ἠβουλόμην
1452 1232 1528 1282 μὲν
1551 1226 1627 1272 οὖν

210 1288 263 1340 τῇ
291 1289 478 1343 Κολχικῇ
506 1289 687 1347 πολιτείᾳ
718 1290 794 1345 τήν
821 1292 1000 1334 παλαιὰν
1026 1293 1201 1346 δύναμιν
1222 1295 1542 1348 προσγενέσθαι,
1569 1293 1626 1342 ὥς

218 1352 417 1405 μηδαμῶς
450 1349 576 1407 αὐτὴν
609 1355 723 1408 ξένης
756 1355 868 1404 τινὸς
907 1356 978 1398 καί
1003 1355 1202 1412 ἐπήλυδος
1228 1356 1464 1412 ἐπικουρίας
1500 1372 1627 1412 προσ-

170 1419 396 1468 (Ξδεῖσθαι,
435 1416 521 1456 ἀλλ’
549 1414 654 1458 εἶναι
687 1424 770 1468 τοῖς
793 1421 917 1461 πᾶσιν
950 1419 992 1469 ἔς
1018 1436 1062 1461 τε
1095 1420 1269 1473 πόλεμον
1298 1423 1370 1462 καί
1393 1422 1436 1470 ἐς
1460 1421 1623 1475 εἰρήνην

209 1476 557 1534 αὐταρκεστάτην.
581 1480 672 1521 ἐπεῖ
691 1484 749 1534 δὲ,
773 1481 851 1524 εἴτε
871 1481 1020 1538 χρόνου
1037 1485 1231 1542 διαφορᾷ,
1253 1483 1334 1525 εἴτε
1354 1483 1482 1538 τύχης
1507 1486 1680 1528 {vav-20

209 1541 436 1596 τιώμασιν,
465 1541 547 1584 εἴτε
571 1544 642 1585 καί
659 1541 933 1602 ἅμφοτέροις,
961 1549 1267 1601 ἐκβιασθέντες,
1295 1550 1354 1597 εἷς
1381 1550 1504 1589 τοῦτο
1530 1545 1626 1602 ἥκο-

303 1649 333 1670 2.
361 1637 584 1682 ἠρεμοῦντες
609 1638 647 1670 Β.
753 1640 784 1672 3.
811 1637 1109 1684 θαρῤαλεώτεροι
1132 1641 1182 1680 Β.,
1210 1639 1511 1687 θιιῤῥαλεώτατοι
1531 1641 1622 1685 vulg.

307 1684 356 1716 15.
394 1680 489 1724 πρὸς
515 1680 556 1715 τὸ
597 1681 802 1718 ἀντίπαλον
835 1686 885 1725 R„
911 1685 948 1720 ἐς
970 1682 1010 1718 τὸ
1037 1685 1114 1720 ἀντ.
1138 1686 1230 1729 vulg.
1327 1688 1377 1720 16.
1406 1682 1454 1719 ἂν
1477 1687 1530 1725 Β.,
1556 1697 1623 1718 om.

303 1727 395 1770 vulg.
476 1723 520 1767 ἢν
543 1739 606 1772 pro
634 1725 654 1772 ᾖ
678 1729 718 1764 Β.
803 1741 852 1774 19.
880 1732 943 1762 καὶ
968 1742 1032 1763 om.
1058 1732 1096 1763 R.
1174 1742 1227 1764 20.
1253 1729 1419 1777 διαφορᾷ
1441 1732 1491 1772 R„
1515 1731 1623 1775 Intpr.

305 1781 497 1817 temporum
524 1775 704 1807 varietate
721 1799 730 1816 ‚
753 1774 958 1822 παραφορᾷ
986 1776 1076 1820 vulg.

214 1856 311 1888 tibus
331 1855 410 1887 illos
429 1866 501 1888 non
519 1855 734 1896 deststuros,
759 1857 821 1890 sed
843 1859 982 1902 quietos
1011 1869 1076 1890 nos
1099 1859 1236 1891 minore
1263 1868 1341 1891 cum
1362 1861 1458 1890 metu
1479 1857 1623 1890 maiori-

214 1901 280 1934 bus
302 1902 401 1934 malis
422 1904 617 1935 affecturos.
666 1903 756 1934 Sunt
773 1905 866 1935 enim
887 1908 927 1936 ut
947 1904 1135 1947 plurimum
1159 1904 1366 1936 ferocissimi
1385 1904 1423 1936 in
1450 1902 1622 1942 subditos,

216 1953 252 1980 et
273 1947 419 1980 clientes
439 1958 519 1980 suos
545 1947 727 1992 despectui
755 1947 886 1981 habere
918 1954 1188 1984 consueverunt.
1237 1949 1378 1981 Habent
1401 1959 1482 1981 vero
1515 1949 1623 1980 etiam

214 2004 328 2035 regem
365 1993 642 2026 versutissimum
668 1993 801 2038 quique
838 1995 1078 2038 praesentium
1105 2005 1242 2037 semper
1275 2004 1392 2026 rerum
1425 1993 1624 2025 mutatione

213 2038 421 2079 delectatum
447 2038 540 2071 unde
567 2044 602 2070 et
626 2039 757 2071 factum
781 2044 847 2080 est,
871 2044 911 2071 ut
933 2038 1021 2072 haec
1048 2038 1170 2072 caedes
1195 2039 1383 2072 confestim
1411 2038 1520 2070 fuerit
1544 2049 1626 2081 per-

211 2087 368 2128 petrata,
394 2083 471 2127 ipso
496 2084 640 2128 quidem
665 2085 791 2117 acriter
815 2084 1012 2125 incitante,
1045 2083 1101 2116 his
1125 2095 1206 2117 vero
1232 2090 1393 2128 prompte
1417 2084 1625 2116 ministran-

211 2128 318 2162 tibus.
373 2129 418 2160 Et
451 2127 619 2163 devastati
661 2135 798 2163 tantum
832 2141 904 2163 non
940 2130 984 2162 ab
1010 2130 1095 2174 ipsis
1133 2141 1271 2170 sumus,
1310 2141 1388 2162 cum
1431 2129 1530 2160 nulla
1565 2139 1626 2160 eos

213 2174 345 2206 iniuria
378 2176 704 2216 provocaverimus,
739 2186 856 2220 neque
890 2175 964 2207 ulla
988 2175 1148 2207 simultas
1182 2186 1259 2207 cum
1291 2175 1341 2207 eis
1368 2174 1624 2215 intercesserit3

213 2219 276 2252 sed
313 2218 436 2251 eadem
469 2231 539 2264 qua
562 2220 708 2254 antehae
743 2220 928 2253 nobiscum
955 2220 1210 2253 consuetudine
1234 2225 1387 2258 utentes,
1411 2218 1626 2251 atrocissima

214 2264 508 2310 iniquissimaque
539 2266 578 2298 in
608 2277 671 2298 nos
695 2266 972 2306 commiserunt,
1004 2271 1171 2309 tanquam
1197 2271 1344 2309 repente
1369 2275 1511 2309 unoque
1536 2269 1627 2296 tem-

213 2311 310 2355 poris
334 2316 512 2343 momento
537 2311 747 2344 crudelitate
763 2336 772 2351 ,
799 2311 962 2351 insania,
996 2310 1100 2351 odio,
1135 2311 1371 2356 omnibusque
1398 2311 1477 2342 aliis
1502 2309 1540 2342 id
1565 2320 1626 2354 ge-

214 2366 279 2388 nus
305 2356 404 2387 malis
435 2357 576 2399 repleti.
622 2356 668 2390 At
697 2358 876 2390 Persarum
911 2367 983 2389 non
1013 2356 1212 2389 istiusmodi
1240 2362 1322 2389 sunt
1343 2366 1475 2396 mores3
1511 2355 1625 2399 pluri-

215 2411 310 2433 mum
331 2401 491 2444 profecto
518 2401 675 2437 interest.
726 2402 824 2446 Quos
849 2403 945 2434 enim
969 2402 1077 2434 semel
1109 2403 1238 2434 amicos
1264 2402 1398 2434 fuerint
1419 2400 1515 2433 nacti
1527 2422 1539 2439 ,
1564 2410 1624 2432 eos

216 2446 414 2479 firmissima
437 2447 591 2479 amicitia
617 2447 802 2491 complecti
825 2452 997 2490 pergunt;
1029 2447 1067 2479 in
1090 2446 1229 2481 hostem
1251 2458 1352 2487 vero,
1378 2443 1545 2491 quamdiu
1570 2449 1624 2476 est

217 2492 351 2531 hostis,
377 2492 534 2525 infensos
567 2493 786 2538 infestosque
810 2492 945 2524 animos
972 2497 1108 2536 gerunt.
1157 2493 1319 2537 Optarim
1349 2490 1512 2536 equidem
1539 2489 1637 2522 Col--

218 2538 364 2571 chorum
397 2549 469 2570 rem
490 2537 668 2582 publicam
693 2539 843 2581 pristina
877 2538 995 2580 vigere
1019 2539 1200 2581 potentia,
1238 2539 1288 2570 ita
1326 2542 1367 2569 ut
1397 2534 1552 2569 externis
1584 2546 1624 2567 ac

218 2583 411 2628 peregrinis
434 2584 578 2617 auxiliis
601 2595 674 2617 non
698 2583 894 2627 indigeret,
929 2582 991 2616 sed
1014 2584 1091 2626 ipsa
1114 2584 1183 2615 sibi
1207 2584 1312 2615 rebus
1349 2580 1511 2614 omnibus
1535 2587 1623 2624 pace

221 2630 390 2673 belloque
412 2629 602 2663 sufficeret.
649 2629 739 2662 Cum
764 2640 846 2662 vcro
871 2629 943 2661 sive
965 2629 1132 2672 temporis
1150 2629 1342 2667 varietate,
1365 2627 1439 2661 sive
1462 2625 1626 2658 fortunae

223 2674 516 2714 adversitatibus,
553 2675 625 2707 sive
653 2675 758 2707 etiam
787 2679 938 2718 utroque
965 2675 1160 2716 compulsi,
1195 2685 1236 2706 co
1261 2671 1492 2717 impotentiae
1517 2680 1631 2706 vene-

221 2721 340 2759 rimus,
365 2725 406 2753 ut
428 2720 506 2753 aliis
532 2719 666 2753 subditi
699 2721 805 2752 simus
820 2743 831 2760 ,
857 2719 1155 2753 consultissimum
1179 2718 1338 2752 duxerim
1372 2717 1446 2750 iuis
1470 2714 1628 2754 subesse,
