1722 3146
244 132 331 170 XVI
849 128 970 168 VITA

245 245 330 272 esse
356 229 467 283 quod
495 228 692 269 historiae
712 243 812 282 opus
839 229 1043 269 adfinem
1069 243 1149 268 non
1176 231 1228 270 sit
1248 231 1516 284 perductum,
1545 233 1637 272 Me-

248 295 407 334 nander
429 294 590 343 innuit,
631 294 814 332 oratione
836 309 933 333 usus
962 309 1106 347 parum
1128 295 1296 347 quidem
1319 303 1411 348 apta
1436 297 1520 347 ²3),
1563 297 1636 336 sed

240 373 388 414 pravae
408 358 740 410 interpretationi
763 358 932 397 minime
952 359 1153 397 obnoxia:
1185 360 1308 398 modo
1331 359 1638 399 meminerimus

241 423 432 462 Chosrois
455 428 626 461 mortem
642 422 786 474 viginti
807 423 895 461 fere
919 422 1037 460 annis
1058 429 1150 475 post
1160 425 1400 462 Hunnorum
1417 424 1638 462 adventum

242 487 284 525 in
303 485 535 534 Thraciam,
566 486 636 524 ubi
657 486 792 538 quinti
814 486 912 524 libri
935 487 1111 524 narratio
1124 487 1394 538 abrumpitur,
1423 486 1636 528 accidisse.

242 552 302 590 Ac
315 564 365 588 ne
381 549 475 602 quis
492 550 596 588 forte
615 549 842 602 suspicetur
853 551 904 588 ad
929 550 1162 588 molestiora
1182 550 1343 602 negotia
1365 551 1563 598 delatum,
1579 556 1636 588 at*

243 628 326 667 que
341 613 395 651 ita
411 614 492 652 otio
505 614 614 666 quod
635 613 830 653 historiae
852 614 1091 652 scribendae
1106 614 1309 653 tribueret
1322 613 1522 666 privatum
1533 626 1637 662 esse,

243 679 286 717 in
311 677 456 716 eodem
475 678 582 716 vitae
599 691 750 730 genere
770 678 1038 731 permansisse
1060 679 1124 716 vel
1146 678 1392 730 cognomine
1413 682 1514 716 teste
1532 690 1640 715 com-

242 747 403 796 pertum
419 746 490 780 est.
529 742 622 790 Quo
648 756 844 781 concesso
864 742 956 794 quis
977 743 1117 781 eredat
1137 743 1226 780 fieri
1248 741 1427 794 potuisse
1447 748 1494 780 ut
1511 755 1639 794 spon-

243 812 283 845 te
313 806 519 843 omitteret
556 810 711 858 gratum
747 807 925 844 laborem
963 821 984 843 a
1022 820 1105 858 quo
1145 806 1255 844 omni
1289 805 1329 843 vi
1359 811 1482 857 atque
1513 803 1639 843 unice

242 869 534 924 persequendo
575 870 749 921 negotiis
784 871 1012 909 forensibus
1039 884 1082 909 se
1119 870 1310 908 distineri
1332 869 1524 922 queritur
1549 868 1639 916 ⁹⁴)?

246 948 351 987 quae
367 941 502 972 tamen
524 935 730 973 cumulate
755 935 891 974 offerri
906 935 1003 974 alias
1022 935 1258 974 laetandum
1273 933 1351 972 sibi
1374 946 1461 972 esse
1474 931 1639 980 fatetur,

246 1012 297 1037 ne
319 997 460 1050 inopia
482 1004 701 1050 prematur.
740 999 868 1037 Nemo
897 1005 1030 1037 tamen
1062 998 1163 1037 hinc
1186 997 1408 1037 concludat
1422 995 1640 1048 Agathiam

249 1061 605 1100 annumerandum
629 1075 714 1100 esse
735 1061 974 1100 infelicibus
996 1062 1079 1101 illis
1107 1061 1194 1114 qui,
1217 1075 1269 1099 ne
1291 1062 1398 1099 fame
1419 1064 1639 1106 vexentur,

245 1140 268 1164 a
291 1125 441 1164 litteris
459 1126 655 1164 recedere
679 1126 808 1164 coacti
841 1132 948 1164 sunt.
974 1126 1075 1164 Nam
1093 1125 1165 1164 illa
1188 1130 1275 1163 erat
1298 1123 1640 1163 scholasticorum
1679 1154 1681 1157 .

247 1189 439 1229 condicio
460 1194 506 1227 ut
525 1203 668 1227 eorum
685 1189 849 1228 avaritia
864 1189 1022 1242 legibus
1036 1195 1141 1228 esset
1158 1187 1477 1241 compescenda:
1502 1199 1639 1238 neque

245 1253 466 1294 clientibus
501 1254 680 1292 caruisse
710 1254 923 1292 credemus
953 1253 1087 1291 virum
1119 1253 1191 1305 qui
1225 1251 1376 1305 insigni
1419 1249 1640 1290 facundiae

245 1317 376 1371 gloria
398 1322 438 1356 et
473 1317 592 1357 vivus
621 1323 662 1356 et
691 1323 782 1369 post
806 1323 980 1356 mortem
1018 1316 1173 1355 floruit.
1228 1316 1396 1368 Itaque,
1426 1315 1506 1353 nisi
1528 1314 1642 1351 lusus

247 1387 308 1422 est
334 1381 408 1419 ista
425 1380 474 1420 de
499 1394 572 1419 sua
594 1386 701 1419 sorte
727 1381 913 1433 querela,
943 1380 1026 1419 illis
1042 1380 1322 1419 accensendus
1349 1378 1427 1417 erit
1446 1375 1643 1429 Agathias

246 1446 334 1498 qui,
352 1444 428 1483 nisi
448 1444 671 1483 admodum
693 1445 801 1483 laute
816 1445 954 1483 vivere
974 1444 1148 1496 aliisque
1162 1442 1301 1495 largiri
1323 1446 1509 1495 possunt,
1522 1452 1643 1491 egere

245 1508 325 1549 sibi
351 1508 556 1546 videntur.
604 1508 723 1558 Quae
754 1507 920 1560 quidem
945 1508 1088 1560 opinio
1112 1507 1402 1560 epigrammate
1423 1505 1644 1544 confirma-

244 1578 315 1610 tur
334 1585 417 1624 quo
443 1571 530 1622 ille,
559 1578 676 1624 pater
702 1571 845 1624 oppidi
874 1571 1022 1620 dictus,
1053 1571 1094 1608 in
1131 1568 1358 1621 municipio
1388 1581 1461 1607 suo
1488 1568 1642 1615 locum,

246 1641 368 1675 antea
397 1635 613 1675 obscoenis
651 1635 924 1674 immunditiis
959 1635 1144 1673 foedum.
1168 1640 1292 1685 atque
1339 1630 1640 1678 detestabilem,

248 1712 471 1753 purgasse,
500 1705 624 1750 atque
649 1699 829 1751 eleganti
851 1698 1065 1748 aedificio,
1095 1698 1236 1736 nescio
1263 1710 1362 1748 quo,
1384 1707 1551 1734 ornasse
1576 1693 1642 1733 di-

248 1764 357 1803 citur
377 1764 449 1812 ²⁵).
502 1762 595 1800 Alia
620 1762 788 1802 fortasse
815 1767 1026 1815 praeterea
1053 1761 1215 1814 pietatis
1243 1760 1378 1799 officia
1402 1759 1444 1797 in
1469 1758 1644 1812 patriam

248 1826 452 1866 contulit:
482 1840 587 1878 quae
613 1840 695 1865 non
717 1826 856 1864 minus
881 1831 1051 1879 propter
1071 1825 1178 1863 hanc
1199 1824 1391 1863 virtutem
1407 1836 1531 1875 quam
1552 1821 1642 1860 elo-

248 1890 443 1944 quentiae
467 1903 588 1928 causa
603 1919 614 1940 ,
643 1903 738 1929 eum
768 1904 862 1930 cum
889 1896 1004 1943 patre
1025 1888 1265 1928 Memnonio
1289 1894 1330 1926 et
1353 1888 1481 1926 fratre
1515 1890 1646 1925 statua

250 1954 412 1993 ornavit
432 1952 513 2004 ²⁶):
542 1954 660 1994 cuius
679 1954 864 2004 honoris,
882 1967 1011 2006 quum
1039 1953 1138 1991 olim
1162 1952 1305 1991 suisset
1329 1949 1646 2004 vulgatissimus,

248 2018 324 2058 illo
340 2023 537 2071 tempore,
558 2019 600 2056 in
619 2019 801 2072 privatos
812 2019 966 2067 collati,
982 2017 1053 2056 vix
1070 2016 1183 2055 aliud
1196 2019 1382 2069 superest
1394 2013 1643 2066 exemplum.

354 2082 507 2121 Mansit
533 2089 668 2122 autem
694 2083 784 2123 viro
812 2083 980 2122 laudato
1003 2082 1122 2120 etiam
1151 2086 1244 2133 post
1266 2080 1394 2118 funus
1415 2077 1560 2117 eadem
1584 2075 1646 2114 in-

248 2146 376 2200 signis
401 2147 510 2184 fama
536 2147 823 2199 eloquentiae:
855 2146 907 2186 ad
937 2159 1060 2198 quam
1079 2143 1344 2183 referendum
1366 2154 1454 2182 esse
1478 2140 1647 2180 videtur

251 2211 366 2265 quod
388 2211 630 2261 Menander,
653 2211 725 2263 qui
749 2211 837 2251 eius
862 2209 1076 2250 historiam
1105 2206 1389 2256 continuavit,
1427 2203 1645 2244 infantiam

251 2289 366 2316 suam
395 2281 476 2312 tam
501 2274 768 2314 vehementer
800 2279 979 2316 excusat.
1042 2275 1186 2325 Itaque
1205 2284 1348 2323 quum,
1384 2267 1538 2308 renatis
1567 2266 1645 2306 sub

250 2338 523 2379 Basilidarum
561 2339 732 2392 imperio
766 2339 938 2388 litteris,
986 2337 1160 2376 eandem
1201 2334 1368 2374 laudem
1402 2335 1646 2386 appeterent

252 2403 394 2456 pusilli
427 2401 582 2454 ingenii
611 2402 824 2453 homines,
861 2401 1079 2454 Agathiam
1108 2398 1353 2438 imitandum
1374 2396 1452 2436 sibi
1475 2393 1645 2447 sumpsit

251 2469 336 2507 Leo
356 2466 582 2516 Diaconus,
613 2472 658 2505 ut
681 2467 824 2506 Hasius
845 2482 884 2508 v.
911 2466 972 2505 ill.
997 2463 1218 2504 indicavit:
1257 2462 1325 2502 cui
1345 2460 1459 2515 quod
1478 2459 1646 2514 placue-

298 2550 356 2596 23)
377 2550 419 2584 V.
445 2552 648 2585 testimonia
676 2564 683 2584 :
710 2549 886 2596 ὦρμήθην
909 2549 1095 2594 ἄρξασθαι
1106 2546 1196 2594 μετὰ
1217 2544 1281 2588 τὴν
1301 2545 1505 2590 ᾱποβίωσιν
1534 2541 1647 2586 'Ara-

343 2598 442 2629 acon.
482 2597 592 2643 ⁴324)
615 2597 705 2635 nist,
728 2598 786 2630 111.
818 2609 845 2634 ι.
865 2608 899 2642 p.
935 2597 1006 2631 138.
1097 2595 1154 2639 25)
1177 2594 1355 2638 Epignw-
1449 2589 1507 2635 26)
1533 2589 1650 2633 Epigr-

342 2641 533 2679 michaelii.
