1794 3112
255 121 272 154 ι
287 122 354 156 20
826 120 1096 164 AGATHIAE

56 229 100 264 Δ.
117 228 153 261 C.
170 229 234 272 554
245 218 410 260 πιόσατο
431 218 670 273 παραλόγως
684 218 756 271 τὴν
780 221 1014 274 βασιλείαν,
1055 221 1126 264 καί
1158 224 1214 279 τῷ
1238 225 1369 281 οἰκείῳ
1399 223 1641 280 ἑνεφύτευσε

100 275 130 309 Ῑ·
146 276 174 311 Ῑ·
192 277 235 309 ²8
244 284 369 334 γένει,
395 278 450 330 ὥς
473 297 551 323 που
577 283 705 324 Βίωνι
723 282 945 336 γέγραπται
965 286 1035 326 καί
1063 282 1315 343 Ἀλεξάνδρῳ
1331 289 1387 343 τῷ
1409 289 1641 329 Πολυΐστο-

196 357 309 400 Βρι,
339 347 413 393 ἕως
439 347 481 393 ἐς
504 343 839 400 Σαρδανάπαλον,
867 344 922 395 ὥς
950 349 1100 390 ἐκεῖνοί
1116 366 1238 404 φασι,
1277 353 1349 404 τῆς
1376 351 1507 406 ἀρχῆς
1539 347 1642 391 ‹ino-

243 408 548 462 μαρανθείσης,
581 405 788 463 Ἀρβάκης
810 407 831 450 ὅ
857 412 1006 463 Μῆδος
1033 411 1104 452 καί
1126 415 1305 461 Βέλεσυς
1327 413 1349 454 ὅ
1377 414 1641 466 Βαβυλώνιος

243 471 473 527 ἆᾳῑῄρηνται
507 469 637 526 αὕτὴν
669 471 763 522 τούς
789 469 1056 528 Ἀσσυρίους,
1099 476 1335 525 καθελόντες
1356 475 1426 518 τὸν
1453 478 1666 530 βασιλέα,5

239 534 312 576 καί
339 537 380 585 ἐς
409 534 455 576 τό
483 535 676 591 Μηδικόν
696 538 948 591 μετέστησαν
968 529 1110 593 ἔθνος,
1149 542 1190 590 ἓξ
1223 557 1266 581 τε
1294 543 1364 582 καί
1396 540 1643 596 τριακοσίων

131 594 318 654 v.461²7‘‹5›7
342 598 445 655 πρὸς
465 605 552 649 τοῖς
573 600 743 653 χιλίοις,
784 597 812 655 ἢ
841 601 913 642 καί
937 601 1057 659 ὀλίγῳ
1079 602 1297 657 πλειόνων,
1326 606 1423 646 ἐτῶν
1445 621 1641 663 παρῳχη-

238 660 391 715 κότων,
428 664 470 714 ἐξ
495 659 544 705 οὗ
569 662 621 705 τά
644 666 787 719 πρῶτα
814 662 838 704 ὅ
869 669 1003 713 Νῖνος
1020 668 1101 707 τῶν
1135 667 1266 723 ἐκείνῃ
1305 669 1498 721 κατέσχεν
1533 685 1639 724 πρα-

235 725 414 780 γμάτων.
451 724 559 770 οὕτω
584 726 662 783 γάρ
689 729 850 785 Κτησίᾳ
881 731 939 785 τῷ
970 730 1126 787 Κνιδίῳ
1154 729 1251 780 τούς
1270 733 1440 787 χρόνους
1461 733 1640 787 ἀναγρα-

209 804 211 806 “
235 793 409 847 ψαμένῳ
435 790 504 832 καί
521 789 730 846 Διόδωρος
753 791 960 848 ’ξύμφησιν
984 792 1006 834 ὁ
1028 792 1282 849 Σικελιώτης.
1337 797 1481 849 Μῆδοι
1502 794 1691 837 τοίνυνιο

237 850 363 904 αὖθις
381 855 590 911 ἐκράτουν,
610 858 682 897 καί
703 852 864 898 ἅπαντα
881 864 964 906 τοῖς
985 858 1144 899 ἐκείνων
1161 858 1373 900 ἐτάττοντο
1395 857 1542 911 νόμοις.
1569 857 1639 913 ἔτη

136 923 171 957 P.
181 920 225 961 62
240 919 284 960 δὲ
309 921 379 960 καί
405 918 558 976 τούτων
579 921 623 962 ἐν
647 921 697 975 τῇ
722 917 831 976 άρχῇ
851 922 1126 963 διανυσάντων
1150 923 1198 963 οὗ
1223 928 1338 975 μεῖον
1362 919 1389 977 ἢ
1412 919 1640 978 τριακόσια,

238 985 380 1038 Κῦρος
404 983 426 1023 ὅ
449 985 682 1036 Καμβύσου
709 984 780 1026 τὸν
809 982 1038 1042 Ἀστυάγην
1059 986 1404 1041 καταπολεμήσας,
1432 987 1502 1029 ε’πί
1522 988 1640 1042 Πέρ-

236 1062 311 1096 σας
334 1046 406 1101 τὴν
426 1045 642 1101 ἡγεμονίαν
669 1047 884 1103 μετήγαγε.
911 1051 995 1099 πῶς
1017 1052 1060 1092 δὲ
1088 1051 1161 1091 οὐκ
1180 1046 1371 1104 ἤμελλεν,
1399 1053 1568 1107 Πέρσης
1594 1065 1639 1091 τε

236 1105 294 1150 ὢν
316 1108 440 1160 αὐτὸς
459 1110 669 1166 ἰθαγενὴς,
698 1113 769 1154 καί
791 1110 878 1165 ἅμα
895 1114 1155 1166 χαλεπαίνων
1179 1121 1261 1164 τοῖς
1283 1114 1452 1171 Μήδοις
1472 1114 1540 1156 διὰ
1562 1114 1690 1164 wig-15

235 1172 308 1223 ξῦν
340 1171 561 1228 Ἀστυάγει
582 1173 855 1230 παρατάξειςς
894 1177 1166 1232 κρατήσαντες
1197 1180 1242 1220 δὲ
1276 1178 1346 1220 καί
1374 1177 1411 1220 οἱ
1438 1178 1641 1233 Περσικοὶ

233 1240 416 1290 βασιλεῖς
440 1234 547 1279 ὄκτώ
575 1255 620 1280 τε
646 1238 718 1280 καί
737 1238 864 1282 εἴκοσι
893 1241 963 1282 καί
985 1240 1172 1283 διακόσια
1192 1242 1287 1297 ἔτη,
1323 1242 1394 1283 καί
1410 1244 1548 1295 μέντοι
1570 1241 1642 1283 καὶ

233 1298 261 1355 ἦ
281 1301 434 1343 τούτων
463 1297 572 1357 ἆρχὴ
594 1303 821 1344 τελεώτατα
851 1302 1017 1358 διερρύη
1030 1338 1043 1357 ,
1081 1307 1243 1362 στρατῷ
1265 1304 1442 1361 ἑπηλύτῃ
1471 1304 1542 1346 καί
1561 1309 1640 1357 βα-

233 1369 345 1406 σιλεῖ
363 1363 561 1422 ἀλλοτρίῳ
583 1369 871 1408 καταλυθεῖσα.
896 1368 1161 1423 Ἀλέξανδρος
1182 1369 1260 1422 γάρ
1284 1368 1307 1409 ὅ
1332 1368 1538 1410 Φιλίππου
1550 1371 1640 1411 Δα-

235 1433 343 1481 ρεῖον
374 1426 615 1477 ἀποκτείνας
642 1427 715 1470 τόν
743 1426 984 1484 Ἀρσάμου,
1035 1429 1108 1472 τόν
1135 1434 1331 1485 βασιλέα,
1378 1430 1449 1472 καί
1475 1428 1691 1472 ἅπασαναο

232 1492 309 1547 τὴν
335 1493 528 1548 Περσίδα
548 1491 930 1549 παραστησάμενος,
959 1496 1002 1544 ἐς
1027 1495 1315 1550 Μακεδονικὴν
1344 1494 1395 1537 τὰ
1419 1495 1638 1551 πράγματα

324 1609 355 1641 3.
382 1608 488 1652 Intpr.
502 1613 583 1652 post
595 1608 711 1654 Σαρδ.
734 1609 834 1644 addit
849 1611 912 1644 sub
937 1623 1019 1656 quo,
1044 1612 1143 1656 quasi
1158 1611 1299 1656 legisset
1321 1608 1381 1653 ἐφ’
1407 1601 1464 1646 οὗ.
1512 1610 1544 1652 4.
1570 1610 1636 1642 Βέ-

321 1653 428 1688 λεσυς
452 1655 508 1694 R.,
535 1655 710 1691 Βέλεσσυς
745 1656 834 1700 vulg.
889 1668 919 1700 7.
947 1655 968 1697 'f
992 1659 1053 1688 καὶ
1078 1658 1131 1695 R.‚
1156 1657 1264 1700 Intpr.
1292 1663 1368 1695 auc,
1395 1657 1455 1687 καὶ
1477 1656 1567 1699 vulg.
1591 1675 1637 1680 —

324 1698 524 1732 Secundum
538 1700 740 1743 Syncellum
771 1702 868 1744 1460.
960 1703 990 1734 8.
1015 1702 1053 1740 ἐξ
1077 1695 1120 1734 οὗ
1146 1703 1207 1739 R„
1243 1700 1309 1745 ἀφ’
1334 1692 1381 1732 οὗ
1401 1701 1491 1743 vulg.
1563 1700 1637 1732 τῶν

318 1741 471 1777 ἐκείνων
494 1746 530 1777 R.
670 1757 718 1780 ιι.
745 1746 799 1779 ἔτι
824 1747 861 1778 R.
886 1757 949 1791 pro
974 1747 1042 1788 ἔτη.
1159 1746 1208 1788 ι4.
1236 1747 1341 1791 Intpr.
1370 1757 1446 1779 cum
1472 1747 1582 1779 Persa
1604 1747 1638 1779 is

323 1797 434 1830 esset,
458 1790 676 1836 Persiaeque
700 1792 871 1825 insuetus.

231 1875 427 1909 vindicavit
477 1888 613 1921 suoque
649 1878 767 1921 generi
784 1879 932 1919 insevit,
976 1878 1277 1924 quemadmodum
1294 1879 1356 1912 Bio
1377 1883 1412 1912 et
1438 1877 1638 1912 Alexander

229 1921 432 1964 Polyhistor
457 1924 648 1956 memoriae
674 1923 927 1967 prodiderunt,
963 1924 1076 1957 donec
1107 1925 1346 1968 Sardanapalo
1383 1929 1572 1968 regnante,
1597 1929 1637 1956 ut

230 1967 288 1998 illi
322 1967 498 2007 scribunt,
533 1979 612 2000 cum
658 1969 726 2000 iam
757 1970 984 2002 emarcuisset
1026 1971 1236 2014 imperium,
1271 1969 1421 2002 Arbaces
1450 1969 1573 2002 Medus
1601 1974 1638 2002 et

231 2011 372 2055 Belesys
398 2012 612 2055 Babylonius
637 2013 729 2046 illud
753 2014 902 2056 Assyriis
928 2015 1150 2058 eripuerunt,
1185 2015 1371 2047 interfecto
1403 2015 1558 2057 ipsorum
1581 2024 1638 2046 re-

232 2067 286 2100 ge,
311 2063 346 2089 et
373 2057 418 2089 ad
442 2057 564 2091 Medos
589 2059 866 2100 transtulerunt,
902 2071 962 2092 sex
987 2065 1022 2092 et
1051 2061 1218 2093 trecentis
1242 2061 1311 2092 iam
1338 2071 1442 2103 supra
1469 2060 1567 2092 mille
1600 2063 1637 2091 et

233 2102 341 2145 paulo
367 2103 516 2146 amplius
550 2104 650 2136 annis
684 2104 832 2148 elapsis,
866 2116 909 2137 ex
943 2116 1013 2150 quo
1048 2106 1198 2149 primum
1230 2104 1341 2137 Ninus
1380 2104 1432 2137 ibi
1469 2115 1640 2136 summam.

235 2157 351 2178 rerum
387 2147 601 2181 obtinuerat.
658 2149 711 2181 Ita
747 2150 842 2181 enim
877 2150 1015 2183 Ctesiae
1058 2150 1186 2183 Cnidio
1225 2156 1382 2194 tempora
1422 2147 1638 2182 describenti

234 2191 412 2225 Diodorus
447 2194 554 2225 etiam
590 2194 728 2226 Siculus
758 2195 958 2228 assentitur.
1017 2195 1113 2228 Medi
1137 2196 1257 2240 itaque
1292 2206 1426 2227 rursum
1450 2195 1638 2238 imperium

235 2241 318 2269 sunt
341 2236 483 2280 adepti,
508 2239 700 2283 omniaque
725 2240 881 2282 ipsorum
911 2240 1050 2284 legibus
1078 2240 1395 2273 constituebantur.
1445 2239 1532 2272 Cum
1554 2249 1638 2271 vero

235 2282 344 2314 etiam
378 2282 416 2313 hi
443 2284 542 2315 annis
573 2295 645 2316 non
679 2284 794 2316 minus
831 2286 996 2318 trecentis
1030 2285 1176 2328 imperio
1212 2290 1328 2317 essent
1359 2284 1489 2328 potiti,
1529 2284 1638 2326 Cyrus

236 2326 429 2369 Cambysae
455 2328 547 2360 filius
573 2328 719 2372 Astyage
746 2329 924 2363 debellato
951 2331 994 2363 ad
1022 2331 1138 2362 Persas
1156 2331 1342 2373 imperium
1366 2329 1530 2362 traduxit.
1556 2329 1636 2372 Quo

233 2376 337 2414 pacto
374 2372 468 2404 enim
492 2373 531 2406 id
555 2384 626 2406 non
652 2379 726 2406 erat
749 2375 924 2414 facturus,
953 2386 1029 2408 cum
1055 2381 1090 2407 et
1124 2377 1224 2408 Persa
1252 2376 1327 2419 ipse
1352 2380 1442 2407 esset
1459 2374 1637 2418 indigena,

233 2417 410 2462 simulque
439 2417 553 2451 Medis
597 2419 753 2451 infensus
787 2419 832 2451 ob
866 2421 1002 2464 proelia
1034 2431 1111 2453 cum
1149 2420 1294 2463 Astyage
1346 2418 1496 2452 habita?
1549 2418 1637 2451 Cum

233 2471 316 2494 vero
341 2463 447 2494 etiam
476 2463 603 2496 Persici
627 2475 722 2508 reges
749 2465 848 2496 annis
876 2471 954 2498 octo
982 2471 1018 2498 et
1039 2466 1165 2509 viginti
1197 2476 1311 2511 supra*
1335 2463 1503 2497 ducentos
1526 2464 1640 2507 impe-

234 2511 391 2546 rassent,
424 2509 529 2542 etiam
556 2508 681 2542 horum
706 2510 892 2553 imperium
926 2512 1070 2554 penitus
1099 2516 1151 2543 est
1182 2511 1384 2554 collapsum,
1419 2509 1462 2542 ab
1495 2514 1639 2541 externo

238 2553 394 2585 exercitu
427 2558 464 2585 et
496 2564 576 2598 rege
615 2554 815 2598 alienigena
850 2555 1071 2600 dissipatum.
1129 2555 1326 2588 Alexander
1357 2555 1450 2587 enim
1483 2552 1642 2596 Philippi

233 2596 328 2629 filius
351 2597 539 2632 interfecto
562 2598 668 2631 Dario
690 2610 781 2641 roge,
809 2599 943 2633 Arsami
960 2595 1057 2641 silio,
1082 2606 1228 2646 totaque
1254 2598 1394 2633 Perside
1417 2598 1570 2637 subacta,
1596 2597 1643 2629 ad

233 2640 498 2677 Macedonicam
521 2643 816 2689 gubernationem
849 2656 906 2679 ros
938 2646 1133 2681 transtulit.
1182 2647 1236 2682 Ita
1262 2645 1356 2680 enim
1383 2653 1499 2680 rerum
1531 2647 1645 2687 gesta-
