1832 3152
555 104 927 146 ms‘romARtm
956 109 1023 146 1v.
1051 106 1090 153 ιι,
1342 139 1344 141 ,
1435 84 1463 143 2‘
1479 107 1496 141 1
1511 88 1542 143 3

113 208 248 264 παρῇ,
291 201 368 249 κᾶν
402 204 724 262 συστρατεύοιτο
747 240 760 259 ,
808 202 886 248 κᾶν
915 206 972 257 ὥς
999 206 1200 262 ἐγγύτατα
1231 208 1289 267 τῷ
1312 207 1421 262 γένει
1449 216 1726 254 συν-Α.Ο.555

109 274 249 326 ἧπται.
292 271 400 314 ἄλλα
433 270 511 327 γάρ
544 271 593 312 οὗ
618 271 740 327 φίλον
771 272 869 314 οὐδὲ
894 275 1068 326 βασιλέα
1102 273 1233 330 φασίν
1265 266 1583 328 dnemovs'vmst·
1597 266 1681 317 1³9

111 341 308 392 πολέμιον
344 339 391 380 δὲ
421 339 577 390 μᾶλλον
611 336 684 378 καί
706 337 907 394 τύραννον
940 341 1014 381 καί
1041 338 1093 381 τὰ
1125 342 1311 396 Περσῶν
1341 340 1550 382 ἐσπουδα-

55 428 60 433 ·
108 402 218 447 κὸτα.
237 402 337 460 πρὸς
355 405 474 446 τοῦτο
490 402 568 460 γὰρ
583 402 805 459 ἑληλάκασι
823 406 1108 461 παρανομίας,
1146 405 1203 455 ὥς
1224 406 1436 460 μηδισμοῦ
1453 402 1553 448 διιό-

82 470 195 513 5κειν
219 467 292 512 τὸν
316 471 525 522 κειζιιενον·
552 471 623 511 καί
656 473 896 526 περιέστηκε
918 473 975 528 τῷ
996 473 1160 529 δειλαίῳ
1193 472 1302 526 μηδὲ
1325 469 1548 526 τεθνηκότι
1579 475 1583 479 ’

107 537 190 579 cdiv
208 537 357 579 δεινῶν
381 534 652 591 ἀπηλλάχθαι
661 571 674 590 ,
704 533 810 578 ἀλλὰ
835 537 911 578 νῦν
938 536 1162 592 προδοσίας
1184 537 1352 592 φεύγειν
1379 535 1578 592 γραφὴνΒ

107 598 177 643 ὅτε
205 603 338 658 μηδὲν
369 605 493 645 πλέον
526 604 607 653 ἕξει
633 604 766 645 νικῶν.
804 608 920 653 ποῖος
957 604 1004 645 δὲ
1042 602 1167 656 νόμος
1201 597 1228 657 ἢ
1254 605 1352 658 παρ’
1383 601 1486 654 ύμῖν
1524 598 1554 657 ἢ

106 667 220 724 παρὰ
251 667 480 724 βαρβάροις
506 669 756 713 ἐπαινέσειεν
781 664 833 711 ἂν
852 668 1102 725 κατηγορίαν
1117 669 1163 711 ἐν
1185 667 1347 726 ὖστέρῳ
1366 669 1437 722 τῆς
1460 666 1550 723 κρί-

106 748 212 782 σεως
244 735 488 790 γιγνομένην
499 752 513 787 ,·
554 735 694 790 κριταί
732 732 809 791 γὰρ
839 731 964 776 αὖτοί
997 736 1070 777 καί
1106 736 1320 788 δυσμενεῖς
1367 732 1442 775 καὶ
1476 749 1551 774 κα-

57 798 293 855 ιοτὴγοροι,
339 802 412 842 καί
446 797 535 853 ἅμα
564 801 700 842 πάντα
726 798 1024 854 καταστάντες,
1070 799 1276 856 τιμωρίαν
1305 800 1384 852 μὲν
1411 799 1550 849 ἀνεξε-

104 864 261 914 τάστως
291 866 351 923 τῷ
384 867 516 921 μηδὲν
557 864 809 921 ἡμαρτηκότι
844 863 1121 921 προσήγαγον,
1171 863 1320 907 ὅποίαν
1353 861 1463 914 εἰκὸς
1499 857 1550 918 ἦν

104 929 303 983 ὑποσχεῖν
332 928 404 972 τὸν
435 929 492 980 ὥς
519 931 686 986 ἀληθῶς
710 930 958 986 τυραννίδος
986 929 1151 974 ἁλόντα.
1195 926 1346 987 ἥκουσι
1382 930 1428 973 δὲ
1456 929 1547 979 νῦν,

104 997 197 1038 δέον
230 996 528 1050 ἀπολογεῖσθαι
538 1030 551 1050 ,
594 996 912 1049 καταιτιώμενοι
946 994 1020 1039 τὸν
1046 997 1306 1053 ἠδικημένον·
1347 996 1478 1037 καίτοι
1505 994 1548 1036 ἐ-

102 1062 211 1117 χρῆν
233 1060 384 1112 αὐτοὺς
403 1064 502 1117 πρίν
529 1061 689 1103 ἀνελεῖν
702 1095 714 1114 ,
745 1060 786 1102 εἴ
806 1077 852 1116 γε
871 1067 961 1111 ταῖς
985 1061 1135 1112 αἴτιἀις
1152 1063 1441 1114 ἐπεποίθεσαν,
1471 1061 1547 1113 ἒμ-

54 1127 247 1183 ιόφανῶς
270 1125 344 1182 τὴν
373 1124 474 1182 πρὸς
504 1126 634 1170 αὐτὸν
669 1126 953 1182 ἐνστήσασθαι
980 1128 1120 1182 δίκην,
1164 1129 1236 1169 καί
1259 1127 1450 1182 πρώτους
1478 1127 1546 1179 ἐγ-

103 1196 254 1246 καλεῖν,
281 1189 387 1235 οἷλλά
403 1193 461 1248 μη
485 1195 561 1235 νῦν
579 1193 936 1248 κατηγορημένους
955 1189 1228 1247 ἀντεγκαλεῖν.
1254 1193 1294 1234 εἰ
1317 1190 1397 1248 γιὶρ
1420 1194 1540 1233 τοῦτο
1554 1202 1580 1236 C

102 1261 230 1302 πᾶσιν
253 1260 426 1315 ἐφεῖται,
457 1259 506 1301 τί
527 1257 678 1314 δήποτε
696 1254 780 1315 ἄρα
798 1257 858 1313 μὴ
882 1258 954 1301 καὶ
970 1258 1088 1314 ἡμεῖς
1112 1257 1262 1302 τούσδε
1295 1257 1393 1307 τοὺς
1414 1274 1532 1311 μιαι-
1544 1267 1584 1301 V.
1600 1279 1644 1314 79

105 1322 255 1382 φόνους
281 1319 522 1383 αὗτοχειρία
552 1322 891 1380 διεχρησιίμεθας
919 1322 1054 1380 παρὸν
1074 1325 1186 1380 ἡμῖν,
1203 1322 1307 1380 πρὸς
1330 1324 1446 1378 δίκην
1469 1339 1545 1366 τυ-

104 1387 184 1443 χὸν
214 1387 456 1444 ἀγομένοις,
506 1389 794 1445 οἷντεπιφέρειν
829 1389 972 1439 αὐτοῖς
1004 1388 1076 1431 καί
1105 1389 1322 1445 τεθνηκόσι
1362 1386 1412 1431 ‘ra'
1442 1391 1541 1442 παρ’

52 1454 244 1499 maiiviii*
277 1453 475 1511 πρότερον
506 1454 802 1511 ἡμαρτημένα,
841 1454 914 1496 καί
936 1453 1065 1512 ταύτῃ
1089 1458 1316 1511 πειρᾶσθαι
1341 1453 1545 1495 δεικνύειν

201 1563 228 1586 ι.
253 1549 567 1596 συστρατεύσοιτο
592 1552 630 1584 R.
733 1552 764 1596 4.
787 1552 998 1597 παρανοίας
1019 1551 1057 1584 R.
1085 1554 1123 1585 et
1141 1550 1254 1594 Infpr.
1280 1562 1322 1583 eo
1347 1550 1537 1589 vesaniae,

197 1611 230 1644 7.
261 1597 325 1630 Pro
357 1596 476 1644 νόμος
511 1599 549 1631 R.
583 1596 798 1643 γενόμενος.
940 1596 1031 1643 παρ’
1074 1596 1165 1642 ὑμῖν
1196 1596 1309 1640 Lugd.
1348 1602 1385 1630 et
1424 1597 1535 1640 Intpr.

195 1643 297 1691 apud
315 1655 394 1684 vos,
429 1644 517 1690 παρ’
541 1643 633 1689 ἡμῖν
662 1647 699 1678 Β.
735 1650 772 1677 et
790 1645 861 1678 Par.
989 1656 1022 1689 9.
1051 1643 1256 1688 γινομένην
1278 1645 1314 1675 R.
1455 1642 1538 1674 Post

195 1691 394 1736 δυσμενεῖς
417 1691 523 1724 iterat
546 1691 655 1724 αὐτοὶ
678 1692 770 1736 vulg.
922 1702 975 1727 ιο.
1006 1689 1254 1728 ἀνεξετάστως
1280 1691 1320 1728 R.
1355 1693 1392 1722 ct
1426 1689 1537 1731 Intpr.

194 1735 340 1772 indicta
353 1749 484 1778 causa,
524 1736 753 1782 οἷνεξεπίστῳ
790 1737 883 1783 vulg.
995 1737 1048 1780 15,
1070 1738 1200 1784 πρῶτα
1226 1737 1264 1770 R.
1399 1736 1449 1768 16.
1475 1745 1539 1766 κα-

193 1786 492 1830 τηγορουμένους
515 1785 556 1822 Β.

103 1870 174 1904 rito
199 1867 314 1911 hostis
340 1872 395 1902 est
421 1866 649 1910 iudicandus,
674 1867 815 1900 etiamsi
838 1870 979 1911 praesto
1005 1868 1063 1908 sit,
1085 1877 1228 1913 unaque
1252 1866 1397 1906 militet,
1423 1876 1538 1910 quan·

103 1914 232 1958 tun-ivis
261 1916 371 1949 etiam
395 1926 504 1962 quam
529 1915 691 1960 proxime
719 1924 847 1959 genere
889 1914 938 1947 sit
970 1914 1193 1950 coniunctus,
1240 1912 1287 1945 At
1316 1923 1399 1945 vero
1421 1936 1430 1951 ,
1463 1922 1538 1944 non

104 1963 258 1995 amicum
281 1972 382 2004 sese,
413 1973 487 1997 non
517 1972 636 2006 regem
666 1960 889 2000 interfecisse
914 1959 1062 2001 dicunt,
1095 1960 1159 1993 sed
1183 1959 1323 1992 hostem
1354 1959 1474 2003 potius
1501 1962 1538 1989 et

106 2012 295 2051 tyrannum
329 2013 367 2042 et
397 2009 580 2042 Persarum
611 2006 822 2046 studiosum.
872 2007 923 2040 Eo
963 2007 1059 2040 enim
1085 2007 1286 2040 iniustitiae
1312 2005 1538 2050 iniquitatis-

106 2065 180 2100 que
200 2059 462 2098 pewenerunt,
486 2059 528 2088 nt
552 2053 720 2089 Medismi
746 2059 915 2089 accusent
943 2059 1144 2095 mortuum3
1182 2064 1299 2098 eoque
1326 2053 1398 2086 iam
1429 2051 1537 2084 miser

106 2098 269 2135 redactus
295 2105 351 2135 est
368 2126 378 2142 ‚
419 2105 461 2134 ut
483 2112 529 2134 ne
554 2106 714 2134 mortuus
739 2099 887 2154 quidem
921 2111 940 2132 a
975 2101 1077 2133 malis
1111 2100 1158 2133 sit
1184 2099 1279 2132 liber
1301 2124 1310 2140 ‚
1343 2097 1406 2131 sed
1439 2107 1536 2129 nunc

106 2145 322 2193 proditionis
346 2147 591 2187 insimuletur,
629 2158 708 2179 cum
732 2157 766 2178 ei
788 2146 937 2180 victoria
959 2145 1054 2178 nihil
1083 2152 1137 2179 est
1161 2146 1357 2190 profutura.
1407 2143 1536 2188 Quae-

107 2203 191 2227 nam
212 2203 294 2227 vero
318 2193 378 2226 lex
404 2194 478 2226 sive
501 2193 598 2238 apud
618 2204 680 2226 vos
715 2193 789 2225 sive
826 2192 921 2236 apud
953 2192 1125 2225 barbaros
1162 2191 1361 2225 laudaverit
1390 2200 1534 2223 accusa-

106 2240 243 2272 tionem
266 2245 348 2284 post
372 2239 547 2274 iudicium
570 2240 700 2273 factam
715 2238 733 2272 ἰ’
779 2238 918 2272 Iudices
943 2239 1038 2271 enim
1068 2240 1138 2283 ipsi
1162 2265 1171 2280 ‚
1196 2244 1234 2272 et
1256 2239 1375 2272 hostes
1406 2242 1443 2270 et
1474 2247 1533 2268 ac-

104 2290 300 2327 cusatores,
332 2286 521 2332 omniaque
558 2287 664 2322 simul
700 2287 809 2326 facti,
845 2285 1061 2331 supplicium
1088 2285 1224 2321 indicta
1256 2296 1358 2318 causa
1390 2283 1434 2316 de
1463 2283 1532 2316 im-

104 2337 264 2365 merente
287 2339 530 2376 sumpserunt,
555 2334 661 2380 quale
688 2345 752 2378 par
777 2338 852 2366 erat
883 2333 975 2366 sumi
1009 2331 1054 2366 de
1081 2344 1137 2373 eo,
1164 2333 1226 2377 qui
1265 2342 1387 2364 revera
1410 2335 1532 2373 tyran-

103 2378 200 2421 nidis
226 2383 318 2412 esset
351 2380 539 2417 convictus.
588 2380 770 2414 Prodeant
794 2391 878 2412 vero
899 2391 995 2418 nunc
1013 2403 1022 2420 ‚
1051 2391 1131 2413 cum
1153 2378 1302 2412 defendi
1337 2382 1533 2421 oporteret,

101 2431 307 2459 accusantes
331 2422 511 2461 hominem
536 2427 671 2464 iniuria
716 2429 890 2459 affectum.
939 2426 1170 2470 Oportuisset
1204 2436 1287 2458 vero
1314 2424 1418 2462 illos,
1455 2423 1532 2466 pri-

101 2483 251 2517 nsquam
274 2473 392 2516 ipsum
413 2473 657 2507 interficerent
677 2498 686 2514 ,
722 2474 752 2505 si
783 2472 890 2505 modo
918 2471 1206 2505 accusationibus
1241 2471 1314 2504 suis
1347 2469 1532 2508 fidebant,

102 2523 226 2563 aperte
257 2519 296 2552 in
318 2528 400 2551 eum
431 2519 608 2553 actionem
640 2521 853 2559 instituere,
883 2520 1090 2564 primosque
1124 2518 1163 2550 in
1189 2518 1244 2550 ius
1271 2527 1394 2550 vocare
1414 2540 1422 2555 ,
1458 2525 1533 2547 nou

102 2575 186 2606 vero
212 2576 309 2598 nune
333 2570 513 2598 accusatos
545 2566 775 2600 recriminari.
826 2565 863 2598 Si
888 2566 983 2601 enim
1017 2563 1086 2598 hoc
1121 2564 1288 2597 omnibus
1323 2564 1434 2602 licet,
1470 2571 1532 2593 cur

103 2621 177 2649 uon
217 2611 328 2644 etiam
359 2623 424 2646 nos
458 2611 545 2646 istos
580 2612 760 2646 carnifices
799 2611 929 2645 nostris
959 2610 1125 2644 manibus
1160 2611 1394 2645 interficimus
1413 2633 1421 2647 ‚
1451 2617 1531 2640 cum

102 2655 210 2696 liceat
233 2656 339 2691 nobis
363 2659 402 2691 in
429 2659 484 2690 ius
508 2658 665 2692 fortassis
699 2657 861 2691 adductis
891 2657 1111 2691 reeriminari
1145 2661 1339 2699 contraque
1372 2655 1532 2688 obiicere

103 2699 191 2750 ipsis
215 2703 322 2742 etiam
347 2704 509 2746 mortuis,
538 2715 631 2751 quae
659 2711 763 2743 antea
792 2705 835 2741 ab
863 2705 950 2749 ipsis
985 2704 1131 2740 fuerunt
1165 2701 1380 2739 commissa?
1412 2700 1531 2749 Atque
