1794 3112
558 126 959 171 HISTORIARUM·
983 130 1056 168 111.
1084 133 1125 173 2.
1339 174 1341 176 ι
1386 190 1390 193 ⁴
1460 101 1575 175 1139

123 234 387 292 φιλεργοῦντι
407 232 485 286 τήν
512 231 755 286 κεραμεὼν.
776 228 836 273 ἐἰ
858 229 938 287 γάρ
962 247 1018 288 τῳ
1048 229 1120 271 καί
1143 227 1298 280 δόξειεν
1320 223 1428 268 εἶναι
1453 219 1570 277 τᾶμὰ
1582 229 1620 262 Α.
1639 228 1680 264 C.
1703 229 1771 273 554

121 299 230 343 νόθα
254 315 300 354 γε
324 297 381 348 ὥς
400 298 570 352 ἀληθῶς
599 295 672 337 καί
696 293 919 350 ἇνεμιαῖα,
962 295 1034 338 καὶ
1063 292 1131 338 οἷα
1157 295 1301 349 ψυχῆς
1330 293 1375 342 ἐς
1399 295 1574 333 πλεῖστα
1585 276 1652 312 LI·
1669 276 1712 310 ²8

121 365 394 421 μεριζομένης
421 363 642 417 κυήματα,
681 359 773 404 ἀλλ’
793 361 980 416 ἐμαυτὸν
1007 364 1108 417 γοῦν
1135 359 1236 410 ἴσως
1262 357 1482 416 ἆρέσκοιμι
1512 350 1576 408 ἂν,

123 426 312 485 καθάπερ
341 431 426 470 τῶν
453 425 638 486 ᾀδόντων
671 427 710 469 οἱ
739 425 1036 482 ἆμουσότατοι,
1076 427 1134 476 ὥς
1160 422 1212 468 ἂν
1252 427 1298 467 δὲ
1332 423 1391 480 μὴ
1431 438 1578 478 περαι-

95 496 229 550 5τέρω
248 492 458 550 ἐκδρομὰς
475 493 724 547 ποιούμενος
756 493 829 535 καί
847 494 1100 548 μεταβάσεις
1120 495 1162 541 ἐς
1179 489 1480 547 ἀπειροκαλίαν
1507 488 1577 528 ὲκ-

119 561 328 616 φέρεσθαι
367 558 559 612 δόξαιμι,
611 553 738 608 αὖθις
772 557 822 614 δὴ
859 558 1000 614 ἐζιιοιγε
1027 560 1110 602 τῶν
1142 558 1366 611 Κολχικῶν
1399 555 1571 610 ἀγώνων

123 623 198 666 καί
217 627 292 666 τοῦ
320 627 524 681 προτέρου
554 625 679 679 λόγου
707 627 984 680 μεταληπτέα.

179 714 184 718 ·
230 692 267 744 β’
271 722 283 733 .
346 688 450 733 Τότε
485 690 566 747 γὰρ
597 689 621 731 ὅ
655 688 876 746 Χοσρόης,
913 690 1161 745 ἦγγελμένον
1194 683 1312 745 αύτῷ
1346 685 1405 735 ὦς
1429 687 1682 740 reem—vsa

120 754 203 805 κῶς
235 755 300 812 εἴη
335 755 361 798 ὅ
395 753 674 812 Μερμερόης,
715 754 988 812 περιήλγησεν
1016 756 1125 809 μὲν,
1177 751 1315 809 ὥσπερ
1349 749 1482 803 εἰκὸς,
1523 752 1574 806 τῇ

67 824 318 880 ιοξυμφορᾷ
345 821 417 864 καί
436 822 604 878 ἠνιάθη·
633 821 691 870 ὥς
714 817 764 863 ἂν
787 823 834 863 δὲ
851 819 905 863 ui
929 822 974 863 ἐν
995 821 1167 877 Λαζικῇ
1186 817 1485 875 στρατεύματα
1512 815 1570 871 μὴ
1585 819 1612 852 C

125 887 349 943 χηρεύοιεν
379 887 600 943 ἡγεμόνος,
641 883 793 929 αύτίκα
828 883 897 942 ὅγε
931 883 1167 943 στρατηγὸν
1211 883 1285 927 τὸν
1321 881 1583 939 Ναχοραγοὶν

120 950 412 996 ἀναδείκνυσιν
422 986 435 1006 ,
480 948 616 1009 ἄνδρα
646 953 730 994 τῶν
759 953 929 1009 σφόδρα
961 951 1137 1006 λογιζιιων
1168 967 1212 992 τε
1245 949 1318 991 καὶ
1353 945 1583 1002 ὀνομαστο-

116 1018 264 1061 τάτων.
300 1017 374 1060 καί
401 1020 459 1075 τῷ
481 1020 561 1071 μὲν
588 1017 641 1060 τὰ
671 1021 715 1067 ές
744 1017 819 1073 τὴν
840 1018 1014 1074 πορείαν
1045 1015 1358 1074 παρεσκεύαστο
1391 1014 1463 1056 καί
1495 1009 1579 1069 ἤδη

118 1074 285 1140 ὲχῶρει.
315 1084 359 1126 ἐν
385 1078 418 1142 ᾧ
455 1085 502 1126 δὲ
537 1079 590 1140 ἧν
620 1085 775 1134 ἐκεῖνος
801 1085 848 1127 ἐν
876 1082 1063 1136 τούτοις,
1107 1081 1328 1139 παράλογα
1367 1077 1472 1123 ἅττα
1511 1081 1586 1121 καί

69 1145 290 1203 ι5ἇθεσμα
315 1151 361 1192 ἐν
382 1151 434 1206 τῇ
455 1148 638 1204 Κολχίδι
658 1149 779 1208 χώρᾳ
801 1152 964 1205 ξυνέβη.
999 1147 1144 1204 ἐπειδὴ
1179 1147 1258 1204 γὰρ
1287 1146 1326 1189 οἱ
1353 1147 1581 1200 εΡωμαῖοι,

117 1212 259 1272 ὥσπερ
294 1231 370 1270 μοι
401 1214 601 1272 πρότερον
627 1214 818 1273 ἐρ’ῥὴθη,
853 1213 1109 1258 ἀκλεέστατα
1154 1213 1382 1268 ἐτύγχανον
1421 1228 1581 1269 πεφευ-

119 1280 259 1336 γότες,
301 1281 374 1323 καί
405 1279 457 1322 τὰ
487 1280 714 1338 πράγματα
743 1281 791 1324 τὸ
829 1283 955 1339 μέρος
979 1283 1310 1338 καταπροέμενοι
1335 1285 1423 1329 τοῖς
1457 1283 1580 1320 πολε-

117 1346 250 1400 μίοις,
292 1348 334 1390 Γ
331 1345 514 1402 ουβάζης
545 1347 568 1388 ὁ
604 1350 686 1389 τῶν
713 1349 874 1399 Λαζῶν
894 1345 1119 1402 βασιλεύς,
1149 1344 1225 1388 ούκ
1252 1343 1421 1388 ἀνεκτὸν
1448 1345 1578 1400 ἡγού-

119 1428 244 1466 μενος
272 1411 318 1454 τὸ
355 1410 529 1466 αἶσχος,
572 1412 720 1462 δεδιώς
752 1415 797 1454 δὲ
820 1417 978 1467 μᾶλλον
1007 1414 1066 1468 μή
1099 1430 1141 1454 τι
1170 1411 1243 1454 καί
1273 1413 1381 1467 πέρα
1412 1409 1576 1452 τούτων

67 1478 417 1534 2οἁμιαρτηθειή,
455 1474 607 1520 αὖτίκα
638 1475 924 1537 Ἰουστινιανῷ
950 1478 1179 1534 ἐξήγγειλεν
1208 1479 1362 1520 ἕκαστα
1377 1511 1389 1530 ‚
1430 1481 1616 1517 καται-Ι)

119 1543 320 1598 τιώμενος
352 1542 452 1593 τούς
479 1543 712 1600 στρατηγοί
719 1561 739 1594 ς
749 1579 763 1599 ,
813 1547 887 1587 καί
913 1541 1028 1587 ἅπαν
1053 1544 1100 1586 τὸ
1137 1544 1382 1598 ’ξυνενεχθὲν
1412 1543 1472 1591 εἰς
1501 1540 1576 1597 τήν

209 1645 245 1690 4.
269 1640 529 1690 ιῖμουσότατοι
556 1645 616 1685 R.‚
642 1644 902 1692 ἀμουσότεροι
923 1646 1016 1691 vulg.
1102 1647 1135 1680 6.
1163 1641 1278 1681 αὖθις
1302 1644 1342 1678 δὲ
1362 1646 1404 1681 R.
1541 1646 1573 1679 8.

210 1688 395 1732 τεθνηκὸς
419 1691 457 1725 R.
483 1696 521 1724 et
543 1691 655 1736 Lugd.
802 1705 852 1726 ιι.
879 1683 1118 1737 Ναχοραγᾶν
1144 1694 1194 1732 R.‚
1221 1691 1469 1739 Ναχωραγᾶν
1480 1692 1573 1736 vulg.

215 1739 268 1773 16.
296 1736 435 1783 ἐρ’ῥέθη
447 1739 486 1770 R.
587 1750 638 1783 ¹7·
662 1740 750 1773 Bon.
764 1739 868 1774 Vulc.
894 1740 989 1773 coni.
1008 1737 1052 1772 τὸ
1078 1737 1206 1775 αὐτῶν
1227 1739 1355 1786 μέρος.
1521 1743 1573 1776 18·

210 1784 393 1829 Γουβάζης
417 1786 460 1823 R.
483 1789 521 1818 et
543 1785 676 1830 Lugd.,
699 1786 887 1832 Γουβάσης
911 1786 993 1820 edd.

117 1880 234 1915 sinam
306 1893 328 1917 o
349 1892 408 1915 me
429 1892 529 1914 amor
547 1879 651 1914 ducit
669 1882 792 1928 sequi3
826 1883 971 1916 etiamsi
998 1881 1133 1929 aliquis
1154 1892 1213 1916 me
1237 1881 1427 1916 cavilletur
1451 1885 1489 1915 et
1511 1892 1572 1915 re-

117 1927 256 1972 prehen
282 1933 338 1969 at,
362 1935 405 1962 ut
418 1930 555 1962 maiora
573 1929 663 1962 meis
682 1929 820 1962 viribus
839 1934 1044 1963 tentantem
1057 1954 1067 1970 ‚
1093 1934 1130 1963 et
1145 1931 1185 1963 in
1204 1941 1306 1970 orca,
1334 1928 1433 1974 quod
1455 1930 1572 1970 aiunt,

116 1975 302 2020 figulinam
333 1974 596 2012 addiscentem.
645 1976 807 2009 Tametsi
840 1977 938 2010 enim
972 1977 1107 2021 scripta
1136 1987 1218 2009 mea
1252 1976 1410 2021 cuipiam
1449 1976 1573 2020 spuria

117 2032 239 2054 revera
255 2026 294 2055 et
307 2021 551 2056 subventanea
570 2022 812 2064 videbuntur,
847 2028 884 2056 et
914 2023 1183 2070 quodammodo
1209 2023 1321 2056 animi
1351 2024 1390 2056 in
1414 2023 1572 2068 plurima

117 2066 283 2102 distracti
313 2069 451 2103 foetus:
485 2068 577 2103 mihi
601 2075 724 2102 tamen
753 2071 823 2115 ipsi
842 2070 1002 2111 interea,
1024 2071 1124 2116 quod
1145 2070 1325 2115 imperitis
1360 2069 1571 2103 cantoribus

121 2125 191 2147 usu
218 2115 341 2149 venire
370 2116 475 2157 solet,
501 2117 654 2150 fortasse
679 2128 754 2150 non
770 2116 1030 2162 displicebunt.
1088 2116 1136 2150 At
1155 2127 1239 2150 vero
1261 2128 1307 2150 ne
1342 2116 1570 2162 longioribus

116 2159 402 2206 digressionibus
425 2164 775 2209 excursionibusque
798 2163 969 2197 decorum
988 2163 1176 2205 excedam,
1202 2163 1248 2197 ad
1264 2164 1436 2198 Colchica
1452 2168 1571 2198 certa-

114 2209 214 2240 mina
237 2212 275 2242 et
295 2207 341 2242 ad
363 2209 521 2254 priorem
545 2221 735 2244 sermonen
758 2215 813 2243 est
836 2210 1075 2246 redeundum.

211 2265 242 2288 α.
269 2255 363 2289 Tum
373 2256 670 2298 enimChosroes‚
693 2269 771 2290 cum
781 2258 851 2301 ipsi
863 2258 1077 2291 Mermerois
1088 2258 1210 2292 obitus
1223 2257 1452 2291 renuntiatus
1462 2261 1570 2298 esset,

115 2299 291 2341 dolorem,
304 2306 347 2334 ut
358 2313 424 2347 par
436 2308 502 2344 est,
516 2314 560 2336 ex
581 2305 680 2337 illius
698 2305 850 2338 interitu
870 2310 907 2338 et
922 2316 1123 2338 moerorem
1134 2305 1314 2350 concepit.
1340 2304 1395 2338 Ne
1405 2316 1489 2338 vero
1503 2316 1567 2338 co-

112 2348 198 2392 piae
211 2347 398 2390 militares,
417 2351 560 2396 quaein
578 2351 706 2384 Lazico
725 2356 839 2391 erant,
855 2351 946 2385 duce
965 2358 1140 2393 carerent,
1154 2354 1322 2397 protinus
1333 2351 1568 2396 Nachoragan

114 2394 168 2427 eis
193 2394 394 2439 ¹praefecit,
413 2396 528 2430 virum
539 2397 707 2442 inprimis
739 2398 931 2438 celebrem,
958 2399 1180 2445 maximique
1199 2399 1370 2433 nominis.
1397 2399 1567 2443 Quicum

115 2441 190 2473 iam
207 2442 388 2485 apparatis
417 2441 524 2476 rebus
543 2444 711 2478 omnibus
730 2445 858 2478 itineri
875 2446 1058 2479 accinctus
1082 2451 1198 2487 esset,
1222 2446 1314 2479 mira
1333 2445 1512 2491 quaedam
1529 2450 1567 2478 et

114 2487 255 2520 nefaria
270 2489 311 2521 in
321 2487 491 2522 Colchica
502 2490 647 2535 regione
661 2491 882 2526 acciderunt.
908 2492 999 2526 Cum
1015 2496 1111 2526 enim
1121 2494 1287 2533 Romani,
1299 2498 1339 2525 ut
1349 2503 1456 2536 supra
1467 2491 1565 2524 dixi-

114 2543 207 2575 mus,
231 2535 439 2579 turpissima
463 2536 548 2581 fuga
573 2544 725 2582 arrepta,
742 2539 1085 2584 impedimentorum
1108 2546 1249 2585 partem
1280 2539 1446 2572 hostibus
1471 2538 1563 2571 diri-

112 2579 285 2624 piendam
300 2582 553 2627 reliquissent,
579 2583 755 2625 Gubazes,
778 2586 951 2619 Lazorum
976 2597 1042 2631 per
1074 2586 1113 2620 id
1132 2593 1273 2631 tempus
1294 2597 1378 2626 rex,
1404 2585 1562 2618 dedecus

114 2626 210 2661 illud
225 2639 300 2661 non
314 2628 503 2662 ferendum
529 2640 698 2671 censens,
723 2636 888 2666 metuens
912 2634 1031 2674 etiam,
1046 2645 1092 2667 ne
1111 2634 1201 2679 quid
1225 2633 1362 2677 gravius
1379 2633 1418 2665 in
1436 2636 1562 2677 poste-

114 2683 199 2706 rum*
213 2676 519 2716 committeretur,
545 2677 736 2711 confestim
756 2679 958 2713 Iustiniano
982 2681 1123 2725 singula
1142 2680 1336 2719 nuntiavit,
1387 2679 1561 2722 raefectos

114 2719 303 2762 incusans,
333 2723 524 2770 totiusque
557 2724 642 2758 sacti
669 2725 809 2771 culpam
838 2730 878 2761 in
909 2738 1034 2762 eorum
1071 2726 1275 2763 vecordiam
1309 2690 1490 2773 πράξει-οπως
1524 2730 1561 2760 et
